3000 4784
764 236 954 303 LIB.
1004 236 1156 303 VIL
1218 236 1439 303 CAP.
1489 244 1594 307 24.
2108 245 2236 305 423

122 382 309 433 extra
338 383 592 457 portam
620 371 949 458 Capenam
978 372 1061 435 ad
1086 371 1315 437 Martis
1343 372 1570 439 aedem
1599 372 1938 437 convenire
1969 386 2238 439 armatos
2258 390 2326 441 U.
2349 391 2408 439 C.
2433 406 2543 453 405·

120 457 415 521 iuniores
471 456 761 534 iussisset,
814 459 1121 558 signaque
1174 459 1399 523 eodem
1452 472 1814 546 quaestores
1864 482 1946 525 ex
1999 461 2237 525 aerario
2255 456 2316 505 A,
2351 456 2410 505 0·
2434 468 2544 516 347·

120 542 402 621 deferre,
502 557 755 609 uattuor
804 567 887 607 ex
932 544 1075 609 letis
1124 544 1499 633 legionibus,
1547 544 1724 632 quod
1767 545 2076 633 superfuit
2119 547 2240 611 mi·

120 628 332 706 litum,
380 630 462 694 P.
552 630 745 695 alerio
790 630 889 694 Pu
936 630 1155 695 licolae
1200 632 1473 718 praetori
1517 632 1818 708 tradidit3
1865 645 2086 699 auctor
2113 630 2239 697 Pa-

118 716 326 778 tribus
374 716 695 781 scribendi
740 716 998 781 alterius
1040 717 1373 795 exercitae,
1418 718 1596 804 quod
1641 718 1724 783 ad
1767 719 2042 785 incertos
2086 719 2238 784 belli

118 816 401 866 eventus
448 802 797 867 subsidium
842 801 1225 890 reipublicae
1270 816 1451 869 esset.
1543 803 1712 891 Ipse,
1749 804 1876 869 iam
1915 806 2066 869 satis
2099 828 2238 871 om-

118 888 313 951 nibus
345 889 676 953 instructis
704 890 1227 976 comparatisque,
1260 890 1342 953 ad
1377 890 1624 955 hostem
1659 892 1904 977 pergit:
1953 892 2133 956 cuius
2163 905 2237 957 ut

116 974 297 1059 prius
328 988 631 1039 nosceret
658 976 839 1051 vires,
872 998 1065 1061 quam
1092 975 1375 1063 periculo
1411 976 1636 1041 ultimo
1673 990 1984 1043 tentaret:
2031 978 2101 1041 in
2133 993 2234 1043 tu·-

116 1060 318 1137 mulo,
378 1083 579 1147 quem
636 1063 1002 1148 proximum
1059 1063 1275 1126 castris
1330 1061 1664 1127 Gallorum
1720 1086 1944 1149 capere
2001 1066 2232 1163 potuit,

116 1146 362 1210 vallum
426 1146 659 1212 ducere
716 1148 945 1234 coepit.
1041 1147 1221 1213 Gens
1271 1148 1451 1213 ferox
1509 1161 1576 1213 et
1631 1149 1874 1235 ingenii
1923 1150 2093 1215 avidi
2151 1150 2234 1215 ad

115 1254 437 1319 pugnam,
492 1257 711 1320 quum,
764 1232 987 1321 procul
1037 1234 1185 1297 visis
1239 1234 1678 1299 Romanorum
1731 1235 1944 1321 signia,
1997 1248 2071 1300 ut
2121 1260 2234 1301 ex-

118 1320 369 1405 templo
430 1320 743 1407 proelium
802 1321 1055 1397 initura,
1116 1320 1526 1407 explicuisset
1581 1321 1822 1397 aciem3
1897 1334 2234 1408 postquam

116 1426 335 1491 neque
384 1406 459 1469 in
502 1428 779 1493 aequum
813 1406 1068 1471 demitti
1112 1429 1342 1493 agmen
1368 1406 1550 1484 vidit,
1581 1420 1648 1472 et
1689 1429 1891 1493 quum
1931 1407 2054 1471 loci
2093 1407 2236 1471 alti-

114 1490 373 1570 tudine,
408 1506 549 1557 tum
587 1492 751 1557 vallo
791 1493 985 1557 etiam
1024 1492 1225 1579 integi
1258 1492 1602 1571 Romanos,
1643 1492 1963 1580 perculsos
2002 1516 2232 1581 pavore

116 1590 273 1655 rata,
305 1578 505 1643 simul
544 1580 1044 1667 opportunioreS,
1078 1578 1255 1665 quod
1286 1579 1520 1643 intenti
1560 1593 1698 1645 tum
1737 1580 2014 1645 maxime
2055 1580 2234 1667 operi

116 1678 355 1742 essent,
404 1666 571 1729 truci
612 1665 885 1730 clamore
930 1665 1307 1753 aggreditur.
1404 1664 1512 1730 Ab
1558 1665 1867 1731 Romanis
1908 1689 2030 1731 nec
2072 1690 2232 1754 opus
2251 1678 2532 1755 Vincuntur

118 1748 578 1828 intermissum,
620 1750 849 1838 (triarii
892 1764 1093 1829 erant,
1134 1752 1247 1838 qui
1294 1752 1700 1840 muniebant)
1741 1764 1809 1816 et
1854 1753 1934 1817 ab
1971 1753 2232 1819 hastatis
2249 1743 2513 1858 gffih'fted

119 1836 670 1924 principibusque,
730 1838 845 1924 qui
897 1860 1019 1937 pro
1084 1838 1507 1903 munitoribus
1572 1838 1805 1904 intenti
1877 1840 2230 1928 armatique
2353 1824 2416 1858 ω
2463 1824 2530 1860 ‘³⁷‘

121 1934 456 2001 steterant,
480 1923 793 2011 proelium
822 1924 1072 1999 initum.
1149 1923 1411 1989 Praeter
1436 1926 1738 1991 virtutem
1767 1923 1942 1991 locus
1971 1949 2230 2014 quoque

120 2011 415 2093 superior
454 2010 713 2087 adiuvit,
748 2021 822 2074 ut
848 2010 979 2097 pila
1006 2011 1221 2075 omnia
1246 2011 1590 2097 hastaeque
1621 2035 1772 2088 non,
1807 2024 2108 2099 tanquam
2149 2036 2232 2079 ex

124 2115 331 2181 aequo
393 2096 601 2173 missa,
654 2119 819 2161 vana
874 2096 1081 2184 (quod
1140 2096 1516 2183 plerumque
1575 2098 1680 2183 fit)
1735 2097 2058 2175 caderent,
2117 2098 2233 2163 sed

106 2182 343 2245 ⁴omnia
372 2182 601 2247 librata
626 2182 1013 2269 ponderibus
1034 2184 1417 2269 figerentur;
1459 2183 1832 2268 oneratique
1863 2183 2006 2247 telis
2032 2182 2226 2261 Galli,

124 2268 359 2349 quibus
390 2282 503 2333 aut
528 2292 791 2356 corpora
820 2270 1139 2345 transfixa,
1170 2283 1280 2333 aut
1315 2281 1721 2355 praegravata
1753 2268 2229 2335 inhaerentibus

126 2355 439 2435 gerebant
470 2368 665 2433 scuta,
698 2379 899 2443 quum
939 2378 1129 2420 cursu
1166 2378 1369 2442 paene
1410 2356 1480 2418 in
1520 2354 1853 2419 adversum
1892 2356 2224 2434 subissent,

128 2439 333 2521 primo
380 2441 611 2506 incerti
657 2444 983 2506 restitere:
1032 2441 1205 2518 dein,
1237 2464 1439 2527 quum
1481 2442 1620 2527 ipsa
1659 2442 1981 2505 cunctatio
2025 2454 2091 2506 et
2133 2442 2232 2507 his

128 2524 375 2592 animos
410 2528 759 2604 minuisset,
790 2543 857 2593 et
896 2528 1173 2592 auxisset
1207 2527 1394 2603 hosti,
1426 2526 1682 2627 impulsi
1709 2540 1879 2591 retro
1909 2549 2092 2591 ruere
2121 2527 2231 2591 alii

126 2632 195 2673 su
282 2636 317 2677 r
350 2614 524 2691 alios,
555 2628 825 2715 stragem
874 2636 954 2679 ue
984 2614 1153 2677 inter
1186 2635 1253 2677 se
1288 2613 1481 2677 caede
1519 2636 1656 2700 ipsa
1681 2612 2028 2677 foediorem
2057 2612 2226 2679 dare.

130 2696 193 2759 A
238 2722 318 2764 eo
372 2700 703 2788 praecipiti
754 2714 861 2765 tur
904 2724 944 2765 a
992 2700 1207 2764 obtriti
1257 2698 1489 2786 plures,
1539 2722 1730 2799 quam
1781 2699 1948 2763 ferro
2001 2699 2224 2765 necati.

132 2780 433 2851 Necdum
462 2800 635 2853 certa
665 2786 973 2852 Romanis
999 2786 1265 2851 victoria
1290 2798 1462 2851 erat:
1513 2786 1634 2849 aha
1673 2786 1741 2849 in
1780 2808 1918 2851 cam
1965 2808 2076 2851 um
2115 2786 2230 2851 de·
2342 2795 2444 2854 24.

129 2874 357 2953 gressis
412 2886 737 2960 supererat
796 2872 1010 2937 moles·
1120 2872 1419 2960 Namque
1478 2872 1820 2937 multitudo
1939 2872 2225 2953 allorum,

130 2976 387 3023 sensum
427 2982 683 3025 omnem
724 2959 863 3025 talis
898 2959 1117 3023 damni
1154 2982 1559 3046 exsuperans,
1589 2960 1768 3023 velut
1805 2982 1972 3024 nova
2014 2982 2229 3033 rursus

130 3046 459 3109 exoriente
490 3046 645 3123 acie,
676 3046 996 3132 integrum
1024 3044 1291 3110 militem
1320 3046 1618 3111 adversus
1647 3046 1950 3111 victorem
1979 3046 2228 3112 hostem

132 3127 358 3196 ciebat.
452 3131 641 3197 Stetit
688 3155 769 3196 ue
826 3154 1157 3219 suppresso
1214 3133 1461 3219 impetu
1519 3132 1884 3209 Romanus3
1953 3145 2018 3197 et
2123 3134 2231 3198 uia

132 3210 365 3281 iterum
392 3217 569 3283 fessis
602 3241 679 3283 su
720 3217 935 3283 eunda
963 3217 1285 3282 dimicatio
1315 3229 1468 3294 erat,
1499 3230 1567 3281 et
1595 3217 1770 3302 quod
1797 3218 2039 3293 consul,
2117 3240 2229 3281 um

104 3296 296 3367 :inter
337 3304 641 3390 primores
679 3304 971 3369 incautus
1006 3304 1220 3389 agitat,
1250 3303 1429 3368 laevo
1469 3304 1738 3367 humero
1777 3302 2000 3365 matari
2030 3324 2227 3389 prope

134 3389 413 3467 traiecto,
445 3404 713 3455 cesserat
751 3412 1091 3478 parumper
1130 3412 1213 3454 ex
1252 3390 1405 3453 acie.
1497 3387 1764 3473 Iamque
1805 3388 2035 3453 omissa
2073 3412 2230 3453 cun·-

136 3476 366 3540 ctando
416 3476 679 3541 victoria
728 3490 883 3554 erat,
937 3499 1137 3563 quum
1190 3474 1433 3552 consul,
1484 3472 1746 3537 vulnere
1805 3472 2080 3561 alligato,
2133 3497 2231 3539 re·

200 3738 227 3785 5
260 3727 345 3774 Ad
362 3728 550 3775 illarii-s
578 3728 769 3786 aedem]
818 3726 879 3775 cf.
903 3726 1045 3789 Supr.
1084 3724 1143 3773 vi.
1210 3724 1375 3771 habile
1396 3722 1549 3781 iactu,
1571 3723 1702 3783 quod
1733 3723 1866 3772 idem
1900 3726 2116 3786 pondere
2137 3742 2226 3776 suo

141 3798 181 3845 5.
204 3786 310 3838 infr.
334 3806 381 3839 x.
407 3805 433 3837 2
440 3804 483 3852 3.
1210 3788 1359 3835 scutis
1376 3786 1584 3835 Gallicis
1596 3785 1868 3848 inhaerens,
1885 3796 1936 3837 et
1953 3789 2076 3839 vires
2091 3804 2225 3853 prae-

198 3850 229 3898 6
260 3854 461 3901 Libram
496 3854 817 3915 pandet-ibus]
874 3852 991 3915 Ipso
1026 3868 1145 3915 pon-
1208 3858 1429 3915 gravaret
1449 3858 1499 3899 et
1523 3866 1724 3914 corpora
1755 3852 2021 3914 aliquando
2049 3855 2228 3903 ictibus

141 3911 250 3962 dere
278 3917 445 3965 adiuta
466 3924 521 3965 ut
542 3917 861 3979 dirigerentur
881 3917 1074 3975 certius,
1096 3923 1147 3965 et
1210 3915 1423 3963 hostium
1468 3916 1603 3963 nuda
1651 3918 1924 3978 praeberet,
1967 3919 2228 3967 necessitas

138 3979 323 4035 gravius
336 3980 651 4043 infigerentur
665 3980 959 4043 corporibus.
984 3982 1143 4030 Cassv.
1210 3980 1319 4042 ipsa
1338 3977 1642 4027 ministravit.

140 4040 305 4091 Pilum
324 4044 523 4105 quidem
550 4044 603 4092 in
626 4060 767 4093 usum
790 4060 871 4106 ap.
896 4045 1146 4093 Romanos
1277 4054 1303 4105 7
1326 4044 1548 4103 Mutari]
1587 4042 1700 4093 Sive
1715 4046 1902 4093 maceri.
1962 4043 2077 4091 Hoc
2093 4042 2224 4089 enim

142 4104 318 4155 venisse
348 4108 597 4157 existimat
630 4108 836 4157 Niebhr.
870 4108 937 4158 iii.
962 4124 1009 4170 p.
1038 4122 1143 4156 121.
1208 4109 1357 4155 modo
1374 4108 1551 4170 legitur
1565 4106 1688 4155 haec
1703 4122 1797 4153 vox
1813 4122 1846 4153 a
1881 4106 1946 4153 ud
1970 4106 2228 4165 plerosque

140 4163 230 4215 hoc
264 4171 451 4220 exciter
484 4178 699 4234 tempus,
730 4173 925 4233 quando
957 4174 1147 4221 kastam
1210 4171 1479 4233 scriptores.
1531 4170 1714 4241 Telum
1729 4168 1826 4215 fuit
1839 4122 2099 4217 gallorum
2119 4181 2227 4228 pro-

141 4230 279 4281 nimis
323 4237 521 4298 longam
570 4250 731 4298 neque
774 4236 890 4285 satis
932 4236 1146 4285 validam
1248 4234 1391 4293 rium,
1419 4234 1483 4281 ad
1513 4232 1743 4293 longioris
1775 4232 1974 4279 lanceae
2005 4230 2228 4305 tonnam·

143 4308 241 4345 esse
266 4300 328 4348 ad
356 4299 571 4362 impetus
596 4300 857 4349 Gallorum
884 4300 1145 4362 repr-imen—
1262 4298 1329 4347 id.
1371 4298 1516 4347 Voss.
1553 4296 1616 4345 de
1655 4292 1785 4345 vitiis
1823 4308 2074 4355 semonia,
2108 4308 2142 4346 ι.
2181 4308 2228 4343 2.
2393 4308 2424 4340 x

144 4356 227 4407 dos
246 4363 550 4425 exploratum
575 4370 719 4425 esset,
734 4369 785 4412 et
806 4364 961 4412 telum
994 4360 1149 4423 magis
1211 4362 1373 4413 esav.
