3000 4784
725 212 856 275 394
1499 206 1726 273 TITI
1786 205 2061 272 LIVII

403 355 470 404 U.
494 356 554 405 C.
579 357 688 417 387.
729 348 751 379 ⁶
767 342 822 405 si
849 362 998 405 cum
1027 341 1276 405 duobus
1309 340 1590 428 patriciis
1620 364 1787 406 unus
1824 341 2080 428 petierit
2116 339 2453 428 plebeius,
2486 352 2563 405 et
2598 338 2729 425 lege
2750 360 2811 410 ἃ,

400 419 462 469 Ᾰ·
495 420 554 468 0·
579 418 692 483 365·
731 435 751 465 ⁶
772 450 903 492 non
960 427 1276 514 suffragio,
1332 444 1617 491 creatum
1666 426 1839 492 dicat
1854 428 1885 491 Ρ
1974 426 2326 502 Quomodo
2394 438 2817 522 extorqueant,

494 487 601 545 41.

731 522 751 551 6
772 535 904 577 non
943 512 1266 599 quomodo
1309 525 1534 600 petant
1574 514 1866 591 honores,
1908 526 2257 600 quaerunt:
2304 526 2389 577 et
2438 514 2545 577 ita
2588 531 2821 575 maxim

728 607 748 637 ⁶
767 611 918 663 sunt
956 598 1268 685 adepturi,
1311 612 1383 663 ut
1411 598 1576 664 nihil
1612 622 1697 664 ne
1737 621 1854 686 pro
1893 599 2173 663 minimis
2200 598 2497 685 quidem
2544 598 2847 667 debeant31

730 693 752 723 ⁶
771 700 838 749 et
855 683 1290 751 occasionibus
1299 686 1537 785 potius,
1550 708 1743 773 quam
1760 686 2012 763 virtute,
2032 698 2249 785 petere
2266 685 2581 749 honores
2598 682 2823 747 malunt

730 780 749 809 ⁶
769 769 886 834 Est
921 771 1168 870 aliquis,
1207 794 1319 857 qm
1353 794 1420 835 se
1463 772 1715 859 inspici,
1746 772 2061 836 aestimari
2100 771 2437 847 fastidiat3
2492 770 2621 856 qui
2660 780 2830 833 certos

729 866 748 895 ⁶
765 856 885 921 sibi
931 879 1044 921 um
1095 857 1368 922 honores
1420 858 1588 923 inter
1632 858 2009 922 dimicantes
2052 857 2531 943 competitores
2586 873 2829 939 aequum

729 950 1019 1009 ‘censeat
1047 966 1218 1020 esse3
1265 944 1379 1043 qui
1407 968 1474 1009 se
1504 944 1762 1008 arbitrio
1790 958 1999 1009 vestro
2016 943 2289 1019 eximat3
2394 944 2479 1006 ui
2514 954 2832 1005 vestrane-

729 1036 750 1066 ⁶
765 1028 1032 1093 cessaria
1051 1030 1348 1115 suffragia
1375 1052 1490 1117 pro
1520 1030 1907 1107 voluntariis,
1931 1042 2000 1094 et
2028 1052 2207 1093 serva
2234 1051 2353 1116 pro
2412 1027 2631 1093 iberis
2644 1024 2829 1095 facim

729 1124 746 1152 ⁶
765 1116 989 1181 omitto
1024 1115 1348 1180 Licinium
1391 1115 1830 1201 Sextiumque,
1908 1137 2135 1180 uorum
2174 1138 2383 1179 annos
2428 1115 2511 1177 in
2552 1122 2863 1199 perpetum

729 1209 747 1238 ‘
765 1214 1093 1289 potestate,
1137 1214 1440 1301 tanquam
1485 1224 1707 1288 regum
1750 1203 1819 1265 in
1930 1200 2211 1288 apitoli0,
2246 1200 2671 1265 numeratis:
2716 1192 2860 1280 quis³

728 1296 748 1325 ⁶
765 1301 862 1353 est
889 1288 1082 1353 hodie
1111 1289 1182 1351 in
1219 1288 1472 1353 civitate
1514 1301 1645 1351 tam
1674 1287 1951 1364 humilis,
1983 1286 2087 1351 cui
2122 1309 2255 1351 non
2282 1286 2389 1350 via
2422 1285 2524 1350 ad
2566 1278 2829 1349 consula·

729 1382 748 1411 ⁶
768 1386 904 1438 tum
954 1374 1197 1438 facilior
1239 1396 1356 1461 per
1399 1374 1582 1438 istius
1624 1372 1782 1460 legis
1824 1374 2238 1449 occasionem,
2285 1394 2501 1457 quam
2552 1368 2760 1463 nobis·
2774 1384 2833 1461 qe

729 1468 749 1496 ⁶
771 1458 981 1523 liberis
1025 1461 1271 1537 nostris,
1318 1460 1480 1525 fiat?
1538 1460 1593 1523 si
1636 1459 1899 1545 quidem
1942 1481 2077 1535 nos,
2124 1481 2208 1522 ne
2254 1480 2473 1545 quum
2522 1454 2829 1519 voluenns

729 1553 750 1581 ⁶
765 1545 1048 1644 quidem,
1078 1568 1288 1610 creare
1320 1545 1643 1611 interdum
1669 1544 1991 1632 poteritis3
2040 1546 2209 1622 istOS,
2241 1545 2443 1609 etiam
2480 1543 2543 1607 si
2574 1534 2833 1633 nolucii·

728 1638 747 1667 ⁶
765 1644 864 1707 tis,
896 1654 1150 1697 necesse
1180 1632 1278 1697 sit.
1371 1632 1475 1696 De
1507 1632 1887 1719 indignitate
1916 1631 2065 1695 satis
2092 1630 2337 1695 dictum
2368 1642 2481 1695 est
2502 1654 2523 1693 z
2578 1626 2827 1713 (etemm

726 1716 1038 1802 ‘dignitas
1075 1717 1158 1781 ad
1197 1717 1490 1783 homines
1526 1719 1835 1818 pertinet)
1874 1717 2033 1803 quid
2066 1716 2149 1780 de
2184 1716 2625 1803 religionibus
2658 1724 2825 1805 atque

728 1810 749 1838 ⁶
765 1803 1078 1887 auspiciis,
1124 1825 1287 1901 quae
1331 1825 1589 1891 propria
1629 1804 1893 1869 deorum
1938 1802 2387 1867 immortalium
2436 1806 2821 1880 contempno

730 1894 750 1924 ⁶
765 1901 956 1973 atque
985 1887 1217 1951 iniuria
1243 1901 1360 1964 est,
1391 1888 1656 1975 loquar?
1700 1889 2024 1976 Auspiciis
2052 1889 2221 1953 hanc
2248 1890 2481 1953 urbem
2516 1882 2823 1974 conditu?

730 1980 750 2010 ⁶
770 1994 925 2049 esse,
957 1972 1250 2061 auspiciis
1278 1973 1448 2038 bello
1475 1998 1550 2039 ac
1579 1999 1757 2062 pace,
1782 1976 1957 2040 domi
1985 1974 2397 2061 militiaeque,
2424 1971 2661 2039 omnia
2680 1985 2817 2064 3331112

728 2066 749 2096 ⁶
771 2059 914 2145 quis
952 2072 1065 2137 est,
1108 2060 1222 2147 qui
1267 2061 1568 2147 ignoret?
1654 2062 1863 2127 Penes
1902 2084 2063 2147 quos
2108 2062 2303 2147 igitur
2346 2072 2511 2124 sunt
2740 2136 2754 2149 ·

730 2154 750 2183 ⁶
771 2168 945 2210 more
1003 2145 1363 2211 maiorum?
1436 2170 1582 2211 nem
1632 2171 1689 2225 e,
1741 2170 1941 2233 penes
1999 2147 2258 2211 Patres:
2328 2168 2485 2210 nam
2599 2140 2821 2205 lebems

731 2241 750 2270 ⁶
773 2232 1033 2318 quidem
1065 2233 1463 2319 magistratus
1491 2256 1537 2297 n
1631 2256 1703 2297 us
1730 2233 2055 2319 auspicato
2083 2244 2351 2297 creatur.
2428 2230 2549 2296 No
2592 2229 2649 2291 is
2674 2220 2813 2288 adeo

731 2326 750 2355 ⁶
771 2318 1028 2402 propria
1066 2330 1216 2382 sunt
1259 2318 1556 2405 auspicia,
1588 2332 1660 2382 ut
1702 2342 1835 2383 non
1878 2319 2103 2395 solum,
2135 2340 2297 2405 quos
2334 2316 2624 2405 populus
2664 2314 2817 2374 creat

728 2411 748 2440 6
769 2402 1063 2488 patricios
1107 2405 1525 2491 magistratus,
1566 2426 1699 2468 non
1740 2404 1942 2482 aliter,
1982 2426 2176 2492 quam
2222 2404 2573 2491 auspicato,
2616 2404 2807 2463 emet?

728 2496 749 2527 ⁶
770 2488 882 2553 sed
912 2512 1029 2553 nos
1057 2512 1314 2576 quoque
1345 2491 1465 2577 ipsi
1499 2491 1635 2555 sine
1666 2491 1964 2577 suffragio
2003 2490 2222 2577 populi
2264 2490 2597 2576 auspicato
2634 2484 2813 2578 inten-

729 2582 750 2612 6
769 2598 984 2662 regem
1012 2576 1372 2661 prodamuS,
1403 2589 1470 2641 et
1496 2576 1793 2663 privatim
1822 2576 2103 2665 auspicia
2128 2576 2495 2653 habeamus,
2528 2591 2705 2666 quae.
2718 2576 2805 2628 1811

729 2669 748 2698 ⁶
769 2684 852 2725 ne
899 2663 968 2725 in
1009 2662 1474 2747 magistratibus
1514 2662 1772 2747 quidem
1824 2663 2079 2727 habent.
2176 2661 2354 2737 Quid
2394 2661 2595 2747 igitur
2630 2646 2805 2720 alludo

727 2755 748 2783 ⁶
769 2769 960 2832 quam
1014 2746 1180 2811 tollit
1229 2770 1311 2813 ex
1363 2748 1615 2813 civitate
1669 2748 1964 2848 auspicia,
2012 2748 2145 2899 ςέιὶ,
2198 2748 2483 2835 plebeios
2534 2735 2806 2810 consul&

725 2841 746 2869 6
767 2832 1062 2908 creand0,
1105 2855 1144 2895 a
1182 2833 1494 2911 PatribuS,
1528 2834 1641 2921 qui
1684 2834 1801 2899 soh
1844 2857 1923 2899 ea
1962 2834 2047 2898 ha
2090 2857 2195 2899 ere
2238 2846 2527 2921 possunt,
2570 2816 2801 2915 auffert?

725 2925 744 2954 6
769 2914 1054 2979 Eludant
1093 2940 1266 2982 nunc
1314 2918 1466 2983 licet
1510 2919 1865 3007 religiones.
1960 2920 2141 2995 Quid
2186 2920 2359 2983 enim
2404 2932 2521 2997 est,
2564 2916 2621 2981 si
2662 2903 2837 3003 pul11⁴

724 3009 744 3039 ⁶
765 3022 898 3064 non
1077 3004 1309 3066 entur?
1352 3006 1405 3067 si
1435 3027 1518 3068 ex
1547 3028 1742 3070 cavea
1770 3005 2008 3071 tardius
2030 3005 2347 3071 exierint?
2390 3004 2443 3069 si
2472 3001 2828 3069 occinuents

725 3097 744 3126 6
765 3087 896 3153 avis
1022 3087 1228 3153 Parva
1255 3103 1404 3153 sunt
1431 3089 1629 3155 haec:
1678 3091 1793 3155 sed
1820 3114 2013 3179 parva
2038 3092 2159 3156 ista
2187 3114 2317 3155 non
2348 3076 2797 3156 contemnendo

793 3318 812 3351 1
853 3306 919 3353 Ut
940 3305 1072 3353 nihil
1087 3320 1151 3353 ne
1167 3320 1262 3366 pro
1281 3306 1493 3353 minimis
1515 3304 1733 3367 quidem]
1800 3319 1986 3366 regum,
2022 3319 2110 3367 per
2146 3318 2321 3353 novem
2360 3304 2617 3353 continuos
2650 3298 2793 3365 01²³}ss

725 3368 806 3416 Ita
825 3368 1074 3429 accepturi
1103 3374 1218 3415 sunt
1249 3369 1578 3427 consulatum,
1600 3368 1736 3429 quasi
1802 3368 2087 3429 Capitolino
2120 3368 2293 3429 parieti
2324 3368 2515 3425 affixos,
2538 3364 2785 3415 numerum·

721 3432 846 3494 lege,
875 3446 972 3479 non
1003 3431 1247 3493 suffragio,
1273 3438 1329 3479 ut
1361 3447 1448 3493 pro
1481 3437 1619 3479 tanto
1652 3431 1735 3478 ho-
1804 3432 1970 3480 Huius
1996 3432 2092 3481 loci
2114 3448 2147 3480 a
2166 3432 2363 3480 nemine
2385 3432 2481 3479 huc
2501 3443 2651 3493 usque
2668 3418 2787 3471 intel·

720 3510 838 3543 nore
882 3510 1076 3556 prorsus
1119 3494 1242 3542 nihil
1279 3494 1489 3543 debituri
1528 3495 1641 3554 sint,
1674 3508 1737 3542 nc
1802 3494 1918 3543 lecti
1952 3496 2080 3543 hanc
2112 3495 2561 3558 interpretationem
2584 3492 2788 3541 debemu-

721 3564 914 3606 tantum
937 3558 1154 3619 quidem,
1177 3566 1413 3619 quantum
1443 3574 1531 3621 pro
1564 3574 1616 3605 re
1646 3557 1739 3605 mi-
1802 3558 1881 3607 cl.
1903 3558 2191 3607 Dodwello:
2226 3574 2371 3620 quem
2398 3559 2508 3607 vide
2532 3556 2717 3606 Dioeert-
2732 3546 2783 3592 ‘³²

721 3622 856 3668 nima
877 3626 929 3669 et
949 3622 1087 3683 parvi
1109 3622 1268 3683 pretii.
1303 3624 1632 3671 cmi-umus.
1802 3622 1971 3683 Cyclis
1994 3622 2207 3671 Roman.
2230 3638 2279 3671 x.
2303 3622 2331 3679 g
2358 3622 2432 3683 76.
2460 3624 2618 3671 Cnsv.
2743 3671 2753 3681 ‚

786 3698 814 3730 α
849 3687 1066 3741 Quorum
1091 3702 1248 3735 annos
1281 3720 1292 3734 .
1318 3721 1330 3733 .
1356 3721 1369 3734 .
1402 3689 1459 3733 in
1481 3686 1737 3747 Capitolio,
1876 3700 1904 3747 3
1943 3688 2133 3747 Requm
2172 3688 2231 3733 in
2272 3687 2537 3748 capitolio]
2590 3683 2705 3733 0⁶2⁰
2740 3685 2783 3719 ¹¹⁸

719 3749 1013 3805 nummatis]
1054 3747 1299 3796 Videntur
1319 3749 1440 3796 haec
1462 3750 1733 3811 intelligen-
1799 3748 2049 3811 Capitolio
2090 3753 2292 3808 statuas,
2326 3756 2516 3811 septem
2556 3756 2707 3809 regum
2738 3740 2781 3783 εἴ

721 3809 786 3856 da
806 3809 868 3856 de
891 3810 1042 3857 clavis
1073 3812 1264 3858 numeri
1296 3827 1535 3859 annorum
1565 3812 1733 3860 indici·
1798 3826 1949 3861 unam
1974 3813 2135 3872 Bruti,
2151 3818 2422 3861 exstructas
2442 3813 2587 3861 fixisse
2606 3808 2777 3858 tumtur

719 3874 827 3931 bus,
859 3873 922 3920 de
953 3872 1130 3933 quibus
1163 3873 1269 3922 Liv.
1301 3874 1411 3923 infr.
1438 3875 1516 3923 vii.
1543 3890 1585 3936 3.
1656 3876 1737 3925 Ibi
1801 3876 1917 3924 Dio.
1942 3876 2063 3925 xliii.
2088 3892 2134 3939 p.
2160 3876 2268 3925 226.
2302 3877 2503 3925 Sueten.
2538 3875 2633 3925 Iul.
2660 3869 2777 3918 0⁸0¹·

721 3936 806 3985 ille
829 3936 972 3983 docet
1002 3935 1195 3984 clavum
1217 3938 1477 3998 quotannis
1510 3938 1593 3999 figi
1625 3939 1735 3987 soli-
1804 3938 1879 4001 76.
1914 3940 1975 3988 cf.
2004 3940 2131 3988 Plin.
2157 3940 2225 3987 H.
2247 3940 2313 3988 N.
2337 3940 2507 3988 xxxiii.
2534 3955 2575 3989 ι.

721 4005 824 4051 tum
871 4000 1042 4048 dextro
1087 4000 1228 4049 lateri
1271 4000 1407 4049 aedis
1446 4001 1580 4050 Iovis
1615 4004 1735 4065 Opt.
1865 4020 1895 4063 4
1926 4005 1984 4051 δί
2010 4004 2142 4066 pulli
2162 4020 2263 4053 non
2288 4005 2582 4066 pacantur]
2622 4001 2692 4049 De
2706 4005 2773 4041 ⁸¹¹·

721 4064 859 4114 Max.
893 4063 1737 4128 Eum,inquit‚01avum‚quiamm
1800 4066 1972 4129 spicio,
2004 4068 2134 4129 quod
2172 4082 2201 4114 e
2239 4066 2389 4129 pullis
2420 4062 2689 4141 gallinaceis
2714 4070 2777 4104 0⁸-

713 4146 808 4193 por
835 4144 895 4179 ea
927 4136 1142 4191 tempora
1172 4130 1344 4177 literae
1377 4137 1539 4187 erant,
1571 4138 1734 4180 notam
1798 4136 1937 4193 ptare
1969 4132 2191 4180 solebant
2224 4130 2459 4189 Romam,
2497 4129 2592 4179 vid.
2622 4124 2715 4177 inst·
2735 4132 2775 4165 ¹0

719 4196 912 4243 numeri
933 4208 1176 4241 annorum
1184 4195 1349 4254 suisne
1358 4194 1555 4252 serum.
1615 4196 1737 4245 Sen-
1798 4210 1875 4254 40.
1912 4195 2072 4243 Gnsv.

719 4272 801 4304 sus
843 4256 990 4317 igitur
1031 4256 1178 4305 huius
1220 4256 1314 4305 loci
1354 4257 1474 4305 erit:
1526 4273 1731 4321 quorum
1863 4270 1890 4319 5
1924 4260 1980 4306 Si
2002 4260 2267 4307 ominum-ie
2286 4260 2419 4318 avit]
2456 4256 2501 4307 E
2523 4262 2663 4306 cantu
2680 4260 2773 4325 ‘1¹1⁰‘

718 4333 870 4365 annos
893 4320 940 4367 in
964 4326 1203 4381 perpetua
1225 4326 1482 4382 potestate,
1497 4327 1729 4383 tanquam
1797 4336 1893 4381 que
1914 4321 2077 4369 avium
2112 4322 2277 4370 omina
2308 4322 2399 4369 sibi
2432 4322 2565 4369 laeta
2594 4320 2772 4369 triam*
