3000 4784
719 189 854 251 308
1495 182 1722 250 ΤΙΤΙ
1776 180 2049 249 LIVII

401 331 472 395 U.
495 332 554 381 C.
579 336 688 395 358·
732 330 750 359 ‘
771 320 929 398 dari,
949 332 1040 397 ut,
1059 320 1112 384 si
1141 320 1255 407 qui
1283 320 1633 385 iuventutis
1660 342 1810 385 suae
1833 318 2159 385 voluntate
2188 317 2273 384 ad
2300 318 2371 383 id
2392 316 2637 383 bellum
2658 332 2826 394 eant,

400 398 462 460 24·
497 398 557 447 0·
582 412 692 461 394·
731 416 752 445 ‘
775 430 906 471 non
935 406 1326 493 impediant)
1413 406 1583 471 Eum
1615 429 1919 495 magnum
1946 406 2275 471 advenisse
2292 405 2575 470 hostium
2604 428 2827 470 nume-
2927 466 2928 487 ᾗ

729 516 893 570 rum,
922 493 1092 557 fama
1135 493 1380 559 Romae
1425 506 1593 558 erata
1643 516 1848 580 eoque
1892 492 2223 557 mitescere
2268 491 2625 557 discordiae
2668 492 2829 556 inte-
2927 492 2928 531 ἕ

729 580 934 645 stinae
964 593 1143 645 metu
1171 581 1518 657 communi,
1550 593 1623 644 ut
1650 581 1743 658 fit,
1774 592 2057 666 coeptae.
2927 632 2928 635 ,

820 666 1016 731 Haud
1057 667 1269 731 invitis
1298 667 1594 732 Patribus
1623 665 1697 731 P.
1721 666 2044 731 Licinium
2078 664 2351 730 Calvum
2392 664 2869 765 praerogativas
2927 668 2928 749 f

405 748 671 860 Pii-Licinio
729 754 1055 817 tribunum
1090 752 1365 817 militum
1403 775 1535 817 non
1580 764 1905 839 petentem
1949 764 2187 828 creant,
2222 750 2685 815 moderationis
2724 774 2832 815 ex·
2927 774 2928 837 3

401 820 679 926 ἷῃνξῗέζω
729 852 946 927 pertae
977 840 1044 903 in
1074 839 1282 927 priore
1307 863 1372 903 m
1454 841 1677 903 istratu
1696 839 1924 915 virum,
1942 850 2229 903 ceterum
2257 838 2383 902 iam
2402 850 2547 901 tum
2568 850 2831 903 exactae
2927 844 2928 855 ‘

403 939 515 989 Mil.
642 990 650 997 ,
731 926 987 990 aetatis:
1037 948 1226 991 omne
1301 862 1643 992 ueaffieince
1688 949 1719 989 s
1746 948 1829 989 ex
1860 924 2130 1011 collegio
2158 923 2445 988 eiusdem
2473 924 2633 989 anni
2656 924 2827 989 refici
2844 954 2872 1002 9
2927 922 2928 991 3

727 1036 768 1077 a
811 1014 1091 1101 parebat,
1154 1012 1230 1076 L.
1322 1012 1599 1089 itinium,
1646 948 1733 1075 KP.
1764 1010 2119 1087 Maenium,
2189 1010 2263 1074 P.
2290 1008 2630 1094 Maelium,
2708 1010 2829 1075 Cn.
2850 1038 2869 1069 1

801 1100 1122 1176 enucium,
1149 1098 1223 1163 L.
1247 1098 1559 1163 Atilium:
1608 1098 1721 1185 qui
1742 1098 2111 1197 priusquam
2134 1096 2679 1173 renuntiarentur,
2696 1097 2831 1161 iure
2848 1130 2869 1163 ε
2927 1114 2928 1119 ’

726 1186 965 1251 vocatis
1005 1186 1292 1251 tribubus
1321 1186 1631 1271 permissu
1665 1184 2001 1271 interregis
2035 1183 2109 1247 P.
2134 1182 2425 1247 Licinius
2462 1182 2711 1249 Calvus
2748 1184 2835 1247 ita

729 1274 922 1338 verba
960 1272 1146 1337 fecit:
1205 1280 1225 1310 ⁶
1245 1270 1460 1337 Omen
1502 1270 1899 1347 concordiae,
1950 1269 2254 1347 Quirites,
2298 1269 2393 1333 rei
2436 1271 2724 1335 maxime
2766 1271 2831 1333 in

731 1368 752 1397 ‘
775 1359 896 1424 hoc
955 1373 1206 1446 tempus
1263 1358 1424 1435 utili,
1485 1358 1792 1423 memoria
1846 1357 2047 1421 nostri
2104 1356 2505 1442 magistratus
2560 1380 2679 1422 vos
2736 1358 2833 1421 his

733 1454 753 1484 ‘
775 1445 1047 1511 comitiis
1074 1459 1291 1532 petere
1319 1445 1390 1507 in
1417 1444 1863 1531 insequentem
1890 1465 2130 1507 annum
2152 1442 2359 1509 viden.
2454 1442 2525 1507 Si
2554 1443 2835 1531 collegas

735 1540 756 1570 ‘
775 1531 1032 1596 eosdem
1079 1531 1355 1607 reficitiS,
1395 1532 1589 1595 etiam
1629 1552 1751 1595 usu
1788 1530 2081 1594 meliores
2114 1529 2330 1606 factos,
2372 1551 2475 1595 me
2518 1531 2653 1595 iam
2701 1552 2832 1595 non

733 1626 754 1657 ‘
775 1617 1072 1695 eundem,
1092 1618 1206 1682 sed
1221 1617 1512 1682 umbram
1530 1639 1893 1705 nomenque
1912 1615 1987 1680 P.
2003 1615 2239 1681 Licinii
2260 1615 2557 1681 relictum
2580 1617 2829 1683 videtis.

732 1712 753 1742 ‘
775 1702 963 1767 Vires
1020 1704 1300 1791 corporis
1341 1704 1625 1781 affectae,
1668 1726 1890 1767 sensus
1942 1702 2269 1767 oculorum
2330 1716 2523 1789 atque
2580 1705 2831 1769 aurium

402 1800 528 1851 Eius
549 1801 670 1861 filio,
732 1797 752 1828 ⁶
773 1789 1053 1865 hebete8‚
1085 1790 1392 1853 memoria
1423 1790 1613 1866 labat,
1645 1788 1825 1876 vigor
1860 1790 2057 1854 animi
2100 1790 2377 1854 obtusus.
2473 1788 2581 1853 En
2612 1791 2833 1866 vobis:

399 1871 602 1976 {⁶⁶⁰³ss
628 1882 712 1979 ἕζ-
729 1875 959 1961 inquit,
1005 1883 1025 1913 ‘
1041 1876 1376 1953 iuvenem,’
1405 1876 1609 1940 filium
1640 1890 1885 1953 tenenS,
1928 1884 1949 1914 ‘
1964 1876 2237 1963 effigiem
2268 1888 2459 2025 atqlue
2479 1876 2829 1976 imaginem

401 1944 496 2041 ᾆξ’,
511 1944 626 1979 ¹³⁸⁰
733 1970 752 1999 ‘
772 1962 927 2039 eiuS,
961 1984 1154 2049 quem
1184 1985 1294 2026 vos
1329 1976 1517 2027 antea
1546 1963 1871 2028 tribunum
1904 1961 2179 2026 militum
2216 1984 2301 2026 ex
2330 1986 2375 2049 p
2397 1963 2515 2027 ebe
2546 1986 2829 2050 primum

729 2056 751 2089 ‘
771 2048 1023 2113 fecistis.
1117 2047 1314 2113 Hunc
1355 2072 1495 2136 eg0,
1534 2049 1899 2114 institutum
1939 2047 2277 2136 disciplina
2316 2071 2479 2125 mea,
2514 2052 2831 2115 vicarium

729 2142 750 2174 ‘
771 2156 887 2222 pro
917 2158 1018 2200 me
1041 2134 1422 2222 reipublicae
1445 2134 1533 2200 do
1561 2136 1853 2223 dicoque.
1942 2134 2205 2222 Vosque
2236 2156 2491 2222 quaeso,
2517 2135 2830 2213 Quirites„

731 2230 751 2260 ‘
772 2221 1053 2286 delatum
1083 2222 1243 2285 mihi
1272 2220 1440 2286 ultro
1469 2220 1779 2286 honorem
1808 2222 1958 2286 huic
1985 2222 2251 2309 petenti,
2284 2222 2573 2309 meisque
2602 2246 2729 2310 pro
2756 2246 2833 2288 eo

401 2304 470 2355 U.
494 2306 552 2355 Ο·
579 2319 688 2371 359·
731 2316 752 2346 ‘
772 2306 1034 2372 adiectis
1089 2307 1400 2395 precibuS,
1453 2308 1805 2372 mandetis)
1892 2308 2133 2372 Datum
2192 2308 2261 2372 id
2310 2308 2557 2397 petenti
2620 2311 2827 2396 patri3

397 2370 460 2482 ἐξ
476 2370 687 2483 geiiffi'
725 2394 1020 2481 filiusque
1071 2396 1207 2461 eius
1259 2394 1332 2459 P.
1356 2393 1645 2458 Licinius
1696 2395 1987 2459 tribunus
2032 2394 2307 2459 militum
2353 2395 2677 2460 consulari
2718 2420 2871 2484 po-3

396 2502 491 2546 etc.
499 2496 585 2547 Tr.
595 2469 707 2550 Mi'l.
726 2494 952 2546 testate
982 2504 1128 2546 cum
1157 2481 1254 2558 iis,
1275 2502 1434 2581 quos
1464 2502 1655 2567 supra
1674 2481 2057 2567 scripsimus,
2076 2480 2447 2547 declaratus-
2541 2482 2831 2548 Titinius

397 2562 549 2624 Apud
571 2563 614 2612 F
615 2578 664 2611 θ’
729 2566 1186 2655 Genuciusque
1247 2565 1486 2632 tribuni
1532 2565 1829 2644 militum,
1876 2565 2141 2667 profecti
2200 2567 2497 2632 adversus
2550 2567 2831 2635 Faliscos

394 2626 694 2751 &zai-file
729 2652 1233 2741 Capenatesque,
1284 2652 1438 2717 dum
1485 2652 1725 2718 bellum
1784 2676 2019 2717 maiore
2068 2652 2282 2717 animo
2324 2666 2581 2740 gerunt,
2630 2678 2827 2742 quam

795 2840 827 2887 8
867 2840 1249 2901 Praerogativa]
1297 2838 1463 2899 Oreas,
1494 2838 1741 2890 Crevierio
1802 2842 1953 2902 anni]
1980 2840 2060 2888 Ex
2082 2838 2143 2889 iis
2163 2854 2369 2902 quomm
2390 2840 2597 2891 nomina
2614 2858 2827 2906 sequun-

725 2903 742 2950 l
804 2902 986 2951 endum
1010 2902 1216 2959 videtur,
1237 2904 1342 2951 sub.
1365 2905 1591 2953 cerum-ia
1606 2923 1621 2951 .·
1655 2904 1739 2953 sed
1806 2910 1903 2963 tur,
1950 2910 2049 2953 tres
2098 2903 2316 2965 quidem,
2366 2904 2449 2966 qui
2504 2908 2831 2969 appellantur

725 2918 848 3013 :iiim
861 2980 985 3027 opus
998 2965 1466 3028 fxierisssimffrayia
1479 2967 1741 3030 intelligas,
1806 2967 1969 3030 primi,
2018 2969 2235 3030 collegae
2288 2968 2485 3016 fuerunt
2536 2970 2599 3019 P.
2648 2970 2825 3021 Licinii

725 3028 816 3078 nisi
839 3028 982 3077 mulis
992 3031 1384 3090 praerogativae,
1405 3045 1470 3078 sc.
1493 3032 1669 3090 tribus,
1686 3037 1741 3080 ut
1806 3032 1964 3081 Calvi.
2030 3032 2099 3080 At
2120 3032 2219 3079 duo
2253 3032 2483 3093 postremi
2514 3049 2619 3083 non
2646 3038 2825 3085 eodem

723 3093 834 3143 inst.
857 3108 906 3140 x.
930 3106 1006 3141 22.
1075 3091 1437 3141 Difficillimum
1468 3100 1543 3143 est
1565 3094 1739 3147 diiudi-
1804 3110 1902 3157 quo
1930 3094 2147 3143 Licinius
2176 3110 2323 3154 anno,
2355 3096 2439 3145 sed
2468 3107 2715 3160 sequente
2745 3102 2825 3149 tri-

725 3172 837 3206 care
879 3156 1019 3205 litem
1059 3156 1188 3206 inter
1229 3156 1480 3220 sigonium
1526 3163 1577 3206 et
1614 3158 1739 3207 Gru·
1802 3161 2043 3208 bunatum
2064 3166 2328 3221 gesserunt.
2370 3159 2487 3209 vid.
2508 3177 2647 3225 supr.
2678 3179 2754 3216 η.
2778 3171 2825 3213 et

723 3222 891 3271 chium
934 3227 1136 3281 motam,
1172 3226 1336 3269 utrum
1378 3237 1535 3271 necne
1569 3222 1739 3271 Livius
1808 3237 1880 3285 13.
1916 3222 2076 3272 Cnsv.

721 3284 816 3335 hoc
849 3284 958 3333 loco
991 3284 1201 3349 prolepsi
1223 3301 1339 3334 usus
1358 3284 1518 3335 fuerit.
1586 3284 1737 3349 Equi-

723 3350 834 3399 dem
873 3348 1028 3397 fateor
1059 3348 1181 3397 mihi
1215 3350 1412 3411 quidem
1449 3349 1600 3398 videri
1640 3365 1737 3399 non

719 3414 1101 3472 centuriamffled
1118 3410 1738 3476 tribunuh‘icsupplendam

721 3492 843 3536 esse,
871 3492 1030 3539 neque
1061 3477 1222 3525 adhuc
1255 3492 1367 3525 eum
1402 3476 1622 3525 ordinem
1656 3493 1733 3525 co—

720 3542 966 3590 mitiorum
1002 3540 1278 3589 institutum
1301 3540 1466 3599 fuisse,
1487 3556 1603 3603 quo,
1624 3556 1732 3589 cen-

719 3604 859 3653 turiis
876 3604 928 3653 in
943 3605 1167 3653 tribubus
1181 3604 1398 3663 inclusis,
1414 3604 1634 3667 singulae
1654 3605 1733 3653 tri-

717 3666 810 3716 bus
827 3668 878 3716 in
892 3668 1134 3717 centurius
1148 3670 1392 3718 seniorum
1409 3674 1460 3717 et
1474 3671 1728 3719 iuniorum

717 3730 990 3792 descriptae
1026 3731 1253 3794 suffragia
1287 3732 1492 3782 ferrent:
1531 3732 1633 3781 fieri
1657 3741 1728 3781 ta·

715 3810 827 3844 men
850 3808 1006 3856 posse,
1030 3800 1087 3842 ut
1115 3810 1318 3843 numero
1354 3796 1533 3845 civium
1568 3802 1731 3857 aucto,

717 3873 866 3919 quum
910 3857 1109 3933 negotia
1143 3857 1350 3912 maximi
1396 3859 1631 3911 momenti
1679 3861 1730 3909 in

716 3921 925 3971 comitiis
937 3920 1130 3969 tributis
1143 3929 1503 3983 peragerentur,
1510 3926 1627 3974 ordo
1634 3940 1732 3973 cer·

713 3990 794 4035 tus
814 3985 1028 4035 tribuum
1052 3986 1102 4033 in
1125 3985 1352 4047 suffragia
1379 3985 1730 4037 mittendarum

711 4048 939 4099 inventus
971 4049 1050 4108 sit,
1075 4050 1199 4097 adeo
1233 4054 1288 4097 ut
1320 4052 1478 4100 tribus
1511 4054 1623 4101 iure
1654 4069 1731 4101 vo-

711 4122 852 4165 catae
879 4120 1056 4173 essent,
1077 4118 1128 4163 et
1159 4129 1263 4162 una
1297 4122 1424 4164 sorte
1452 4111 1728 4175 duceretur,

706 4182 839 4239 'quae
866 4181 1213 4241 praerogativa
1252 4184 1395 4237 esset,
1427 4185 1477 4226 et
1510 4177 1645 4240 prius
1677 4178 1725 4227 in

709 4241 935 4305 suffra-glo,
957 4242 1060 4291 iret.

773 4318 804 4366 9
840 4306 1015 4354 Omnes
1041 4340 1053 4353 .
1079 4340 1091 4352 .
1117 4339 1129 4352 .
1155 4341 1166 4353 .
1195 4322 1257 4353 ex
1287 4306 1481 4364 0011090'0
1512 4306 1723 4354 eiusdem

1872 3301 1892 3334 1
1929 3288 1993 3335 P.
2016 3288 2303 3349 Maenium]
2346 3286 2635 3351 Legendum
2658 3291 2745 3341 hic
2768 3294 2821 3352 Q.

1800 3352 2069 3400 Manlium.
2108 3352 2171 3399 cf.
2195 3351 2433 3415 Burghes.
2462 3354 2661 3416 Fragm.
2686 3357 2820 3405 Fast.

1803 3414 1968 3477 Capit.
2008 3414 2207 3463 Patrieii
2217 3414 2415 3478 quidem
2423 3416 2519 3465 hoc
2530 3433 2665 3467 anno
2674 3420 2821 3469 Man-

1798 3478 1895 3525 lius
1915 3484 1967 3527 et
1990 3478 2246 3527 Genucius
2266 3486 2419 3530 erant.
2464 3481 2525 3530 cf.
2548 3497 2685 3545 supr.
2714 3499 2788 3545 ¹3·

1863 3556 1891 3590 α
1926 3544 2046 3591 Iure
2066 3546 2247 3592 ematis
2266 3544 2515 3606 m'bubm]
2554 3546 2713 3596 Unde
2734 3563 2816 3611 ap-

1799 3612 1938 3669 paret
1974 3605 2195 3656 tribunos
2232 3607 2445 3656 militum
2484 3610 2701 3661 comitiis
2736 3614 2816 3661 tri·

1791 3670 1921 3717 butis
1942 3676 2130 3719 creatos
2150 3686 2271 3731 esse,
2296 3671 2388 3721 nisi
2412 3673 2565 3721 mavis
2593 3684 2815 3725 nostrum

1792 3734 2031 3783 rationem
2044 3740 2145 3783 tem
2150 3750 2325 3799 porum
2340 3736 2393 3785 in
2409 3737 2647 3799 loquendi
2660 3740 2814 3789 forma

1796 3814 1895 3847 non
1916 3797 2159 3847 habuisse.
2204 3800 2266 3848 cf.
2290 3814 2421 3863 supr.
2444 3800 2507 3849 iv.
2531 3800 2613 3851 61.

1862 3876 1889 3924 3
1921 3863 2177 3926 Filiusque
2206 3866 2340 3924 eius]
2388 3864 2567 3914 Eri-ore
2598 3869 2812 3929 quodam

1786 3924 1877 3979 ‚hie
1920 3932 2139 3975 versutia·
2182 3926 2369 3985 Livius,
2405 3927 2443 3976 si
2484 3929 2811 3993 Burghoeium

1796 3994 1846 4037 et
1880 3988 2185 4039 Pirauesium
2223 3992 2497 4051 audiamus,
2536 3994 2725 4058 quippe
2760 3996 2809 4045 in

1798 4052 1990 4115 Fragm.
2036 4054 2169 4103 Fast.
2210 4054 2377 4116 Capit.
2420 4056 2649 4107 scribitur
2690 4074 2807 4109 nci—

1794 4130 1909 4165 mus
1980 4152 1993 4166 .
2018 4152 2031 4164 .
2054 4154 2066 4165 .
2090 4132 2359 4175 squamus
2394 4133 2452 4169 11.
2488 4126 2643 4183 atque
2680 4122 2805 4173 idem

1792 4179 2016 4229 tribunus
2044 4181 2130 4230 ille
2168 4182 2316 4231 fuisse
2354 4182 2564 4246 videtur,
2598 4186 2688 4247 qui
2728 4204 2801 4235 sn.

1790 4258 1899 4304 354.
1936 4244 2000 4293 U.
2026 4246 2083 4294 C.
2118 4246 2169 4293 in
2204 4246 2398 4309 Fragm.
2432 4247 2616 4297 dicitur
2636 4286 2650 4301 .
2674 4286 2689 4300 .
2714 4286 2727 4299 .
2750 4266 2801 4299 us

1790 4320 1831 4355 ι’.
1858 4321 1901 4354 r.
1928 4322 1970 4357 r.
1996 4323 2043 4357 s.
2066 4323 2253 4358 cimus
2275 4324 2587 4367 nsqumsus.
