3000 4784
846 210 1037 277 LIB.
1086 210 1174 279 II.
1234 211 1457 277 CAP.
1504 218 1608 278 42.
2162 216 2282 278 119

124 367 315 424 9nus
352 346 683 435 vulgatum
726 370 767 412 a
810 347 1051 413 civibus
1095 347 1215 412 isse
1261 348 1331 411 in
1376 348 1595 413 socios.
1691 345 1892 433 Saepe
1939 344 2174 411 deinde
2216 356 2284 410 et
2301 356 2370 407 U.
2391 356 2452 407 c·
2475 354 2586 407 268.

182 430 565 533 virginium
624 434 945 499 consulem
1004 435 1073 498 in
1135 434 1546 499 concionibus
1601 433 1778 499 velut
1833 432 2282 497 vaticinantem
2300 422 2360 472 A.
2391 422 2452 473 0·
2473 422 2585 483 ⁴⁸4·

178 518 513 598 audiebat,
547 529 568 558 ‘
584 520 895 585 Pestilens
934 520 1209 608 collegae
1248 544 1479 586 munus
1507 544 1660 587 esse.
1751 520 1960 607 Agros
1987 518 2126 583 illos
2153 540 2282 583 ser-

182 614 205 643 ‘
218 606 505 671 vitutem
562 607 659 685 iis,
718 608 831 696 qui
888 608 1265 695 acceperint,
1322 606 1592 673 laturos:
1645 630 1842 694 regno
1897 606 2066 669 viam
2121 605 2276 670 fieri.

182 700 205 729 ‘
228 692 423 767 Quid
464 694 557 758 ita
596 694 768 759 enim
808 694 1039 759 assumi
1076 694 1277 759 socios
1304 707 1371 759 et
1398 716 1636 759 nomen
1663 693 2012 759 Latinum?
2103 690 2279 766 Quid

182 786 205 817 ‘
224 780 585 857 attinuisse,
617 778 935 857 Hernicis,
958 779 1178 881 paullo
1220 794 1367 845 ante
1410 780 1714 859 hostibus,
1753 780 1920 867 capti
1964 778 2096 865 agri

183 873 209 905 ‘
226 878 367 929 tem
399 868 649 932 tertiam
676 866 879 944 reddi,
908 867 1029 931 msi
1064 880 1139 931 ut
1176 866 1296 931 hae
1335 880 1560 967 gentes
1591 890 1708 955 pro
1741 864 2082 931 Coriolano
2115 800 2282 931 diluo:

184 959 207 989 ‘
228 950 534 1017 Cassium
562 953 908 1019 habeant?
983 952 1313 1041 Popularis
1340 976 1464 1018 iam
1494 976 1630 1019 esse
1657 953 1966 1017 dissuasor
1993 963 2060 1017 et
2085 951 2282 1017 inter-

180 1060 405 1103 cessor
432 1038 457 1102 l
540 1040 555 1053 ⁸
618 1040 895 1127 agrariae
924 1063 1035 1105 coe
1118 1053 1230 1105 rat.
1309 1039 1600 1126 Uterque
1628 1039 1862 1105 deinde
1894 1037 2116 1103 consul
2141 1060 2279 1103 cer-

182 1126 379 1189 tatim
407 1125 513 1213 ple
556 1128 579 1189 i
608 1126 955 1214 indulgere.
1020 1062 1345 1213 v&eis-ginius
1374 1127 1608 1203 dicere,
1637 1148 1966 1213 passurum
1993 1147 2060 1189 se
2089 1125 2282 1211 assig-

182 1212 333 1275 nari
390 1234 595 1299 agros,
641 1213 797 1277 dum
846 1236 929 1277 ne
980 1212 1104 1289 cui,
1153 1212 1275 1276 nisi
1332 1213 1455 1278 civi
1505 1212 1818 1288 Romano,
1867 1211 2278 1298 assignentur.

188 1297 477 1376 Cassius,
570 1300 679 1365 uia
728 1300 797 1363 in
846 1299 1086 1387 agraria
1132 1298 1461 1387 largitione
1514 1298 1876 1364 ambitiosus
1934 1298 2004 1361 in
2059 1297 2280 1373 socios,

184 1408 405 1484 eoque
434 1324 675 1451 civilius
702 1386 883 1451 vilior
909 1397 1063 1462 erat,
1100 1398 1175 1451 ut
1216 1386 1341 1450 alio
1382 1408 1646 1450 munere
1689 1384 1810 1449 sibi
1851 1382 2285 1449 reconciliaret

184 1473 431 1536 civmm
466 1474 727 1550 animos,
758 1474 995 1549 iubere,
1026 1496 1141 1560 pro
1184 1470 1399 1537 Siculo
1439 1472 1759 1537 frumento
1798 1470 2136 1558 pecuniam
2179 1492 2284 1535 ac·-

188 1572 449 1646 ceptam
490 1560 753 1625 retribui
794 1558 1049 1647 popule.
1140 1558 1221 1623 Id
1248 1582 1397 1624 vero
1431 1558 1608 1623 haud
1639 1580 1837 1637 secus,
1867 1579 2060 1643 quam
2104 1578 2283 1644 prae-

188 1658 443 1710 sentem
488 1646 848 1711 mercedem
898 1646 1097 1733 regni,
1294 1658 1475 1711 mata
1562 1645 1768 1710 lebes:
1815 1643 1974 1709 adeo
2025 1656 2284 1731 propter

188 1732 620 1819 suspicionem
648 1734 901 1798 insitam
928 1734 1129 1819 regni,
1148 1755 1227 1797 ve
1252 1745 1325 1798 ut
1352 1734 1524 1797 abun
1673 1744 1748 1797 nt
1767 1731 1998 1808 omnia,
2019 1751 2286 1795 munera

188 1818 333 1883 cius
360 1819 431 1883 in
459 1820 687 1884 animis
714 1820 1047 1884 hominum
1074 1820 1548 1906 respuebantur.
1617 1817 1850 1897 Quem,
1869 1818 1980 1883 ubi
2007 1817 2284 1905 primum

190 1905 565 1993 magistratu
610 1907 785 1983 abiit,
832 1905 1203 1970 damnatum
1258 1918 1682 1992 necatumque
1729 1918 1990 1970 constat.
2096 1901 2278 1980 Sunt,
2299 1904 2494 1956 cuius

194 1992 621 2157 333⁸&
650 1993 1153 2145 exutus
1178 1992 1489 2144 iffi
1498 1991 2218 2165 ssffiuzs’fioessmffi
2155 1976 2512 2141 ὀΐω·

194 2166 325 2230 reri
380 2168 870 2231 consecravisse:
932 2166 1183 2253 signum
1228 2166 1379 2231 inde
1426 2165 1662 2230 factum
1707 2186 1862 2241 esse,
1911 2176 1978 2229 et
2021 2163 2286 2250 inscrip-

196 2265 359 2329 tum,
389 2272 479 2317 Ex
506 2274 729 2318 cassu
758 2272 1045 2317 ramma
1080 2272 1339 2317 DATUM.
1429 2251 1698 2316 Invenio
1741 2275 1782 2315 a
1823 2250 1914 2315 ud
1956 2249 2282 2337 quosdam,

148 2358 181 2406 3
198 2338 397 2439 idque
402 2340 684 2489 (fropius
710 2337 907 2404 fidem
936 2353 1050 2418 est,
1081 2362 1120 2404 a
1148 2338 1582 2439 quaestoribus
1613 2338 1698 2401 K.
1783 2337 1928 2405 abio
1955 2349 2023 2401 et
2051 2336 2127 2401 L.
2153 2334 2285 2402 Va-

146 2448 183 2489 4
200 2425 358 2491 leno
448 2426 573 2491 iem
605 2426 839 2491 dictam
964 2426 1351 2502 rduelhom‘s,
1380 2424 1878 2510 damnatumque
1921 2445 2006 2509 po
2051 2423 2144 2486 uli
2187 2422 2285 2486 iu-

200 2511 407 2577 dicio:
459 2512 698 2577 dirutas
742 2448 992 2601 pubffie
1040 2512 1245 2577 aedes.
1338 2510 1437 2575 Ea
1481 2523 1580 2575 est
1627 2532 1772 2574 area
1817 2522 1964 2573 ante
2007 2446 2287 2573 li'elluris

202 2598 445 2663 aedem.
558 2598 865 2665 Ceterum
910 2600 1039 2663 sive
1098 2597 1257 2662 illud
1304 2596 1738 2671 domesticum,
1786 2596 1916 2659 sive
1958 2594 2287 2695 publicum
2307 2609 2374 2658 U.
2396 2608 2457 2658 0.
2479 2607 2588 2673 ‘²⁶9-

200 2684 695 2836 ftiibiltlsiudicium,
742 2686 1078 2751 damnatur
1126 2683 1259 2748 Ser.
1314 2682 1639 2760 Corneli0,
1689 2680 1771 2757 Q.
1823 2681 2018 2746 Fabio
2062 2704 2290 2745 consu-
2305 2670 2601 2786 ἔθῶξὲἓέ-

292 2856 493 2923 Haud
536 2858 835 2923 diuturna
890 2860 983 2923 im
1038 2857 1259 2946 populi
1308 2858 1377 2921 in
1428 2854 1720 2921 cassium
1763 2855 1902 2920 fist.
1993 2853 2288 2919 Duleedo
2304 2800 2389 2919 ἓξὲξ
2399 2800 2590 2915 ἓοέ””

204 2946 481 3031 agrariae
510 2945 668 3033 legis
696 2944 833 3033 ipsa
866 2968 985 3046 per
1020 2968 1107 3023 se,
1138 2945 1399 3044 dempto
1428 2956 1702 3043 auctore,
1734 2942 1981 3007 subibat
2011 2942 2285 3042 animos:
2408 2932 2511 2993 42·

206 3054 595 3119 accensaque
638 3055 715 3098 ea
756 3031 1065 3120 cupiditas
1108 3045 1204 3097 est
1247 3030 1638 3118 mahgmtate
1670 3028 1967 3106 Patrum3
2014 3052 2148 3116 qm,
2178 3028 2292 3093 de-

148 2081 171 2115 1

144 2145 177 2178 2

270 3224 305 3274 9
335 3214 379 3259 Δ
404 3210 593 3259 civ-'but
610 3211 704 3259 isne
722 3210 781 3257 ὄπ
798 3210 971 3269 nodos]
1022 3208 1084 3257 Iu
1106 3208 1213 3257 cod.
1311 3208 1476 3257 lenam
1512 3212 1802 3269 potestatem
1835 3205 2090 3255 retinebat.
2157 3205 2290 3254 Vide

208 3274 427 3323 Floreat.
464 3276 630 3335 spine,
666 3288 817 3336 quare
850 3274 1015 3335 egenis
1054 3273 1215 3334 legen-
1310 3277 1403 3320 ust.
1430 3272 1590 3319 Instit.
1621 3270 1671 3319 ii.
1701 3271 1778 3319 tit.
1798 3283 1846 3334 9.
1877 3276 1927 3317 et
1947 3269 2013 3317 ibi
2038 3268 2292 3319 Vinnium.

208 3340 327 3387 dum
359 3338 533 3387 undet
566 3337 771 3386 Niebhr.
802 3336 851 3385 ii.
876 3353 925 3399 p.
953 3335 1057 3398 167.
1121 3335 1219 3384 Το-
1282 3337 1443 3385 Cam.
1511 3335 1609 3383 Sed
1651 3334 1715 3382 de
1757 3334 1850 3383 bac
1887 3348 1940 3381 re
1975 3334 2038 3383 cf.
2077 3333 2293 3393 omnino,

208 3409 313 3450 tam
332 3402 463 3450 hanc
478 3402 541 3450 de
556 3402 697 3450 sociis
716 3400 1039 3450 narrationem
1062 3401 1220 3461 alege
1284 3399 1491 3448 Niebhr.
1513 3397 1564 3447 ii.
1587 3414 1636 3459 p.
1663 3410 1767 3460 171.
2253 3393 2264 3415 ⁸

210 3465 498 3541 Sempronia
536 3466 737 3529 Agraria
770 3466 1107 3514 adumbratam
1144 3464 1216 3511 fu·
1347 3477 1373 3511 α
1410 3464 1602 3521 Cereri]
1651 3462 1798 3524 Apud
1845 3461 2036 3512 cereri·
2085 3461 2293 3523 pecunia

209 3531 303 3579 isse
320 3532 455 3579 idem
476 3530 761 3593 suspicatur.
800 3530 861 3579 cf.
886 3530 1076 3591 Fragm.
1101 3528 1216 3590 Leg.
1282 3527 1440 3591 plebis
1459 3528 1793 3575 asservabatur
1812 3526 1875 3574 cf.
1901 3526 2030 3574 Plin.
2054 3526 2220 3575 xxxiv.
2246 3544 2292 3586 4.

210 3596 399 3658 sempr.
420 3610 503 3656 ap.
526 3594 673 3643 Goes.
1283 3591 1450 3654 Heyn.
1476 3591 1572 3652 Op.
1596 3591 1688 3639 Ac.
1709 3606 1753 3639 ν.
1776 3606 1825 3652 p.
1849 3604 1958 3651 430.
1975 3595 2026 3637 et
2041 3604 2171 3665 supr.
2195 3594 2295 3654 19.³

291 3675 313 3708 1
358 3661 713 3723 peculiumque
750 3659 881 3721 filii]
965 3658 1222 3706 Peculium
1351 3670 1379 3717 3
1412 3655 1780 3713 Quaestor-ibus]
1817 3670 1884 3702 sc.
1935 3653 2203 3712 Parricidii,
2230 3655 2292 3705 cf.

210 3723 404 3787 proprie
426 3728 499 3771 est
518 3722 570 3772 id
590 3724 721 3784 quod
742 3738 905 3771 servus
926 3722 1222 3770 concedente
1284 3720 1473 3769 Festus.
1521 3718 1730 3768 Oreum
1751 3718 1816 3767 R.
1840 3718 1955 3766 Ant.
1979 3717 2008 3775 ὅ
2035 3716 2138 3779 167.
2187 3718 2292 3768 Cic.
2402 3760 2412 3767 .

210 3788 409 3837 domino
459 3786 685 3849 poddet.
750 3785 984 3835 Similiter
1021 3799 1219 3847 usurpar-
1282 3785 1347 3833 de
1384 3784 1514 3846 Rep.
1543 3782 1592 3831 ii.
1619 3796 1693 3845 35.
1750 3783 1924 3844 Pomp.
1963 3782 2026 3830 de
2061 3782 2146 3831 Or.
2180 3782 2292 3832 Jur.

210 3860 293 3902 tur
323 3866 413 3916 pro
444 3866 505 3900 eo
536 3852 667 3927 quod
704 3851 835 3899 filius
864 3848 1077 3912 possidet
1108 3864 1219 3897 con-
1285 3850 1373 3898 D1.
1398 3862 1442 3897 α.
1467 3848 1494 3906 ἕ
1520 3862 1564 3909 3.
2085 3909 2096 3921 ⁸

212 3921 997 4041 ffiffiqgffmffwmpe
910 3914 1223 4037 quw&
1282 3911 2293 4036 ...tfifflzzfffflfssssfflwz

216 4046 352 4095 liberi
392 4045 447 4093 in
488 4050 729 4107 potestate
778 4042 929 4105 patris
975 4045 1130 4101 erant,
1170 4046 1223 4090 et
1284 4040 1369 4103 qui
1385 4056 1473 4103 pro
1488 4046 1621 4089 certo
1637 4040 1801 4098 habet,
1818 4040 2012 4101 plebem
2037 4044 2292 4100 patmnum

212 4110 447 4173 quicquid
486 4109 819 4171 acquirebant,
854 4106 905 4156 id
940 4106 1087 4181 patri,
1122 4121 1221 4154 non
1284 4119 1425 4153 suum
1458 4120 1558 4153 non
1589 4104 1952 4163 condemnasse,
1987 4116 2146 4163 neque
2177 4105 2293 4149 ante

216 4175 323 4233 sibi,
354 4173 685 4236 acquirebant.
752 4170 893 4220 Nihil
936 4176 1101 4233 ltaque
1136 4170 1221 4218 har-
1284 4168 1664 4217 decemviratum
1709 4182 1876 4215 caum
1917 4164 2152 4227 capitales
2191 4178 2293 4211 ma-

217 4241 397 4288 bebant
428 4253 543 4287 vere
576 4250 749 4285 suum:
784 4236 869 4284 sed
987 4250 1113 4297 quae
1154 4234 1225 4283 eis
1284 4234 1421 4281 ximo
1453 4232 1726 4290 comitiam,
1755 4247 1820 4280 sc.
1855 4227 2197 4286 centuriarum,
2223 4226 2294 4275 iu·

220 4310 357 4367 pater
374 4302 560 4351 utenda
588 4299 897 4364 permisisset,
916 4299 967 4347 in
988 4314 1049 4348 ea
1072 4304 1227 4361 pater,
1288 4297 1475 4346 dicatas
1490 4312 1607 4345 ene.
1639 4296 1736 4344 Sed
1751 4294 2006 4343 Wachsm.
2025 4292 2194 4353 paullo
2209 4290 2295 4339 ali-

220 4374 451 4430 tanqunm
482 4366 532 4414 in
567 4363 813 4427 peculium
842 4362 965 4413 servi
986 4362 1227 4421 dominus,
1290 4367 1365 4409 ter
1383 4360 1548 4419 sentit,
1571 4376 1618 4421 p.
1644 4373 1701 4420 32
1710 4371 1749 4418 7.
