3000 4784
750 238 943 304 LIB.
1000 238 1116 304 IV.
1194 238 1415 305 CAP.
1465 246 1572 306 49.
2109 244 2234 309 275

90 388 377 460 {accepta
402 374 637 439 clades
710 375 991 440 rohibuit
1033 374 1313 451 Bolanis,
1344 398 1495 440 suae
1525 376 1736 464 gentis
1763 376 2020 463 populo,
2097 398 2234 441 rae-
2255 391 2323 441 U.
2346 392 2405 441 c,
2431 406 2542 453 340·

112 458 347 523 sidium
378 460 575 526 ferre.
664 398 1099 527 {xcursiones
1142 461 1297 525 inde
1326 462 1395 526 in
1424 463 1744 527 confinem
1775 485 1996 549 agrum
2140 464 2232 527 vi-
2251 456 2314 507 A.
2347 456 2406 507 C·
2429 471 2542 517 4¹²·

112 568 341 609 canum
412 546 635 612 factae
704 559 905 624 erant,
976 547 1285 633 novisque
1344 548 1588 613 colonis
1659 548 1923 613 bellum'
1965 548 2229 615 illatum.

118 630 332 705 Quam
362 656 621 698 noxam
644 656 846 720 quum
874 657 941 697 se
963 655 1279 698 consensu
1307 634 1594 698 omnium
1614 634 1992 721 Aequorum
2013 635 2235 700 defen-

110 740 287 782 suros
338 734 735 806 sperassent,
782 718 1015 785 deserti
1064 719 1145 783 ab
1196 719 1345 796 suis,
1392 742 1475 785 ne
1524 720 1918 785 memorabili
1971 721 2234 807 quidem

109 802 295 881 bello,
328 827 455 891 per
486 805 893 890 obsidionem
926 804 1261 892 levemque
1292 827 1487 871 unam
1517 828 1798 905 pugnam
1829 819 1895 871 et
1923 807 2234 893 oppidum

110 901 175 951 et
212 890 381 955 fines
428 892 726 957 amisere.
819 892 1167 956 Tentatum
1210 891 1289 955 ab
1334 890 1410 955 L.
1450 890 1672 956 Sextlo
1713 892 1968 956 tribuno
2009 893 2230 979 plebis,

110 989 181 1038 ut
238 978 658 1063 rogationem
708 978 919 1055 ferret,
969 1000 1099 1064 qua
1145 976 1335 1043 Bolas
1386 1000 1666 1064 quoque,
1718 978 1885 1043 sicut
1941 978 2228 1057 LavicOS,

112 1060 321 1125 coloni
384 1064 827 1141 mitterentur,
885 1085 1003 1150 per
1068 1063 1584 1128 intercessionem
1653 1062 2057 1151 collegarum,
2117 1066 2232 1151 qui
2323 1078 2338 1085 ·

112 1146 365 1212 nullum
394 1149 839 1236 plebiscitum,
868 1150 994 1213 nisi
1022 1172 1105 1214 ex
1134 1150 1508 1214 auctoritate
1539 1162 1814 1227 senatus,
1845 1171 2136 1236 passuros
2162 1174 2230 1216 se

110 1232 379 1317 perferri
410 1237 861 1311 ostenderunt,
892 1235 1244 1301 discussum
1274 1249 1386 1300 est.

196 1318 383 1385 Bolis
438 1322 829 1409 insequente
878 1344 1048 1387 anno
1098 1322 1389 1408 receptis,
1437 1321 1678 1408 Aequi,
1723 1321 2098 1409 coloniaque
2152 1344 2232 1387 eo
2251 1337 2322 1387 U.
2344 1338 2402 1387 C.
2427 1352 2538 1399 341.

114 1404 419 1485 deducta,
452 1409 646 1473 novis
672 1408 909 1472 viribus
936 1407 1247 1494 oppidum
1274 1407 1627 1484 firmarunt,
1658 1408 1930 1472 tribunis
1957 1408 2233 1473 militum
2251 1402 2311 1451 A·
2346 1402 2404 1452 0·
2428 1418 2486 1464 41
2498 1417 2537 1451 ¹·

118 1488 367 1557 Romae
400 1494 730 1559 consulari
862 1506 1087 1559 testate
1121 1491 1245 1559 Cn.
1272 1491 1576 1558 Cornelio
1620 1492 1841 1571 Cosso,
1872 1492 1949 1558 L.
1973 1494 2233 1559 Valerio
2250 1464 2343 1586 fig,
2357 1466 2558 1579 3sz

117 1574 357 1656 Potito,
396 1580 491 1655 Q.
516 1580 717 1645 Fabio
802 1578 1061 1644 ibulano
1090 1580 1341 1657 iterum,
1373 1579 1469 1644 M.
1497 1579 1828 1645 Postumio
1859 1579 2229 1667 Regillensi.
2252 1592 2362 1641 Mil.

122 1658 295 1729 Huic
318 1665 577 1731 bellum
600 1666 897 1730 adversus
920 1666 1188 1753 Aequos
1214 1666 1591 1753 permissum
1619 1679 1735 1743 est,
1755 1688 1984 1753 pravae
2003 1667 2234 1732 mentis

120 1746 407 1828 homini3
458 1776 661 1839 quam
704 1766 916 1817 tamen
946 1751 1209 1816 victoria
1248 1752 1467 1839 magis,
1545 1774 1692 1817 uam
1735 1752 1990 1831 bellum,
2021 1766 2236 1819 osten·

120 1832 231 1898 dit.
326 1836 517 1903 Nam
570 1839 855 1903 exercitu
904 1837 1173 1924 impigre
1230 1838 1462 1925 scripto
1559 1850 1836 1940 uctoque
1887 1838 1971 1903 ad
2023 1838 2233 1916 Bolon,

124 1942 325 2005 quum
356 1923 621 1991 levibus
648 1923 905 2012 proeliis
924 1924 1299 2009 Aequorum
1320 1924 1566 1989 animos
1587 1924 1892 2011 fregisset,
1915 1942 2235 2012 postremo

124 2004 189 2068 in
212 2010 540 2107 oppidum
570 2009 814 2098 irrupit.
906 2008 1164 2073 Deinde
1195 2010 1274 2074 ab
1304 2009 1590 2075 hostibus
1618 2010 1688 2074 in
1717 2010 1886 2076 cives
1913 2025 2236 2076 certamen

130 2108 349 2159 vertit:
400 2110 495 2176 et,
528 2118 731 2184 quum
759 2096 929 2159 inter
956 2117 1039 2182 op
1086 2095 1495 2181 ugnationem
1527 2095 1826 2182 praedam
1855 2096 2076 2161 militis
2102 2098 2234 2162 fore

132 2177 461 2261 edixisset,
512 2195 699 2269 capto
742 2180 1001 2282 oppid0,
1040 2118 1241 2245 1iidem
1284 2182 1572 2246 mutavit.
1668 2180 1849 2258 Eam,
1887 2183 2088 2268 magis
2124 2182 2238 2246 ad-

134 2260 351 2345 ducor,
384 2283 465 2334 ut
504 2268 762 2335 credam
790 2289 920 2331 irae
956 2288 1209 2332 causam
1246 2267 1557 2333 exercitui
1584 2267 1798 2344 fuisse,
1828 2289 2022 2353 quam
2063 2267 2236 2367 quod

138 2348 201 2413 in
229 2354 389 2419 urbe
418 2378 634 2443 nuper
654 2354 903 2441 direpta
928 2352 1305 2439 coloniaque
1328 2376 1494 2418 nova
1523 2353 1734 2417 minus
1763 2352 2234 2440 praedicatione

138 2436 369 2504 tribuni
400 2441 680 2529 praedae
708 2439 916 2505 fuerit.
1010 2438 1219 2503 Auxit
1240 2462 1380 2503 eam
1408 2440 1590 2516 iram,
1599 2454 1966 2538 postquam,
1997 2440 2076 2503 ab
2105 2439 2237 2504 col-

140 2518 291 2608 legis
318 2528 677 2604 arcessitus,
706 2538 966 2626 propter
992 2523 1337 2589 seditiones
1377 2523 1748 2589 tribumcias
1777 2546 1846 2588 1n
1885 2525 2108 2589 urbem
2137 2546 2237 2589 re·

136 2610 339 2687 vertit,
372 2614 599 2679 audita
624 2635 751 2677 vox
780 2634 917 2677 eius
945 2611 1015 2676 in
1043 2610 1349 2675 concione
1390 2609 1622 2675 stolida
1647 2632 1722 2675 ac
1796 2632 1948 2696 rope
1978 2632 2232 2686 vecors3

184 2716 267 2760 ua
308 2696 537 2765 Sextio
580 2698 837 2765 tribuno
870 2697 1093 2798 plebis,
1135 2695 1345 2784 legem
1386 2696 1698 2796 agrarimn
1739 2632 1990 2773 ferenti,
2027 2696 2234 2774 simul,
2257 2716 2337 2791 M.
2357 2717 2532 2765 Pontu-

198 2780 329 2847 olas
371 2808 637 2873 quoque
682 2796 757 2849 ut
802 2794 1209 2848 mitterentur
1252 2780 1483 2859 colom,
1528 2781 1806 2847 laturum
1857 2804 1926 2847 se
1973 2782 2234 2861 dicenti,
2253 2793 2340 2853 ¹3¹ss
2359 2796 2452 2829 *Ὃ*
2468 2787 2564 2829 sto-

102 2871 131 2919 6
144 2862 367 2953 dignos
382 2872 561 2939 enim
591 2892 727 2937 esse
756 2869 869 2957 qui
898 2868 1087 2933 armis
1115 2868 1448 2955 cepissent,
1480 2890 1702 2933 eorum
1729 2868 1956 2934 urbem
1984 2892 2236 2957 agrum-
2253 2843 2429 2957 {¹223
2451 2860 2528 2893 ’ω’

106 2970 129 3017 7
146 2971 265 3047 que
336 2956 661 3023 Bolanum
731 2978 865 3021 esse
890 2980 907 3033 3
983 2963 1003 2993 ‘
1032 2953 1281 3019 Malum
1340 2953 1605 3041 quidem
1671 2954 1979 3021 militibus
2041 2956 2238 3034 meis,’

145 3042 373 3124 mquit,
422 3052 445 3083 ‘
460 3044 585 3108 nisi
635 3042 997 3129 quieverint
1017 3042 1057 3105 ι’
1165 3041 1293 3107 uod
1334 3040 1626 3105 auditum
1679 3063 1811 3106 non
1861 3043 2234 3108 concionem

148 3127 359 3212 magis,
391 3151 589 3217 quam
618 3150 771 3194 mox
801 3127 1040 3205 Patres,
1072 3064 1357 3193 offendit.
1451 3126 1540 3191 Et
1570 3128 1859 3193 tribunus
1888 3130 2110 3214 plebis,
2141 3130 2239 3193 vir

148 3228 287 3274 acer
312 3237 439 3281 nec
468 3214 869 3291 infacundus,
900 3226 1123 3277 nactus
1154 3212 1325 3277 inter
1350 3212 1735 3277 adversarios
1762 3213 2108 3300 superbum
2137 3215 2236 3278 in-

148 3297 407 3377 genium
434 3300 969 3387 immodicamque
997 3298 1303 3386 linguam,
1334 3320 1529 3385 quam
1568 3298 1877 3363 irritando
1910 3300 2238 3385 agitando-

148 3402 271 3465 que
300 3385 371 3451 in
400 3410 508 3453 eas
535 3385 891 3473 impelleret
916 3406 1125 3462 voces,
1148 3408 1313 3471 quae
1341 3382 1640 3460 invidiae,
1665 3406 1796 3449 non
1825 3384 1946 3471 ipsi
1969 3398 2236 3463 tantum,

154 3466 261 3531 sed
288 3494 511 3538 causae
542 3486 735 3559 atque
775 3471 1070 3537 universo
1112 3468 1343 3547 ordini,
1374 3482 1605 3547 essent,
1637 3470 1958 3535 neminem
1989 3493 2073 3536 ex
2107 3471 2240 3536 col-

154 3548 313 3639 legio
365 3560 763 3625 tribunorum
812 3556 1090 3622 militum
1139 3555 1407 3643 saepiuS,
1460 3577 1654 3641 quam
1701 3556 2122 3634 Postumium,
2170 3558 2239 3622 in

158 3634 671 3732 disceptationem
689 3642 993 3709 trahebat.
1086 3642 1259 3707 Tum
1277 3663 1429 3705 vero
1457 3641 1810 3706 seeundum
1828 3656 1958 3707 tam
1981 3665 2236 3709 saevum
2255 3663 2454 3713 Sextius
2468 3664 2557 3714 Tr.

158 3736 338 3813 atque
398 3730 819 3795 inhumanum
878 3728 1145 3807 dictum,
1207 3736 1227 3767 ⁶
1246 3726 1548 3806 Auditis:
1605 3728 1835 3813 inquit,
1890 3736 1910 3767 ‘
1933 3728 2237 3809 Quirites,
2256 3728 2540 3840 ffieiflsteff

220 3926 245 3975 5
276 3918 406 3971 Suae
431 3920 593 3983 ocutis
620 3920 827 3982 populo]
878 3916 1163 3979 Antiquitas
1229 3916 1388 3967 Fabro
1412 3916 1610 3979 legeris:
1645 3920 1846 3980 dignum
1867 3936 1982 3970 me.
2025 3921 2076 3968 h.
2095 3934 2138 3969 e.
2159 3934 2238 3969 ae-

164 3970 308 4030 Bolae
330 3986 441 4033 urbo
458 3984 759 4034 Albanorum
783 3988 938 4041 erant,
952 3981 1162 4044 cfiVirg.
1229 3996 1381 4042 quum
1403 3996 1523 4030 esse.
1563 3981 1729 4031 Donn-

166 4038 278 4113 Affn·
304 4046 407 4109 776.
442 4052 613 4111 postea
634 4062 747 4097 vero
771 4048 1073 4107 Aequorum,
1097 4045 1159 4093 cf.
1294 4056 1321 4119 7
1354 4046 1554 4093 Malum
1653 4047 1911 4105 militibus]
1950 4044 2088 4093 Nota
2109 4060 2238 4093 coer·

168 4098 305 4157 Dion.
326 4109 425 4161 viii.
480 4112 527 4161 8.
1227 4108 1419 4157 cinonis
1452 4123 1566 4167 vox,
1595 4124 1693 4169 qua
1724 4110 1939 4158 maxime
1970 4106 2156 4157 domini
2188 4106 2239 4153 in

222 4167 252 4217 6
280 4176 469 4237 Diffnoe
486 4176 617 4225 enim
636 4175 763 4233 esse]
802 4172 995 4223 Graeco
1027 4186 1163 4221 more
1226 4186 1391 4221 servos
1426 4172 1500 4219 uti
1539 4172 1780 4231 solebant,
1811 4186 2018 4233 quorum
2053 4183 2241 4229 poenae

170 4242 249 4288 ΡΝ
288 4238 487 4301 vulgari,
529 4240 700 4301 dimaon
740 4254 842 4287 eae
886 4238 1063 4300 quibus
1100 4238 1167 4284 sie
1229 4235 1325 4284 hoc
1420 4234 1647 4283 neraliori
1687 4236 1834 4283 verbo
1871 4232 2241 4282 denotabantur.

169 4297 275 4345 “vhe
292 4318 502 4367 amne
522 4303 756 4351 Bolanus.
822 4299 1027 4349 Mollior
1050 4312 1169 4347 nane
1232 4298 1293 4347 cf.
1320 4299 1361 4347 P
1384 4304 1484 4346 aut.
1511 4299 1644 4347 Pera.
1667 4297 1734 4347 iii.
1765 4312 1804 4346 1.
1829 4310 1906 4358 33.
1939 4296 2154 4343 Srnorn.

170 4354 221 4403 fit
240 4364 403 4426 oratio,
422 4366 464 4414 si
486 4380 575 4428 pro
595 4367 767 4427 δίψιοι
788 4380 888 4414 esee
910 4378 1021 4411 cum
1039 4363 1165 4412 Tan.
1859 4424 1898 4481 2
