3000 4784
891 225 1083 292 LIB.
1147 225 1235 291 11.
1301 224 1524 291 CAP.
1595 231 1690 291 18.
2257 233 2330 294 91

232 367 484 446 occisis,
545 365 878 430 consulum
940 387 1195 451 quoque
1256 363 1548 439 alterum,
1607 361 1752 449 (sed
1809 375 2045 440 utrum,
2105 385 2342 428 nomen
2363 379 2430 429 U.
2455 381 2513 430 c.
2541 393 2648 440 ²5⁴2.

232 465 531 518 auctores
574 475 707 517 non
750 450 1087 536 adiiciunt)
1128 450 1305 536 gravi
1350 448 1612 514 vulnere
1656 471 1738 514 ex
1785 471 1954 536 equo
2001 449 2341 526 deiectum,
2361 449 2422 493 Α·
2458 447 2518 494 0·
2543 456 2650 505 ⁵⁰⁰·

232 562 437 638 prope
468 539 945 603 interfecerunt.
1026 537 1299 602 Romam
1328 535 1499 612 inde,
1523 535 1688 600 male
1717 551 1896 624 gesta
1923 558 2011 613 re,
2037 537 2338 603 reditum:

184 644 217 692 9
234 639 411 690 mter
436 625 677 690 multos
719 624 961 690 saucios
990 623 1213 688 consul
1252 646 1362 710 spe
1394 623 1636 687 incerta
1663 623 1828 688 vitae
1868 622 2139 688 relictus.
2233 623 2344 688 In·

234 714 509 777 teriecto
538 711 775 776 deinde
807 709 983 776 haud
1008 731 1241 797 magno
1272 710 1492 796 spati0,
1519 709 1694 796 quod
1723 709 2089 774 vulneribus
2118 733 2344 774 curan-

232 799 337 863 dis
364 797 859 886 supplendoque
888 797 1197 862 exercitui
1226 797 1375 860 satis
1404 811 1588 874 esset,
1619 811 1756 860 tum
1787 797 1882 860 ira
1909 797 2144 862 maiore
2171 797 2340 875 belli,

232 901 379 950 tum
418 885 667 950 viribus
704 885 894 950 etiam
925 883 1141 960 auctis,
1175 883 1502 948 Pometiae
1543 905 1718 948 arma
1756 881 1962 948 illata:
2011 897 2078 948 et
2122 907 2341 972 quum,

230 973 447 1037 vineis
490 971 745 1037 refectis
786 971 907 1036 alia
954 993 1035 1034 ue
1086 969 1253 1035 mole
1298 969 1469 1045 belli,
1515 969 1642 1036 iam
1685 971 1754 1034 in
1798 993 1878 1035 eo
1925 983 2107 1049 essct,
2157 985 2230 1035 ut
2273 971 2344 1036 111

234 1081 461 1124 muros
503 1057 803 1124 evaderet
843 1059 927 1121 m‘
956 1079 1043 1134 ee,
1084 1056 1327 1122 deditio
1371 1069 1467 1120 est
1509 1056 1691 1122 facta.
1787 1055 2094 1122 Ceterum
2141 1058 2344 1124 nihilo

194 1171 213 1202 1
232 1147 457 1210 minus
507 1144 717 1222 foede,
771 1143 993 1208 dedita
1034 1144 1209 1244 urbe,
1256 1164 1448 1230 quam
1492 1143 1546 1208 si
1590 1157 1774 1231 capta
1816 1142 1999 1222 foret,
2046 1145 2341 1210 Aurunci

188 1253 477 1319 apmm

189 1338 217 1386 3
232 1317 453 1420 coloni

582 1230 855 1318 rineipes
913 1252 1115 1296 securi
1175 1229 1477 1316 percussi,
1537 1232 1658 1295 sub
1717 1253 1950 1294 corona
2004 1232 2344 1296 venierunt

512 1255 663 1418 aqu-3
738 1316 1043 1404 oppidum
1101 1316 1403 1392 dirutum,
1464 1339 1614 1404 ager
1671 1317 1886 1380 veniit.

2009 1315 2344 1396 Consule8‚

234 1427 443 1492 magis
482 1406 571 1470 ob
608 1427 732 1468 iras
769 1403 1045 1491 graviter
1080 1403 1261 1481 ultas,
1294 1424 1486 1490 quam
1529 1404 1610 1468 ob
1650 1402 2158 1490 magnitudinem
2177 1427 2346 1491 ,per-

234 1493 389 1556 fecti
420 1491 601 1569 belli,
633 1489 1117 1578 triumpharunt.

321 1576 689 1665 Insequens
731 1599 934 1642 annus
978 1577 1353 1642 Postumum
1406 1574 1776 1641 Cominium
1821 1589 1884 1641 et
1931 1575 2008 1641 T.
2053 1575 2344 1642 Lartium

234 1665 539 1730 consules
594 1664 835 1729 habuit.
930 1661 1027 1728 Eo
1078 1685 1247 1728 anno
1301 1662 1565 1739 Romae,
1615 1685 1816 1750 quum
1867 1685 1984 1750 per
2032 1663 2218 1728 ludos
2265 1665 2345 1729 ab

240 1751 631 1817 Sabinorum
659 1751 987 1816 iuventute
1026 1773 1143 1838 per
1170 1749 1487 1814 lasciviam
1529 1763 1735 1814 scorta
1767 1764 2158 1837 raperentur,
2189 1774 2344 1816 con-

234 1861 433 1902 cursu
466 1837 803 1903 hominum
842 1837 983 1901 rixa
1019 1860 1093 1901 ac
1128 1859 1326 1924 prope
1358 1835 1668 1924 proelium
1703 1837 1858 1914 fuit3

234 1948 303 1989 re
362 1924 453 1989 ad
512 1923 925 1989 rebellionem
982 1937 1265 2012 spectare
1325 1945 1425 1988 res
1482 1923 1830 1988 videbatur.

1906 1860 2222 1924 parvaque
2259 1861 2343 1904 ex

1928 1925 2134 2012 Supra
2189 1925 2342 1990 beni

190 2036 220 2077 4
236 2011 461 2076 Latini
490 2025 737 2076 metum
764 2010 833 2074 id
863 2033 1117 2097 quoque
1148 2011 1718 2160 accesseratffuod
1749 2011 2008 2098 triginta
2035 2012 2160 2076 iam
2189 2035 2342 2076 con-

235 2099 477 2162 iuraffle
502 2098 791 2185 populna,
813 2097 1171 2162 concitante
1199 2096 1468 2162 Octavio

1568 2097 1802 2174 emilie,
1825 2099 1976 2162 satis
1995 2099 2338 2163 constabat.

192 2203 219 2250 5
238 2184 319 2249 In
346 2185 474 2250 hac
506 2197 823 2249 tantarum
854 2183 1325 2272 exspectatione
1354 2205 1567 2248 rerum
1606 2182 1872 2248 sollicita
1901 2184 2174 2261 civitate,
2205 2185 2344 2249 dic-

190 2282 221 2332 6
238 2271 461 2336 tatoris
512 2271 791 2358 primum
838 2270 1098 2335 creandi
1141 2269 1381 2335 mentio
1411 2283 1582 2336 orta:
1645 2270 1759 2336 sed
1801 2293 1922 2336 nec
1970 2294 2098 2358 quo
2151 2294 2338 2350 annu,

303 2531 335 2580 9
364 2515 619 2575 Reliotus]
656 2515 861 2564 Relatum
892 2529 955 2562 ex
982 2514 1261 2563 coniectura

240 2579 435 2628 Dukeri
456 2580 513 2627 in
532 2585 725 2628 textum
746 2579 931 2640 recepit
953 2577 1164 2627 Bekker.

310 2659 331 2692 1
368 2646 608 2692 Auruncu·
624 2645 809 2705 passim
826 2643 1102 2706 principes]
1145 2643 1261 2691 Hoc

244 2708 374 2757 idem
396 2709 589 2756 benum
611 2723 731 2766 esse,
744 2707 875 2768 quod
896 2707 947 2755 111
971 2722 1077 2768 cap.
1101 2707 1261 2769 priore

242 2779 484 2832 narratur,
515 2777 681 2820 censet
712 2771 763 2820 N
766 2771 1013 2820 iebuhrius
1034 2769 1082 2819 ii.
1108 2786 1156 2833 p.
1180 2785 1261 2834 91,

242 2843 293 2884 et
320 2837 522 2886 Livium
556 2851 618 2883 ex
651 2835 851 2883 diversis
880 2835 1137 2883 annalibus
1156 2851 1259 2883 eos·

244 2901 355 2949 dem
376 2905 589 2949 eventus
608 2905 876 2958 eruentem,
890 2899 941 2948 in
963 2901 1087 2948 duos
1107 2915 1263 2947 annos

245 2963 1263 3091 fflz‘a‘ffssffnffiffimssffiz

245 3092 492 3154 gumentis
512 3099 785 3154 suspectam
808 3091 1019 3140 reddidit
1042 3092 1197 3140 Drak.

307 3173 335 3206 τ
370 3159 478 3206 Sub
513 3173 691 3206 corona
728 3157 1009 3216 venierunt]
1072 3157 1106 3182 ‘⁶
1124 3155 1264 3204 Anti-

248 3222 408 3283 quitus
440 3221 708 3283 mancipia,
728 3220 831 3268 iure
852 3221 972 3269 belli
1000 3225 1161 3282 capta,
1184 3235 1261 3268 co-

248 3287 375 3334 ronis
394 3286 575 3333 induta
596 3285 843 3342 venibant,
864 3290 913 3332 et
934 3283 1114 3333 idcirco
1136 3283 1263 3331 dice-

248 3351 425 3398 bantur
456 3351 551 3398 snb
584 3363 763 3398 corona
796 3349 1010 3397 venire.''
1042 3349 1103 3396 A.
1127 3349 1261 3397 Gen.

250 3415 325 3462 vii.
343 3432 389 3476 ⁴·
414 3413 504 3475 qui
524 3413 673 3461 aliam
696 3412 892 3461 rationis
914 3413 1059 3461 huius
1078 3412 1263 3474 opinio-

250 3494 357 3526 nem
380 3477 579 3535 recitat,
599 3479 633 3502 “
646 3478 776 3539 quod
798 3477 995 3536 milites,
1018 3477 1267 3525 custodiae

249 3559 410 3602 musa,
456 3541 761 3603 captivorum
806 3541 1051 3589 venalium
1103 3555 1269 3602 greges

248 3607 621 3656 circumstarent
638 3609 693 3665 ;''
724 3607 809 3654 scd
838 3605 975 3653 illam
1008 3605 1163 3668 magis
1186 3621 1263 3652 ve-

248 3687 347 3719 ram
388 3685 499 3718 esse
532 3671 696 3727 docet,
729 3677 777 3718 ct
810 3671 1050 3718 Catonem
1090 3675 1267 3716 testem

247 3735 467 3784 adhibet.
512 3735 680 3782 Coloni
701 3735 789 3781 alit·
811 3749 875 3782 se.
896 3735 1250 3784 Auruncorum.

310 3815 339 3862 3
374 3800 629 3862 Oppidum
658 3799 901 3858 dirutum]
953 3799 1272 3859 Quapropter

246 3879 429 3913 nomen
456 3863 565 3911 eius
584 3862 636 3910 111
660 3863 853 3910 foedere
879 3875 991 3910 eum
1017 3860 1207 3910 Latinis
1238 3876 1269 3908 a

247 3929 329 3990 Sp.
345 3927 523 3978 Cassio
542 3925 611 3975 U.
627 3927 686 3974 C.
704 3923 809 3974 261.
835 3925 933 3974 icto
955 3941 1053 3974 non
1077 3925 1266 3987 legitur.

250 3993 397 4041 Dion.
424 4008 472 4039 v,
493 3989 573 4040 61.
610 3989 815 4040 Niebhr.
841 3989 889 4039 ii.
912 4006 961 4053 p.
992 4002 1062 4051 17.
1086 4005 1165 4054 91.

308 4075 340 4119 4
371 4059 547 4118 Supra
579 4055 691 4104 bello·
722 4055 891 4103 Latini
923 4056 1126 4113 metum]
1188 4051 1269 4100 Li-

249 4123 421 4170 benter
450 4119 801 4182 amplectimur
822 4118 1136 4166 certissimam
1164 4117 1268 4166 Du-

249 4185 349 4233 iatii
372 4185 727 4242 coniecturam,
747 4181 843 4244 qui*
865 4183 1123 4245 legendum
1158 4197 1269 4229 cen-

248 4256 337 4308 set,
358 4251 473 4298 hello·
492 4249 684 4297 Sabini.
753 4245 938 4295 Melius
959 4261 1152 4309 quoque
1185 4261 1267 4293 no-

248 4313 321 4362 bis
354 4313 619 4370 videretur,
646 4327 798 4374 mper
820 4346 833 4358 .
858 4345 869 4360 .
897 4347 907 4358 .
930 4317 1120 4359 metum.
1189 4310 1269 4358 Sic

251 4377 373 4426 infra
408 4393 485 4440 ²7·
526 4379 693 4438 Super
736 4376 855 4424 haec
896 4377 1037 4424 timor
1078 4376 1271 4424 incessit

1322 2515 1497 2564 Sabini
1538 2514 1682 2562 belli.-
1729 2519 1780 2561 et
1822 2526 1897 2575 51.
1962 2517 2124 2575 Super
2167 2516 2343 2564 bellum

1324 2594 1525 2626 annona
1558 2583 1822 2639 premente.
1889 2577 2109 2652 Vulgata
2143 2579 2342 2639 quidem

1326 2641 1473 2691 lectio
1506 2645 1634 2688 stare
1667 2655 1806 2702 posse
1836 2656 1937 2689 non
1965 2641 2168 2690 ridetur.
2234 2642 2342 2690 Tri-

1322 2707 1459 2768 ginta
1480 2705 1610 2754 enim
1637 2705 1711 2752 illi
1735 2704 1924 2768 populi,
1948 2704 2031 2767 qui
2054 2705 2344 2765 coniurasse,

1326 2769 1536 2821 Octavio
1558 2769 1785 2818 Mamilio
1818 2769 2111 2828 concitante,
2133 2785 2248 2818 mox
2271 2771 2342 2819 di-

1324 2839 1518 2894 cuntur,
1561 2849 1660 2882 non
1698 2834 1784 2882 alii
1821 2839 1951 2892 sunt,
1989 2849 2137 2894 quam
2177 2835 2344 2883 Latini

1324 2897 1431 2962 ipsi.
1474 2900 1637 2948 Cam.
1711 2899 1840 2947 Fieri
1879 2903 2040 2961 potest
2077 2903 2134 2946 ut
2173 2897 2345 2948 Livius

1327 2965 1446 3012 velit
1494 2963 1674 3020 dicere,
1715 2963 1949 3012 maiorem
1991 2963 2174 3011 molem
2223 2963 2344 3012 belli

1327 3033 1520 3102 praeter
1551 3027 1942 3090 expectationem
1977 3027 2074 3075 iam
2104 3027 2344 3076 Romanis
2376 3061 2396 3068 -

1328 3107 1564 3154 ingruere,
1581 3107 1646 3140 sc.
1663 3107 1808 3140 omne
1824 3107 2002 3140 nomen
2021 3091 2250 3140 Latinum
2269 3107 2340 3142 ar-

1328 3171 1413 3204 ma
1434 3157 1632 3218 cepisse.

1394 3232 1420 3282 5
1455 3221 1746 3278 Dio-tatoris]
1798 3219 1900 3275 Qui
1923 3219 2022 3267 alio
2043 3220 2240 3268 nomine
2263 3236 2342 3268 vo-

1328 3285 1532 3332 cabatur
1569 3286 1796 3346 mayister
1831 3285 2023 3345 populi,
2067 3283 2224 3345 primo
2261 3301 2343 3347 op-

1328 3351 1445 3396 tima
1473 3350 1576 3411 ¹⁶9⁶
1610 3354 1816 3404 creatus,
1845 3347 1950 3394 sine
1983 3347 2344 3410 provocatione,

1328 3417 1502 3475 postea
1523 3427 1634 3460 vero
1668 3411 1927 3459 imminuto
1954 3411 2074 3461 iure.
2143 3412 2274 3462 Fest.
2299 3429 2344 3462 v.

1332 3478 1572 3539 Opt.Le.z·.
1595 3476 1769 3525 thCic.
1781 3476 1844 3524 de
1861 3475 1926 3525 R.
1944 3475 1973 3523 i.
1995 3491 2071 3537 40.
2107 3476 2266 3525 Varro
2283 3477 2346 3526 de

1332 3541 1389 3589 L.
1424 3541 1481 3590 L.
1514 3557 1557 3588 v.
1593 3555 1665 3601 ¹4·
1732 3541 1930 3588 Nomen
1965 3541 2162 3601 quidem
2196 3541 2346 3589 dicta-

1328 3605 1447 3652 toris
1504 3604 1684 3653 Latina
1735 3602 1934 3666 orIgine,
1977 3604 2160 3666 quippe
2214 3605 2348 3668 apud

1336 3671 1634 3718 Tusculanos
1653 3668 1800 3716 fuisse
1825 3667 1930 3716 Liv.
1955 3668 2021 3718 iii.
2051 3671 2120 3716 18.
2145 3673 2197 3716 et
2221 3669 2346 3717 Pris-

1334 3733 1441 3781 cian
1464 3732 1528 3781 iv.
1553 3751 1597 3793 4.
1623 3732 1706 3794 qui
1729 3732 1931 3782 Catonis
1952 3733 2098 3780 verba
2131 3749 2192 3780 ex
2227 3733 2348 3795 steg-

1333 3803 1502 3845 mento
1539 3797 1722 3860 Origin.
1757 3797 1806 3844 ii.
1839 3796 2029 3856 recitat,
2063 3799 2349 3846 Lanuvium

1332 3861 1435 3911 Cic.
1461 3875 1550 3923 pro
1568 3861 1680 3910 Mil.
1701 3875 1772 3910 10.
1794 3865 1944 3922 atque
1962 3862 2180 3910 Albanos
2199 3861 2349 3910 Dion.

1334 3942 1377 3974 v.
1400 3939 1477 3987 74,
1492 3930 1703 3974 narrant.
1771 3925 2015 3982 Dictator,
2036 3926 2350 3987 quemadmo-

1332 3991 1449 4038 dum
1486 4005 1638 4052 reges,
1672 3989 1802 4037 iussu
1837 3992 2030 4052 populi,
2061 3989 2351 4038 auctoritate

1332 4055 1530 4102 senatus
1547 4059 1734 4102 creatus
1751 4059 1846 4103 est:
1883 4069 1948 4101 sc.
1968 4059 2076 4115 post
2091 4059 2350 4115 acceptum

1332 4125 1530 4166 senatus
1543 4119 1792 4166 decretum
1807 4133 1838 4165 a
1851 4133 2040 4166 summo
2055 4116 2352 4177 reipublicae

1332 4182 1614 4244 magistratu
1629 4182 1838 4230 dictator
1850 4181 2009 4230 dictus
2022 4186 2111 4239 est,
2121 4185 2170 4227 ct
2184 4185 2354 4240 postea

1333 4248 1481 4307 leyem
1517 4248 1578 4294 de
1611 4246 1815 4308 imperio
1834 4248 2075 4293 curiata-m
2103 4245 2208 4305 ipse
2232 4245 2351 4291 fere-

1334 4313 1433 4359 bat.
1470 4309 1675 4359 Niebhr.
1700 4310 1731 4359 i.
1760 4325 1807 4370 p.
1835 4307 1941 4369 556.

1398 4373 1428 4423 6
1460 4375 1558 4422 Sed
1585 4389 1673 4423 nec
1703 4390 1797 4434 quo
1819 4373 1976 4429 armo]
2027 4370 2178 4418 Dion.
2203 4386 2247 4418 v.
2277 4382 2350 4431 72.

2472 1568 2568 1628 18.

2365 1649 2430 1700 U.
2455 1651 2514 1700 C.
2539 1665 2654 1714 253.

2361 1716 2421 1764 A.
2457 1717 2514 1764 C.
2539 1731 2648 1780 499.
