3000 4784
814 230 1005 299 LIB.
1055 232 1141 299 X.
1208 234 1432 300 CAP.
1482 240 1541 299 2.
2102 238 2227 299 559

121 384 332 427 arcem
373 363 512 427 suis
541 364 774 431 finibus
812 367 1190 455 impositam,
1221 390 1470 433 summa
1495 368 1561 433 vi
1596 389 1964 455 expugnare
2001 366 2227 445 adorti,
2250 378 2319 429 U.
2342 380 2537 443 (1451.

121 449 200 513 ab
244 450 402 535 ipsis
447 450 690 515 colonis
734 453 1077 538 pelluntur.
1173 452 1482 519 Ceterum
1532 468 1777 519 tantum
1812 454 2059 517 Romae
2104 466 2231 518 ter-

2250 446 2311 492 A.
2345 446 2405 493 C.
2435 460 2543 504 301.

2250 508 2324 556 M.
2345 507 2502 563 Livio,

121 556 330 599 rorem
377 536 612 613 fecere,
659 540 812 624 quia
854 540 964 603 vix
1015 540 1316 605 credibile
1367 554 1524 618 erat,
1574 553 1707 605 tam
1756 540 1997 605 affectis
2040 539 2232 604 rebus
2249 572 2325 619 M.
2344 571 2561 619 Aemilio

117 620 286 686 solos
329 644 454 709 per
497 644 564 687 se
595 628 860 723 Aequos
904 626 986 690 ad
1031 626 1270 691 bellum
1313 640 1582 703 οοοηοε,
1618 640 1693 691 ut
1738 626 2049 692 tumultus
2094 626 2232 689 eius
2250 637 2387 685 Cous.
2427 698 2437 709 ι

121 730 312 771 causa
349 707 632 773 dictator
669 710 988 776 diceretur
1029 712 1108 777 C.
1137 712 1361 778 Iunius
1397 712 1742 778 Bubulcus,
1834 712 1919 791 Is,
1951 734 2099 777 eum
2132 711 2225 775 M.
2248 699 2307 748 C·
2325 699 2499 747 Iumus

2249 763 2473 812 dictator.

122 794 372 857 Titinio
419 795 722 895 magistro
765 798 1056 896 equitum
1097 799 1436 885 profectuS,
1478 801 1685 887 primo
1728 821 2068 887 congressu
2098 798 2233 863 Ae·
2251 828 2447 887 Aequos

123 902 282 965 qUOS
331 881 608 967 subeglt,
651 904 743 959 ac,
785 882 890 948 dle
939 899 1159 949 octavo
1209 886 1605 971 triumphans
1651 887 1721 949 in
1768 886 1990 950 urbem
2030 907 2231 971 quum
2249 890 2439 951 subigit,

123 966 416 1043 redisset,
449 968 676 1031 aedem
720 968 972 1046 Salutis,
1005 992 1198 1055 quam
1237 972 1459 1034 consul
1495 984 1768 1048 voverat,
1800 994 2022 1035 censor
2066 971 2232 1035 loca-

123 1066 321 1128 verat,
353 1053 634 1117 dictator
661 1054 996 1120 dedicavit,

215 1138 474 1203 Eodem
515 1162 686 1204 anno
725 1140 936 1205 classis
971 1140 1384 1221 Graecorum,
1426 1140 1786 1231 Cleonymo
1826 1144 1989 1207 duce
2031 1143 2234 1208 Lace-

125 1223 494 1303 daemonio,
527 1227 609 1291 ad
639 1226 860 1291 Italiae
901 1227 1088 1293 litora
1120 1228 1403 1315 appulsa,
1438 1228 1713 1293 Thurias
1744 1230 1967 1294 urbem
1997 1230 2065 1292 in
2100 1229 2235 1294 Sal-

125 1309 390 1376 lentinis
443 1312 632 1399 cepit,
724 1313 1050 1379 Adversus
1106 1315 1279 1380 hunc
1337 1314 1586 1380 hostem
1644 1315 1866 1380 consul
1919 1315 2235 1379 Aemilius

127 1398 356 1463 missus
401 1398 645 1486 proelio
689 1422 820 1464 una
855 1401 1144 1488 fugatum
1184 1401 1493 1502 compulit
1536 1402 1607 1464 in
1649 1424 1857 1467 naves
1951 1401 2234 1465 Thuriae

125 1484 420 1549 redditae
481 1486 681 1549 veteri
740 1486 1006 1551 cultori:
1082 1486 1563 1573 Sallentlnoque
1630 1511 1779 1576 agro
1843 1510 1970 1575 pax
2036 1500 2232 1573 parta.

130 1569 394 1635 Iunium
446 1570 810 1636 Bubulcum
860 1573 1236 1638 dictatorem
1288 1575 1548 1639 missum
1600 1574 1669 1638 in
1721 1574 2121 1651 Sallentinos,
2166 1574 2238 1637 in

2373 1144 2431 1200 2.

129 1657 518 1742 quibusdam
547 1658 878 1723 annalibus
907 1660 1202 1725 invenioz
1252 1674 1318 1724 et
1350 1657 1779 1749 Cleonymum
1815 1661 2011 1748 priuS,
2042 1682 2237 1747 quam
2254 1672 2557 1733 cleonymus

131 1744 614 1830 confligendum
654 1759 818 1810 esset
859 1769 1007 1810 cum
1040 1746 1368 1824 Romanis,
1399 1746 1588 1811 Italia
1629 1748 1985 1813 excessisse.
2092 1744 2240 1811 Cir·
2257 1738 2439 1785 Lacon.

131 1844 506 1895 cumvectus
555 1831 707 1895 inde
757 1831 1086 1897 Brundisii
1132 1833 1657 1920 promontorium,
1706 1834 2046 1920 medioque
2094 1834 2239 1897 sinu

135 1912 516 1981 Hadriatico
573 1918 779 1982 ventis
835 1919 1018 1996 latus,
1079 1942 1280 2007 quum
1344 1918 1525 1984 laeva
1580 1921 1969 2008 importuosa
2019 1918 2239 1985 Italiae

133 1999 338 2079 litora,
379 2002 612 2069 dextra
653 2003 857 2093 Illyrii
901 2005 1299 2092 Liburnique
1347 2018 1416 2070 et
1460 2005 1628 2083 Istri‚
1672 2020 1895 2093 gentes
1940 2006 2129 2083 ferae,
2175 2018 2242 2070 et

135 2108 366 2174 magna
417 2111 503 2153 ex
561 2103 740 2192 parte
791 2090 1137 2155 latrociniis
1187 2092 1521 2155 maritimis
1572 2092 1856 2169 infames,
1912 2104 2237 2168 terrerent,

133 2175 392 2259 penitus
423 2175 508 2241 ad
534 2176 720 2241 htora
741 2176 1139 2241 Venetorum
1166 2177 1474 2264 pervenit.
1539 2177 1641 2242 Ibi
1670 2178 1972 2264 expositis
2002 2178 2238 2263 paucis,

138 2261 250 2359 qui
307 2261 454 2327 loca
509 2262 931 2349 explorarent,
985 2284 1187 2350 quum
1237 2262 1534 2340 audisset,
1588 2276 1782 2328 tenue
1839 2274 2241 2349 praetentum

138 2344 286 2411 litus
316 2370 498 2424 esse3
545 2349 720 2437 quod
759 2348 1158 2436 transgressis
1191 2360 1413 2436 stagna
1445 2349 1527 2413 ab
1562 2360 1763 2436 tergO,
1792 2348 2029 2435 irrigua
2056 2348 2242 2413 aesti-

139 2431 256 2497 bus
307 2434 682 2511 maritimis3
863 2458 934 2500 os
991 2434 1164 2500 haud
1214 2434 1437 2521 procul
1485 2435 1811 2522 proximos
1860 2444 2241 2522 campestres

141 2520 349 2597 cemi3
399 2519 702 2587 ulteriora
728 2545 804 2587 co
829 2522 960 2597 les;
1007 2520 1158 2585 inde
1200 2544 1334 2585 esse
1375 2523 1611 2586 ostium
1638 2521 1919 2585 fluminis
1956 2518 2239 2606 praealti,

143 2626 270 2752 guo
319 2608 667 2694 circumagi
718 2630 910 2673 naves
961 2608 1031 2671 in
1081 2607 1419 2671 stationem
1471 2619 1674 2672 tutam
1724 2606 1993 2671 vidisse:
2062 2604 2243 2693 (Me-

188 2714 383 2758 uacus
437 2694 640 2757 amnis
691 2693 856 2778 erat)
907 2716 985 2757 eo
1036 2694 1352 2759 invectam
1401 2694 1664 2758 classem
1714 2692 1926 2758 subire
1978 2692 2241 2755 flumine

143 2776 411 2844 adverso
461 2779 656 2844 iussit.
751 2779 1168 2844 Gravissimas
1217 2780 1476 2844 navium
1536 2802 1667 2846 non
1715 2778 1979 2866 pertulit
2028 2777 2245 2842 alveus

145 2862 464 2930 fluminis:
529 2866 602 2929 in
647 2865 882 2930 leviora
927 2866 1182 2953 navigia
1224 2880 1609 2953 transgressa
1652 2865 1997 2930 multitudo
2044 2886 2247 2929 arma-

147 2960 355 3016 torum
402 2950 486 3016 ad
522 2952 890 3039 frequentes
935 2974 1137 3038 agros,
1179 2952 1379 3017 tribus
1425 2952 1755 3017 maritimis
1794 2951 2247 3016 Patavinorum

147 3034 298 3101 vicis
325 3038 682 3104 colentibus
712 3062 853 3103 eam
882 3061 1079 3116 oram,
1109 3039 1417 3127 pervenit.
1495 3038 1597 3105 Ibi
1627 3038 1880 3127 egressi,
1911 3037 2037 3101 levi
2065 3060 2248 3124 prae-

149 3120 310 3188 sidio
359 3124 628 3189 navibus
672 3126 914 3203 relicto,
959 3125 1132 3190 vicos
1177 3137 1569 3213 expugnant,
1616 3126 2014 3189 inflammant
2060 3136 2247 3197 tecta,

149 3204 482 3275 hominum
525 3210 974 3298 pecudumque
1018 3210 1286 3297 praedas
1330 3224 1549 3297 agunt,
1586 3224 1655 3275 et
1686 3208 2027 3275 dulcedine
2068 3230 2251 3305 prae-

151 3290 346 3361 dandi
387 3296 642 3384 longius
679 3320 883 3384 usque
918 3320 959 3361 a
991 3296 1258 3361 navibus
1293 3296 1668 3383 procedunt.
1760 3293 1945 3359 Haec
1986 3292 2098 3357 ubl
2126 3292 2251 3356 Pa-

216 3510 249 3561 6
281 3514 463 3564 Censor
482 3515 749 3574 ἱοοαυοναί]
792 3511 936 3575 Supr.
957 3509 1024 3561 ix.
1047 3526 1126 3571 44.
1303 3510 1334 3557 8
1371 3508 1611 3568 nur-ias]
1670 3508 1902 3567 sturiae,
1934 3506 2037 3556 sive
2076 3508 2252 3557 Thurii

221 3586 248 3637 7
270 3579 524 3639 Cleonymo
537 3580 659 3627 duce
669 3576 1070 3635 Lacedaemonio]
1088 3572 1168 3622 Fi·
1234 3574 1406 3621 cadem
1439 3574 1557 3620 urbs
1586 3571 1697 3630 fuit,
1722 3587 1849 3634 quae
1881 3571 2016 3645 prius
2034 3572 2253 3633 Sybaris,

157 3635 250 3687 lius
273 3642 461 3691 scilicet
483 3640 762 3691 Cleomenis
781 3640 922 3701 regis,
942 3644 994 3687 et
1015 3652 1168 3699 nepos
1233 3642 1404 3699 postea
1423 3651 1455 3684 a
1479 3636 1719 3685 Romamn
1740 3636 1985 3684 colomam
2014 3650 2075 3684 eo
2101 3636 2251 3684 dedu-

159 3702 458 3753 cleombroti
495 3705 579 3767 qui
615 3705 749 3766 apud
789 3704 1052 3752 Leuctram
1090 3714 1168 3749 oe-
1233 3700 1456 3749 centibus
1467 3700 1649 3761 Copiae
1664 3698 1798 3747 dieta
1818 3704 1907 3747 est.
1972 3699 2203 3748 Ceterum
2222 3715 2254 3748 a

161 3768 405 3817 cubuerat.
446 3768 657 3830 Legatos
671 3768 900 3829 Spartam
912 3764 1170 3815 Tarentini
1235 3762 1522 3813 Sallentinis
1559 3762 1827 3812 Tarentino
1860 3763 1971 3811 sinu
1984 3761 2253 3817 ,dividitun

159 3830 404 3892 miserant,
425 3832 510 3893 qui
541 3830 780 3879 auxilium
812 3831 1044 3879 adversus
1073 3829 1169 3877 Lu·
1235 3829 1399 3879 Cur.
2072 3890 2083 3901 1

163 3906 307 3943 canos
327 3902 568 3959 peterent,
582 3900 634 3943 et
653 3896 956 3956 Cleonymus
975 3898 1174 3955 propter
1299 3907 1333 3956 9
1353 3892 1667 3951 Sallentinis]
1702 3890 1809 3948 Qui
1826 3906 1939 3953 pars
1952 3896 2111 3963 gentis
2123 3890 2254 3937 Mes-

163 3959 482 4019 suspicionem
500 3958 634 4021 regni
649 3957 1038 4020 appetendi‚quo
1051 3962 1174 4005 tem·
1237 3956 1484 4019 sapim-um
1526 3960 1683 4015 erant,
1718 3954 1903 4017 origine
1936 3956 2149 4025 Creties.
2190 3953 2255 4001 cf.

165 4032 280 4077 pore
308 4022 467 4071 fratris
495 4024 626 4071 filius
647 4023 805 4071 Areus
822 4022 1075 4083 regnabat,
1096 4035 1176 4069 ve-
1241 4021 1415 4070 Strabo
1448 4019 1513 4070 vi.
1548 4035 1598 4082 p.
1636 4032 1745 4083 279.
1802 4017 1989 4066 Herod.
2032 4029 2111 4063 vn.
2150 4024 2256 4075 170.

165 4082 292 4133 niam
324 4088 390 4135 ab
425 4086 653 4149 Ephous,
685 4090 742 4133 ut
774 4084 1044 4133 exercitum
1075 4084 1176 4133 suis
1238 4084 1524 4133 Athenaeus
1554 4081 1639 4131 xii.
1664 4098 1713 4145 p.
1732 4093 1842 4142 5²²·
1878 4080 2037 4127 Varro
2061 4077 2256 4138 Fragm.

165 4149 388 4209 auspiciis
412 4150 742 4211 conscriptum
768 4148 820 4196 in
849 4148 1049 4197 Italiam
1077 4154 1173 4196 tra-
1236 4147 1306 4197 iii.
1325 4148 1491 4208 Antiq.
1508 4148 1626 4196 Rer.
1643 4146 1863 4218 Hum3p.
1879 4156 1989 4203 205.
2022 4141 2199 4189 Festus
2212 4155 2257 4190 v.

165 4206 344 4273 iicet-et,
363 4213 556 4262 facilius
585 4212 882 4275 impetravit.
946 4212 1046 4261 Sed
1071 4226 1176 4259 rem
1238 4212 1519 4269 Sallentini,
1537 4209 1623 4271 qui
1641 4207 1728 4256 alii
1748 4207 1849 4255 aba
1870 4209 2081 4255 narrant.

167 4278 316 4325 totam
338 4278 534 4327 uberius
555 4276 774 4339 explicat
797 4276 946 4325 Diod.
967 4290 1050 4324 xx.
1069 4290 1174 4337 104.
