3000 4784
904 209 1093 276 LIB.
1154 209 1204 276 I.
1267 210 1487 276 CAP.
1537 217 1639 277 56.
2231 215 2311 278 63

221 369 394 434 rege,
417 347 698 434 primum
726 348 796 410 in
824 347 962 434 ipso
977 347 1339 412 discrimine
1364 348 1659 412 adversus
1691 345 2038 410 Romulum
2060 368 2313 432 pugnae

221 453 387 511 vota,
417 446 781 498 consecrata
807 436 1304 522 inaugurataque
1334 446 1555 520 postea
1579 433 1843 497 filerant.
1934 431 2112 496 Inter
2140 434 2315 520 prin-

179 541 204 590 7
221 521 396 606 cipia
419 520 742 584 condendi
770 521 959 584 huius
989 521 1194 608 operis
1223 520 1488 585 movisse
1529 542 1767 584 numen
1798 519 1879 582 ad
1908 517 2315 583 indicandam

223 609 388 670 tanti
433 608 686 694 imperii
729 607 960 672 molem
1007 607 1277 672 traditur
1313 607 1499 671 deos:
1564 628 1731 683 nam,
1778 628 1977 692 quum
2029 605 2315 669 omnium

175 705 206 751 8
222 693 598 758 sacellorum
655 693 1178 780 exaugurationes
1237 692 1645 758 admitterent
1694 715 1855 769 aveS‚
1906 692 1975 755 in
2027 692 2317 756 Termini

219 779 374 843 fano
415 802 550 845 non
589 779 909 844 addixere.
1001 779 1081 844 Id
1125 802 1313 844 omen
1357 780 1818 866 auguriumque
1860 778 1949 842 ita
1987 791 2317 866 acceptum

221 879 360 942 est3
424 889 556 929 non
599 879 836 930 motam
882 866 1171 932 Termini
1213 865 1449 942 sedem,
1491 888 1818 951 unumque
1864 888 2011 928 eum
2050 865 2317 930 deorum

223 975 358 1016 non
389 965 718 1016 evocatum
758 953 1014 1016 sacratis
1041 953 1160 1017 sibi
1187 952 1438 1028 finibuS,
1469 951 1652 1015 firma
1687 950 2057 1038 stabiliaque
2088 964 2319 1015 cuncta

221 1038 626 1124 portendere.
719 1038 866 1103 Hoc
910 1039 1344 1139 perpetuitatis
1388 1038 1668 1125 auspicio
1708 1049 1987 1124 accepto,
2029 1051 2317 1102 secutum

223 1125 422 1202 aliud,
476 1125 980 1212 magnitudinem
1039 1126 1290 1212 1mperii
1346 1124 1750 1212 portendenS,
1798 1123 2159 1210 prodigium
2202 1137 2311 1188 est.

227 1210 451 1297 Caput
497 1211 844 1276 humanum
904 1213 1151 1299 integra
1203 1211 1364 1274 facie
1423 1210 1851 1296 aperientibus
1906 1210 2320 1274 fundamenta

222 1296 452 1384 templi
499 1296 732 1362 dicitur
789 1299 1165 1384 apparuisse.
1262 1297 1446 1372 Quae
1497 1298 1631 1360 visa
1676 1297 1934 1382 specieS,
1982 1295 2155 1359 haud
2205 1318 2319 1382 per

221 1386 372 1450 amb
575 1406 784 1448 arcem
823 1407 964 1448 eam
1005 1383 1252 1470 imperii
1297 1395 1611 1470 caputque
1644 1405 1852 1446 rerum
1888 1382 2021 1445 fore
2062 1394 2319 1468 porten-

221 1472 462 1535 debat:
525 1470 592 1534 id
639 1495 720 1534 ue
767 1471 859 1535 ita
915 1471 1200 1534 cecinere
1257 1483 1451 1546 vates,
1505 1469 1619 1555 qui
1665 1493 1744 1532 ue
1792 1469 1861 1532 in
1911 1469 2065 1532 urbe
2117 1483 2317 1544 erant,

177 1593 208 1642 9
269 1581 318 1620 u
435 1581 516 1621 ue
667 1579 810 1621 eam
844 1579 978 1621 rem
1019 1555 1498 1621 consultandam
1528 1579 1611 1620 ex
1712 1555 1909 1618 truria
1944 1554 2315 1618 acciverant.

223 1579 420 1732 Ruge
505 1657 608 1708 tur
646 1643 728 1708 ad
766 1644 1082 1731 impensas
1123 1665 1190 1707 re
1235 1643 1288 1706 is
1326 1643 1591 1707 animus.
1682 1639 1908 1728 Itaque
1946 1640 2319 1706 Pometinae

225 1730 588 1807 manubiae,
636 1753 800 1817 quae
931 1729 1171 1794 rducen
1219 1753 1257 1794 o
1317 1730 1398 1793 ad
1445 1729 1699 1793 culmen
1747 1729 1922 1814 operi
1969 1727 2319 1792 destinatae

183 1849 204 1882 1
225 1829 430 1894 erant,
459 1817 570 1880 vix
607 1817 678 1880 in
705 1754 1119 1881 fimgmenta
1145 1816 1644 1904 suppeditavere.
1738 1813 1837 1879 Eo
1864 1815 2061 1900 magis
2102 1813 2318 1891 Fabio,

227 1917 672 1990 praeterquam
717 1904 893 1989 quod
936 1904 1255 1989 antiquior
1296 1916 1410 1978 est,
1455 1901 1855 1978 crediderim,
1902 1901 2323 1988 quadraginta

181 2021 208 2053 α
227 2013 306 2053 ea
333 1989 469 2053 sola
496 1989 732 2054 talenta
757 1990 970 2065 fuisse,
1003 2011 1195 2088 quam
1234 1988 1491 2064 Pisoni3
1539 1987 1653 2075 qui
1682 1987 2097 2074 quadraginta
2125 1987 2323 2051 millia

227 2075 447 2162 pondo
465 2077 708 2162 argenti
731 2075 1005 2162 seposita
1022 2098 1090 2138 m
1107 2097 1249 2140 eam
1266 2097 1400 2138 rem
1423 2075 1659 2150 scribit,
1679 2095 1989 2136 summam
2010 2074 2317 2160 pecuniae

229 2185 443 2249 neque
473 2185 554 2226 ex
587 2164 938 2228 unius-tum
969 2161 1140 2226 urbis
1169 2160 1402 2247 praeda
1429 2159 1824 2246 sperandam,
1857 2170 1922 2222 et
1950 2159 2203 2235 nullius,
2236 2181 2318 2222 ne

229 2250 462 2313 horum
512 2249 772 2335 quidem
819 2247 1326 2336 magnificentiae
1385 2268 1668 2334 operum,
1720 2242 2132 2309 fundamenta
2187 2267 2319 2310 non

229 2348 766 2422 exsuperaturmn.

319 2420 616 2484 Intentus
653 2421 1042 2508 perficiendo
1087 2419 1342 2506 temp10‚
1382 2419 1573 2483 fabris
1611 2418 1893 2504 undique
1939 2439 2019 2482 ex
2067 2417 2323 2480 Etruria

231 2506 471 2584 accitis,
531 2529 662 2571 non
716 2509 990 2595 pecunia
1044 2506 1248 2571 solum
1300 2504 1382 2569 ad
1427 2504 1496 2567 id
1546 2504 1801 2590 publica
1849 2519 1945 2567 est
1996 2524 2163 2578 usna,
2209 2503 2322 2566 sed

185 2593 448 2680 zoperis
496 2593 688 2658 etiam
732 2617 812 2658 ex
863 2593 1065 2681 plebe.
1162 2593 1297 2668 Qui
1346 2613 1547 2678 quum
1592 2589 1764 2653 haud
1810 2611 2036 2675 parvus
2079 2603 2146 2652 et
2188 2588 2322 2673 ipse

233 2680 499 2744 militiae
530 2680 866 2744 adderetur
893 2679 1088 2757 labor,
1119 2679 1328 2742 minus
1371 2691 1584 2742 tamen
1622 2675 1799 2776 plebs
1832 2677 2223 2762 gravabatur,
2254 2697 2321 2738 se

185 2799 218 2842 4
234 2765 478 2853 templa
519 2766 710 2830 deum
749 2766 1165 2830 exaedificare
1209 2764 1503 2828 manibus
1544 2785 1706 2827 sins:
1754 2784 1918 2847 quae
1955 2761 2216 2849 posthac
2256 2773 2323 2826 et

305 2959 334 3007 7
367 2947 582 2994 Movisse
601 2945 807 3003 numen]
833 2959 900 2992 sc.
925 2943 1248 2992 Voluntatem

1315 2943 1511 2991 Priscus
1556 2957 1686 3004 supr.
1735 2944 1809 3003 38.
1868 2946 2164 2990 memoratur
2219 2957 2321 2990 are-

235 3009 454 3058 divinam
475 3009 758 3057 declarans.

1311 3022 1392 3056 am
1424 3008 1488 3055 ad
1518 3008 1689 3054 aedem
1717 3006 1769 3053 in
1792 3006 2039 3069 Capitolio
2064 3005 2195 3054 Iovis
2216 3006 2320 3054 fim-

311 3075 342 3122 8
388 3075 624 3132 Termini]
697 3073 764 3120 Et
805 3073 1084 3120 Iuventutis
1125 3075 1250 3119 teste

237 3137 348 3199 ipso
393 3137 531 3184 Livio
570 3151 613 3183 v.
655 3148 730 3196 54.
803 3135 1006 3196 Dionys.
1057 3133 1124 3182 iii.
1169 3133 1247 3198 69.

240 3202 426 3263 quippe
445 3200 568 3248 haec
587 3198 936 3260 significabant,
948 3199 1250 3247 iuventutem

393 3271 548 3322 tuam,
561 3270 612 3311 et
631 3263 862 3311 terminos
881 3279 979 3310 non
1001 3269 1128 3310 retro
1147 3275 1248 3308 mo-

242 3329 426 3377 vendos
442 3329 633 3376 Romae
651 3326 886 3389 portendi.
904 3325 1097 3375 Primus
1120 3326 1250 3387 Imp.

243 3393 528 3442 Hadrianus
549 3391 669 3439 fines
686 3391 936 3439 Romanos
956 3388 1211 3439 contraxit.

307 3472 338 3520 9
370 3459 456 3504 Es·
507 3457 720 3503 Etruria
772 3455 1072 3512 wciverant]
1155 3452 1249 3501 Mi-

243 3521 378 3569 nime
431 3519 633 3568 dubium
695 3523 785 3577 est,
839 3518 956 3578 quin
1009 3519 1254 3566 elementa

241 3585 390 3647 plura
432 3583 642 3632 Etrusca
691 3582 743 3630 in
787 3581 984 3630 civitate
1025 3582 1255 3630 Romana

241 3653 514 3711 appareant
553 3662 596 3696 e.
627 3661 674 3709 g.
724 3647 756 3672 ‘⁸
775 3645 1068 3705 Etruriaque
1115 3644 1252 3692 disci-

243 3713 432 3775 plinam
451 3712 694 3774 principes
709 3710 938 3768 doceto‚’'
953 3709 1083 3769 quod
1099 3723 1256 3770 usque

242 3778 308 3825 ad
349 3775 508 3825 Cicer.
557 3779 768 3824 aetatem
817 3773 868 3821 in
917 3788 1008 3822 usu
1061 3771 1254 3820 mansit.

242 3855 390 3902 quem
409 3841 469 3888 ct:
487 3841 551 3888 de
569 3839 734 3888 Divin.
752 3838 784 3886 i.
802 3852 879 3900 41.
898 3837 961 3886 de
979 3837 1124 3898 Legg.
1143 3835 1191 3884 ii.
1208 3849 1254 3899 9.

243 3906 330 3952 sed
347 3904 400 3952 N
401 3903 553 3952 iebhr.
577 3904 740 3964 placet
759 3917 857 3952 non
879 3903 1027 3949 modo
1047 3900 1258 3949 artifices

246 3969 482 4018 Etruscos
500 3967 682 4015 accitos
707 3965 869 4025 fuine,
891 3973 942 4014 et
967 3967 1150 4028 triplici
1179 3965 1256 4013 illi

242 4034 464 4082 Domum
483 4033 676 4079 numini
696 4047 758 4079 ea·
777 4031 1026 4091 alifien«,
1039 4032 1256 4078 Etrusca

243 4098 410 4145 aedon
450 4096 716 4144 dodioaecm
757 4109 874 4152 esse,
915 4095 1000 4142 sed
1047 4093 1100 4140 in
1147 4093 1254 4154 ipso

243 4160 436 4222 templo
483 4157 766 4220 Capitolino
810 4159 1108 4219 permultum
1150 4171 1254 4204 esse

243 4223 380 4285 quod
409 4223 668 4276 Etmscsm
697 4221 930 4284 originem
953 4226 1156 4282 saperet.
1191 4221 1251 4268 cf.

246 4289 298 4336 N
302 4288 456 4336 iebhr.
479 4287 511 4335 i.
535 4303 582 4348 p.
611 4287 715 4348 138.
740 4299 848 4348 493.

316 4367 338 4400 1
375 4351 744 4409 Fundamenta]
790 4349 942 4410 Atqui
963 4347 1258 4410 Tarquinius

1313 3070 1554 3119 (lamentis
1590 3086 1862 3132 occupasse.
1929 3070 2027 3118 Sed
2064 3069 2187 3117 haec
2225 3085 2322 3118 non

1313 3135 1573 3182 difficulter
1604 3134 1849 3183 conciliari
1882 3139 2102 3196 possunt,
2134 3133 2174 3180 si
2210 3149 2322 3180 cum

1316 3198 1464 3247 Dion.
1503 3199 1722 3246 dicamus
1757 3199 1915 3245 solum
1950 3198 2323 3258 superstruendo

1314 3261 1448 3322 operi
1457 3268 1737 3322 aequatum,
1747 3267 1797 3308 et
1805 3261 2063 3309 exstructis
2072 3260 2325 3322 aggeribus

1316 3326 1681 3386 complanatum
1719 3325 1864 3373 fuisse
1906 3339 1937 3372 a
1977 3324 2173 3382 Prisco;
2215 3325 2321 3372 fun-

1314 3389 1547 3436 damenta
1582 3387 1732 3450 ipsius
1761 3387 1969 3437 aedificii
2006 3389 2136 3436 iacta
2171 3403 2203 3436 a
2234 3389 2322 3438 Su-

1316 3453 1480 3513 perbo.
1514 3452 1675 3501 Casv.

1382 3531 1408 3564 2
1443 3517 1641 3575 Pisoni]
1682 3515 1737 3564 L.
1753 3515 2049 3578 Calpurnius
2067 3516 2181 3564 Piso
2206 3515 2322 3564 Fru-

1315 3580 1364 3654 gi
1400 3581 1600 3642 reliq-uit
1642 3581 1846 3628 annales
1878 3581 2072 3628 exiliter
2106 3582 2323 3642 εον-ὅριοι,

1317 3643 1476 3706 inquit
1518 3644 1692 3693 Cicero
1734 3642 1785 3690 in
1831 3643 2005 3702 Bruto,
2048 3642 2152 3692 106.
2219 3643 2323 3692 'rri-

1316 3709 1476 3755 bunus
1512 3707 1669 3770 plebis
1706 3711 1810 3755 erat
1847 3707 2003 3768 primo
2036 3723 2163 3756 anno
2194 3707 2325 3756 tertii

1321 3771 1496 3819 Punici
1512 3771 1650 3830 belli,
1662 3777 1787 3820 teste
1801 3773 1973 3820 eodem
1991 3771 2107 3821 ibid.
2141 3773 2323 3821 Consul

1319 3835 1413 3882 fuit
1433 3851 1563 3884 anno
1588 3836 1653 3884 U.
1673 3836 1731 3884 C.
1750 3833 1859 3899 619.
1926 3836 2193 3884 Censuram
2220 3841 2327 3896 post

1318 3899 1506 3960 aliquot
1539 3915 1693 3947 annos
1727 3899 1889 3960 gessit,
1922 3899 2053 3948 unde
2086 3898 2261 3960 passIm
2296 3913 2327 3946 a

1319 3963 1579 4026 Dionysio,
1618 3963 1799 4021 Plinio,
1831 3963 2097 4012 Censorino
2129 3967 2329 4010 vocatur

1321 4028 1436 4076 Piso
1457 4028 1713 4076 censorius.
1747 4027 1909 4076 Cnsv.

1385 4107 1412 4154 3
1447 4094 1545 4151 Qm‘
1586 4107 1737 4156 quum
1777 4091 1915 4139 haud
1950 4089 2164 4153 parom]
2224 4086 2328 4141 Qui

1317 4156 1456 4204 labor
1474 4154 1784 4214 aedificandi,
1800 4160 1851 4203 et
1870 4155 1976 4216 ipse
1988 4155 2121 4202 haud
2138 4164 2329 4212 parvus,

1317 4235 1428 4267 cum
1461 4220 1723 4269 adderetur
1752 4219 1971 4267 militiae.
2018 4219 2061 4265 Ι.
2099 4215 2156 4264 F.
2192 4213 2329 4263 Gno-

1321 4297 1432 4332 nov,

1385 4367 1414 4408 4
1449 4349 1587 4406 Quae
1633 4346 1859 4410 posthac]
1919 4344 2001 4392 Ita
2049 4343 2187 4391 codd.
2242 4343 2329 4392 sed

2435 2421 2536 2480 56.
