3000 4784
389 339 456 390 U.
480 339 540 390 G.
563 355 672 405 ¹245.

385 404 446 454 A.
480 406 539 455 Ο.
563 419 673 469 507.

385 530 642 581 submittit

383 595 537 644 fasces
557 613 642 659 po-

386 659 520 720 pulo.

385 857 451 904 Se
473 836 663 918 purgat.

508 2419 567 2478 8.

381 2501 539 2616 ¹¹²Letgees
553 2502 616 2550 ab
633 2517 692 2552 eo

713 201 800 261 30
1471 198 1696 266 ΤΙΤΙ
1756 197 2030 265 LIVII

712 332 1276 422 inexpugnabilem
1313 336 1465 402 fore.
1559 335 1741 401 Haec
1770 337 1944 401 dicta
1980 333 2172 420 vulgo
2200 331 2567 419 creditaque
2606 353 2813 430 quum

711 420 1092 508 indignitate
1121 436 1432 509 angerent
1457 423 1733 488 consulis
1767 423 2071 498 animum,
2100 433 2323 485 vocato
2352 418 2437 483 ad
2464 417 2811 482 concilium

712 507 968 606 popule,
993 509 1336 574 summissis
1350 509 1625 576 fascibus
1652 510 1723 574 in
1744 509 2116 574 concionem
2136 506 2435 572 escendit.
2534 491 2863 600 Gratum}

711 592 783 656 1d
809 594 1202 660 multitudini
1230 595 1662 683 spectaculum
1688 596 1811 661 fuit
1818 620 1837 673 ;
1884 595 2215 660 summissa
2240 593 2360 657 sibi
2389 613 2523 659 esse
2552 590 2811 677 imperii

713 679 1018 768 insignia:
1067 681 1654 769 confessionemque
1697 683 1946 759 factam,
1979 679 2226 832 pIopuli,
2272 700 2466 766 quam
2509 676 2809 777 consuli&

715 793 1539 920 ...m
1732 791 1885 920 2⁸32·
1921 763 2814 928 φης-ε,
2874 812 2891 822 -

715 947 735 977 ‘
752 939 1012 1018 honore,
1042 965 1158 1028 pro
1187 940 1511 1042 republica
1540 879 2148 1020 ffiiganssmatura
2171 963 2216 1026 g
2238 939 2395 1016 oria,-
2420 937 2701 1036 necdum
2742 959 2811 1001 se

717 1033 738 1063 ‘
752 1039 1038 1092 vertente
1060 1028 1128 1090 in
1151 1028 1474 1106 inwdiam,
1499 1041 1770 1093 mortem
1788 1028 2202 1093 occubuisset.
2297 1025 2379 1090 Se
2402 1036 2810 1110 superstitem

715 1119 736 1151 ‘
751 1112 986 1200 gloriae
1015 1137 1165 1178 suae
1194 1113 1279 1180 ad
1305 1115 1547 1180 crimen
1575 1129 1766 1202 atque
1796 1114 2099 1179 invidiam
2128 1135 2486 1200 superesse:
2535 1133 2617 1174 ex
2647 1109 2813 1176 libe-

715 1206 738 1236 ‘
753 1212 958 1265 ratore
980 1201 1220 1288 patriae
1242 1202 1325 1265 ad
1347 1201 1669 1288 Aquillios
1690 1225 1757 1267 se
1786 1200 2200 1287 Vitelliosque
2223 1198 2536 1263 recidisse.
2615 1195 2685 1260 N
2687 1219 2813 1260 un-

715 1293 738 1323 ‘
753 1309 1028 1375 quamne
1072 1289 1262 1375 e1g0,'
1295 1287 1526 1375 inquit,
1576 1298 1597 1327 ‘
1614 1288 1743 1353 ulla
1784 1288 1946 1354 adeo
1989 1311 2028 1352 a
2067 1287 2247 1351 vobis
2288 1296 2571 1372 spectata
2607 1283 2811 1348 virtus

715 1379 736 1410 ‘
751 1373 893 1451 erit,
931 1387 1004 1439 ut
1040 1375 1396 1462 suspicione
1435 1375 1657 1440 violari
1694 1375 2018 1463 nequeat?
2062 1373 2203 1460 Ego
2247 1394 2371 1449 me,
2412 1371 2591 1435 illum
2632 1392 2811 1434 acer-

715 1468 736 1496 ‘
751 1461 985 1524 rimum
1041 1483 1265 1549 regum
1321 1461 1587 1538 hostem,
1641 1463 1850 1549 ipsum
1907 1460 2273 1561 cupiditatis
2330 1457 2510 1545 regni
2561 1457 2809 1522 crimen

715 1554 735 1585 ‘
755 1547 1111 1611 subiturum
1157 1547 1497 1612 timerem?
1559 1548 1719 1635 Ego,
1768 1549 1819 1612 si
1863 1549 1934 1612 in
1982 1570 2119 1635 ipsa
2160 1569 2301 1610 arce
2354 1543 2807 1644 Capitolioque

714 1639 735 1670 ‘
750 1631 1119 1711 habitarem,
1179 1634 1378 1698 metui
1435 1657 1540 1698 me
1598 1633 1923 1699 crederem
2026 1651 2161 1698 osse
2220 1656 2260 1697 a
2306 1631 2549 1696 civibus
2598 1653 2763 1694 meis
2778 1631 2809 1694 Ρ

713 1725 736 1755 ‘
753 1718 918 1783 Tam
945 1718 1073 1784 levi
1111 1733 1437 1786 momento
1467 1743 1611 1784 mea
1637 1719 1809 1808 apud
1835 1743 1947 1786 vos
1999 1743 2143 1785 ama
2167 1719 2408 1808 pendet
2424 1719 2455 1782 ἰ’
2528 1715 2807 1782 Adeone

713 1811 734 1843 ‘
749 1816 847 1870 est
873 1805 1139 1871 fundata
1164 1806 1390 1871 leviter
1415 1807 1596 1884 fides,
1627 1820 1719 1885 ut,
1753 1807 1863 1872 ubi
1892 1808 2032 1885 sim,
2109 1829 2259 1871 uam
2286 1805 2400 1892 qui
2432 1805 2573 1881 sim,
2604 1804 2809 1891 magis

713 1899 733 1928 ‘
749 1892 978 1956 referat
994 1894 1025 1957 Ρ
1069 1891 1226 1958 Non
1253 1893 1594 1981 pbstabunt
1628 1894 1703 1959 P.
1736 1893 1979 1958 Valerii
2009 1831 2198 1958 addes
2224 1891 2502 1956 libertati
2536 1903 2807 1967 vestrae,

713 1983 734 2014 ‘
755 1976 1082 2056 Quirites3
1131 1991 1267 2044 tuta
1293 1980 1414 2044 erit
1443 1980 1619 2046 vobis
1654 1979 1855 2046 Velia.
1948 1980 2251 2045 Deferam
2280 2001 2413 2044 non
2440 1978 2511 2042 in
2538 1975 2807 2064 planum

711 2071 734 2102 ‘
749 2064 941 2130 modo
971 2065 1180 2144 aedes,
1211 2065 1326 2130 sed
1362 2065 1513 2131 colli
1541 2067 1735 2132 etiam
1778 2066 2146 2132 subiiciam:
2194 2077 2269 2130 ut
2306 2087 2419 2130 vos
2452 2085 2643 2152 supra
2669 2085 2808 2128 sus-

712 2157 735 2190 ‘
749 2163 1008 2237 pectum
1048 2175 1152 2218 me
1187 2153 1392 2217 civem
1435 2153 1750 2218 habitetis·
1842 2153 1923 2218 In
1954 2151 2145 2218 Velia
2181 2151 2540 2228 aedificent,
2572 2149 2809 2236 quibus

711 2244 732 2276 ‘
750 2237 996 2318 melius,
1026 2261 1218 2325 quam
1262 2238 1337 2303 P.
1370 2238 1649 2318 Valeri0‚
1680 2239 1961 2304 creditur
2002 2239 2297 2304 libertas?
2383 2236 2618 2302 Deleta
2651 2259 2810 2301 con·

708 2323 920 2388 festim
964 2326 1228 2390 materia
1277 2327 1485 2391 omnis
1536 2327 1703 2390 insta
1733 2325 2029 2404 Veliam3
2076 2338 2161 2403 et,
2208 2325 2319 2390 ubi
2362 2347 2536 2389 nunc
2573 2320 2810 2388 Vicae-
2828 2355 2857 2403 5

795 2423 895 2476 tae
923 2423 1038 2490 est,
1069 2412 1296 2478 domus
1333 2413 1404 2477 in
1432 2412 1654 2477 infimo
1694 2411 1857 2478 clivo
1887 2413 2235 2478 aedificata.
2326 2411 2527 2476 Latae
2567 2409 2809 2475 deinde

707 2432 900 2586 Reges,
931 2521 1064 2564 non
1102 2499 1307 2565 solum
1347 2523 1513 2587 quae
1542 2500 1724 2588 regni
1763 2500 2119 2587 suspicione
2162 2497 2487 2563 consulem
2518 2496 2809 2562 absolve-

707 2596 870 2663 rent,
901 2585 1016 2651 sed
1045 2611 1208 2675 quae
1241 2585 1400 2652 adeo
1429 2587 1498 2651 in
1540 2586 1923 2652 contrarium
1953 2598 2291 2662 verterent,
2322 2597 2398 2649 ut
2429 2607 2515 2684 po
2561 2583 2811 2649 ularem

707 2672 900 2737 etiam
950 2673 1270 2740 facerent:
1332 2673 1484 2739 inde
1544 2696 1899 2762 cognomen
1956 2672 2195 2738 fantum
2252 2606 2627 2738 Pubhcolae
2688 2683 2804 2736 est.

707 2759 885 2824 Ante
915 2781 1136 2824 omnes
1159 2760 1241 2824 de
1268 2760 1714 2846 provocatione
1745 2759 2042 2825 adversus
2064 2758 2461 2846 magistratus
2489 2756 2572 2822 ad
2599 2779 2811 2845 popu·
2824 2770 2857 2820 6

705 2843 863 2922 lum,
897 2845 1329 2930 sacrandoque
1377 2867 1526 2909 cum
1569 2846 1753 2911 bonis
1795 2846 2001 2934 capite
2046 2845 2201 2924 eius,
2243 2845 2355 2931 qui
2395 2843 2577 2931 regni
2614 2866 2809 2910 occu-
2828 2868 2855 2918 7

705 3077 815 3112 mus
840 3062 891 3111 in
913 3063 1196 3126 Capitolino
1220 3063 1394 3113 Monte
1415 3062 1578 3126 posita
1600 3062 1719 3112 invi-
1784 3069 1836 3112 et
1873 3066 2124 3127 potiundo.
2158 3062 2319 3114 (ἔπιεν.
2380 3059 2567 3114 Addito
2606 3063 2811 3128 insuper

704 3127 837 3176 diam
857 3127 1028 3188 movit,
1047 3126 1157 3176 infr.
1180 3128 1242 3177 vi.
1271 3141 1344 3193 19.
1784 3128 1985 3188 honore,
2006 3136 2062 3179 ut
2082 3129 2278 3178 cardine
2296 3141 2387 3177 suo
2406 3129 2571 3189 ianua,
2599 3145 2701 3177 non
2733 3131 2808 3178 in-

771 3206 800 3254 3
843 3193 1016 3242 Vooaeo
1033 3193 1102 3240 ad
1119 3194 1376 3242 concilium
1401 3193 1611 3255 populo]
1652 3207 1719 3241 sc.
1784 3197 1863 3240 tra
1890 3193 2055 3252 aedes,
2076 3194 2162 3242 sed
2183 3194 2311 3242 foras
2330 3192 2381 3241 in
2409 3193 2628 3255 plateam
2650 3200 2807 3242 verte-

704 3255 944 3306 Ouriatim
1006 3263 1288 3306 convocato.
1363 3257 1500 3307 Cave
1564 3256 1722 3306 conei—
1786 3262 1931 3306 retur.
1964 3257 2113 3307 Dion.
2138 3273 2183 3306 r.
2208 3271 2284 3322 39.

705 3320 826 3369 lium
859 3320 1029 3382 populi
1053 3335 1166 3368 cum
1187 3320 1404 3369 exercitu
1427 3327 1601 3369 vocato
1623 3320 1723 3370 sive
1850 3319 1881 3370 6
1912 3323 1992 3370 De
2007 3323 2371 3384 provocacione]
2414 3320 2523 3370 Lex
2554 3321 2683 3370 haec
2714 3325 2805 3372 Va-

703 3383 913 3432 comitiis
943 3384 1224 3433 centuriatis
1249 3385 1535 3434 confundas.
1559 3384 1665 3434 Liv.
1687 3385 1719 3434 i.
1786 3386 1913 3434 lar-'a
1949 3387 2008 3434 de
2044 3387 2384 3448 provowu‘one
2426 3385 2665 3434 liba-tatis
2702 3387 2805 3436 Ro-

706 3447 783 3510 36.
827 3448 1042 3498 Gronov.
1074 3449 1278 3498 Observ.
1310 3448 1344 3498 i.
1385 3464 1426 3498 1.
1465 3449 1721 3499 Wachsm.
1786 3463 1961 3498 manae
1997 3449 2289 3511 praesidium
2324 3450 2565 3513 singulare
2596 3455 2721 3510 erut,
2750 3457 2808 3500 ut

703 3526 753 3574 p.
771 3525 880 3574 251.
915 3512 966 3560 N
968 3511 1120 3561 iebhr.
1137 3511 1167 3561 i.
1185 3528 1235 3576 p.
1249 3514 1359 3574 418.
1379 3526 1488 3576 521.
1523 3512 1722 3562 Laelius
1784 3513 1865 3561 lex
1887 3511 1977 3561 illa
1996 3514 2130 3575 apud
2152 3519 2405 3570 nostrates,
2425 3529 2573 3576 quam
2596 3514 2807 3577 Anglice

702 3591 782 3638 ap.
799 3577 859 3626 A.
875 3575 1009 3626 Gell.
1032 3592 1112 3625 κν.
1131 3587 1208 3639 27.
1271 3577 1305 3602 ‘⁶
1321 3575 1375 3626 Is
1395 3576 1478 3640 qui
1493 3591 1594 3653 non
1616 3577 1720 3626 uni-
1786 3578 1936 3667 vulgo,
1964 3591 2208 3637 vocamus,
2228 3579 2263 3604 “
2278 3578 2364 3626 the
2388 3577 2589 3627 Habeas
2608 3579 2808 3642 Corpus

702 3655 893 3754 :32⁸3
908 3642 1721 3766 fflffissffiffimfflqffiffi
1786 3641 1929 3767 ῑῗέἓέ»,
1942 3642 2639 3780 εῗὲἳῖἶὲξέἑοὲῖιὲἶῗὲῗ
2656 3643 2807 3757 Αῂἒῖῑ

704 3768 873 3817 cilium
910 3769 1100 3819 edicere
1130 3769 1320 3819 iubet.”
1383 3769 1520 3818 Hinc
1552 3769 1720 3832 Popli-
1784 3775 1950 3817 tamen
2004 3775 2283 3831 provocatio
2338 3769 2527 3833 longius
2568 3773 2633 3820 ab
2682 3773 2807 3821 urbe

704 3835 832 3894 cola,
847 3833 932 3896 qui
945 3836 1202 3898 populum,
1217 3850 1316 3883 non
1337 3833 1723 3894 multitudinem,
1785 3833 1925 3884 mille
1946 3848 2183 3908 passuum·
2202 3839 2320 3882 erat.
2356 3833 2463 3883 Liv.
2485 3834 2555 3883 iii.
2577 3849 2655 3885 20.
2722 3836 2807 3886 De

707 3898 873 3946 coluit.
1785 3897 2001 3960 patriciis
2036 3898 2169 3947 haud
2206 3895 2353 3947 dubie
2388 3898 2555 3948 scribit
2594 3899 2701 3949 Cic.
2740 3901 2807 3950 de

1009 3964 1020 3977 .
1074 3965 1084 3976 .
1243 3965 1254 3978 .
1628 3960 1641 3972 .
1953 3961 1982 3973 ..
2133 3965 2166 3988 ‘4
2416 3961 2428 3974 .
2676 3963 2687 3974 .

707 3963 1370 4089 ...z-§tumente
1408 3961 1725 4100 Tuam}
1790 3961 2809 4089 nmmdoemfflfflmm

629 4139 637 4150 ⁸
706 4095 868 4139 tutum
898 4091 1096 4148 mansit,
1127 4096 1183 4139 ut
1214 4092 1370 4140 fasces
1400 4103 1517 4138 omn
1546 4105 1721 4138 seeun-
1784 4088 2058 4152 significant
2110 4090 2259 4140 nostri
2314 4091 2463 4140 etiam
2504 4093 2766 4167 augurales
2775 4097 2807 4118 ”

703 4155 795 4203 bus
813 4169 1064 4217 nunquam
1083 4154 1135 4202 in
1151 4154 1270 4203 urbe
1287 4154 1567 4203 consulibus
1584 4169 1721 4216 prse-
1784 4169 1916 4202 nunc
1948 4155 2144 4216 quidem
2178 4155 2317 4217 plebs
2348 4162 2695 4218 provocatione
2726 4157 2805 4206 fir-

701 4219 952 4268 ferrentur.
987 4217 1138 4266 Dion.
1159 4233 1204 4266 v.
1231 4229 1306 4280 75ι
1337 4217 1498 4267 Clusv.
1778 4223 1917 4267 mata
1938 4224 2026 4267 est.
2058 4219 2109 4268 N
2112 4218 2263 4268 iebhr.
2284 4218 2317 4267 i.
2341 4232 2388 4280 p.
2414 4221 2525 4281 338.
2548 4232 2659 4282 522.

775 4295 804 4344 5
857 4282 1164 4342 Vioaepotae]
1227 4280 1494 4338 Victoriae,
1536 4281 1715 4343 supple
1838 4292 1867 4342 7
1886 4283 2161 4342 Sam-ando]
2176 4282 2310 4331 Diris
2318 4283 2621 4334 devovendo.
2648 4285 2805 4343 Eum,

703 4347 854 4394 aedes.
905 4345 1208 4405 Vieuepotae
1229 4359 1408 4393 nomen
1428 4360 1460 4392 a
1479 4346 1715 4394 vincendo
1778 4344 1917 4394 cuius
1944 4351 2095 4408 caput
2126 4347 2221 4394 hoc
2252 4361 2397 4397 sensu
2430 4362 2623 4398 sacrum
2656 4357 2805 4409 esset,
