3000 4784
785 224 978 292 LIB.
1026 224 1143 292 IV.
1218 225 1437 292 CAP.
1488 229 1588 291 61.
2113 230 2236 295 287

110 362 305 433 4ctius
354 359 795 436 Cincinnatus
842 358 919 424 C.
942 359 1145 425 Iulius
1184 359 1363 425 Iulus
1410 362 1664 439 iterum,
1707 362 1790 426 A.
1815 359 2118 441 Manlius,
2157 362 2234 427 L.
2260 372 2326 422 U.
2349 372 2408 423 0.
2434 385 2544 436 350·

154 448 369 512 Furius
394 445 791 511 Medullinus
820 446 1097 524 tertium,
1130 445 1243 511 M’.
1267 447 1583 512 Aemilius
1613 446 2064 513 Mamercinus.
2130 447 2238 514 Ab
2255 438 2316 549 ᾗ·
2342 436 2545 557 geg-²⁹

154 534 245 597 his
272 532 549 620 primum
578 531 971 611 circumsessi
1000 531 1149 596 Veii
1184 546 1350 597 sunt.
1401 532 1580 616 „Sub
1621 534 1801 598 cuius
1840 534 2095 599 initium
2126 536 2241 599 ob-
2257 536 2566 623 ct'i0‚etc.'rr.

154 618 403 683 sidionis
430 640 635 705 quum
666 616 1077 681 Etruscorum
1114 618 1453 683 concilium
1490 620 1575 685 ad
1603 621 1822 685 fanum
1855 618 2238 685 Voltumnae
2257 627 2369 677 Mil.

152 705 509 804 frequenter
548 702 833 767 habitum
876 726 1008 767 esse
1206 727 1312 768 um
1353 706 1656 783 constitit,
1687 704 1938 771 bellone
1983 707 2241 808 publico
2259 690 2454 803 3223&

152 804 349 877 gentis
390 790 721 854 universae
768 788 991 853 tuendi
1014 716 1080 852 t’V
1095 790 1337 855 cientes
1380 806 1608 857 essent.
1704 791 1802 855 Ea
1851 806 2241 880 oppugnauo

152 877 394 963 segnior
420 874 789 962 insequenti
818 897 986 939 anno
1008 874 1147 952 fuit,
1171 888 1349 963 parte
1374 878 1772 943 tribunorum
1795 879 2112 943 exercitus
2157 901 2238 943 ue

154 964 231 1027 ad
258 961 565 1026 Volscum
604 974 863 1025 avocata
900 960 1157 1025 bellum.
1248 962 1570 1027 Tribunos
1611 964 1886 1028 militum
1925 987 2124 1028 consu
2147 965 2240 1028 ari
2260 980 2327 1031 U.
2351 982 2410 1030 0.
2435 994 2462 1041 3
2469 993 2496 1043 5
2507 996 2547 1030 ι.

232 1062 452 1112 testate
506 1048 563 1111 is
612 1070 817 1111 annus
866 1046 1091 1111 habuit
1141 1046 1219 1112 C.
1245 1047 1574 1113 Valerium
1620 1050 1908 1114 Potitum
1961 1051 2237 1127 tertium,
2258 1045 2318 1094 A.
2352 1045 2412 1094 0·
2436 1060 2547 1105 40¹·

228 1137 259 1197 ’.
310 1134 605 1221 Sergium
672 1132 1065 1210 Fidenatem,
1141 1134 1214 1198 P.
1263 1132 1639 1199 Cornelium
1706 1134 2238 1223 Maluginensem,
2257 1107 2574 1221 ξῇἶξέἕῖἓιῗῐ,

114 1246 139 1295 5
160 1222 274 1286 Cn.
332 1220 711 1285 Cornelium
792 1218 1085 1296 Cossum,
1162 1219 1247 1283 K.
1304 1219 1570 1284 Fabium
1645 1222 2051 1299 Ambustum,
2131 1221 2238 1308 Sp.
2259 1234 2372 1283 Mil.

158 1308 461 1372 Nautium
494 1304 791 1370 Rutilum
820 1304 1069 1369 iterum.
1152 1304 1323 1369 Cum
1358 1305 1608 1371 Volscis
1633 1307 1802 1371 inter
1831 1308 2242 1371 Ferentinum
2262 1322 2400 1371 Victi
2423 1323 2548 1371 vol·

158 1407 337 1481 atque
364 1393 665 1457 Ecetram
694 1391 889 1541 signs
917 1390 1161 1456 collatis
1182 1392 1572 1457 dimicatum.
1638 1392 1946 1457 Romanis
1967 1393 2247 1458 secunda
2261 1386 2345 1438 sci.

116 1480 399 1545 6fortuna
448 1500 707 1565 pugnae
822 1477 889 1541 it.
984 1477 1232 1541 Artena
1284 1477 1455 1555 inde,
1490 1478 1870 1544 Volscorum
1917 1478 2245 1566 oppidum,

159 1568 233 1631 ab
260 1566 531 1630 tribunis
560 1562 833 1628 obsideri
863 1576 1104 1650 coepta.
1198 1562 1360 1628 Inde
1400 1564 1570 1628 inter
1607 1566 2005 1652 eruptionem
2042 1578 2249 1629 tenta-

159 1666 299 1729 tam,
330 1674 473 1716 com
520 1649 661 1714 ulso
706 1649 777 1712 in
820 1650 1041 1713 urbem
1086 1649 1286 1726 hoste,
1324 1652 1568 1715 occasio
1613 1652 1762 1725 data
1803 1664 1902 1717 est
1940 1651 2250 1716 Romanis

159 1740 475 1825 irrumpen
527 1737 587 1800 ἐ
652 1748 1027 1821 praeterque
1080 1757 1286 1799 arcem
1338 1750 1549 1801 cetera
1597 1751 1798 1825 capta.
1908 1737 1986 1803 In
2039 1760 2248 1803 arcem

160 1826 461 1889 munitam
496 1834 729 1887 natura
760 1821 985 1907 globus
1020 1834 1401 1886 armatorum
1438 1825 1787 1888 concessit:
1833 1824 1998 1888 infra
2039 1846 2248 1889 arcem

162 1912 313 1975 caesi
357 1910 659 1997 captique
708 1907 893 1971 multi
937 1908 1248 1972 mortales.
1340 1909 1481 1973 Arx
1521 1909 1756 1975 deinde
1801 1911 2244 1976 obsidebatur:

160 2020 273 2062 nec
300 2010 411 2061 aut
436 1998 502 2060 vi
540 1994 682 2081 capi
716 2006 983 2081 poterat,
1016 1994 1168 2081 quia
1248 2017 1319 2059 ro
1360 1995 1565 2083 spatio
1602 1996 1728 2061 loci
1765 1998 1914 2061 satis
1951 1996 2251 2097 praesidii

162 2083 461 2159 habebat3
530 2094 645 2145 aut
700 2102 877 2167 spem
938 2080 1129 2145 dabat
1220 2080 1535 2159 editioniS,
1585 2082 1760 2146 omni
1805 2083 2062 2170 pubhco
2119 2083 2251 2147 fru-

162 2185 387 2247 ment0,
449 2168 821 2256 priusquam
888 2168 1037 2231 urbs
1093 2182 1443 2254 caperetur,
1504 2168 1572 2231 in
1631 2190 1840 2233 arcem
1899 2180 2244 2233 convecto:

164 2256 492 2355 taedioque
539 2274 855 2318 recessum
898 2252 1049 2316 inde
1091 2253 1275 2331 foret,
1319 2254 1389 2316 ni
1430 2276 1648 2318 servus
1690 2276 1898 2319 arcem
1944 2253 2251 2318 Romanis

164 2342 575 2426 prodidisset:
654 2339 733 2403 ab
790 2362 869 2404 eo
926 2338 1157 2403 milites
1214 2362 1329 2425 per
1393 2338 1606 2404 locum
1673 2340 1942 2403 arduum
2006 2340 2251 2426 accepti

166 2448 394 2513 cepere.
490 2427 559 2491 A
610 2425 841 2512 quibus
892 2447 1092 2511 quum
1150 2424 1443 2489 custodes
1500 2425 1983 2501 trucidarentur,
2043 2438 2254 2489 cetera

166 2513 517 2590 multitudo,
552 2511 889 2598 repentino
922 2532 1151 2597 pavore
1187 2531 1500 2597 oppressa,
1533 2510 1602 2573 in
1633 2509 2028 2573 deditionem
2055 2510 2248 2575 venit.

166 2598 389 2664 Diruta
446 2612 517 2664 et
574 2620 717 2662 arce
776 2610 843 2661 et
906 2598 1061 2661 urbe
1124 2596 1387 2672 Artena,
1448 2595 1750 2661 reductae
1817 2594 2100 2681 legiones
2171 2617 2254 2659 ex

166 2684 445 2763 Volscis3
494 2684 665 2749 omn'
748 2706 829 2747 ue
862 2683 971 2747 vis.
992 2682 1287 2747 Romana
1316 2681 1515 2747 Veios
1554 2703 1855 2746 conversa
1895 2692 2008 2745 est.
2098 2680 2256 2744 Pro-

166 2769 363 2849 ditori‚
422 2782 705 2859 praeter‘
765 2769 1116 2845 ibertatem,
1177 2767 1448 2831 duarum
1507 2766 1888 2831 familiarum
1953 2766 2124 2829 bona
2186 2766 2257 2830 in

130 2859 513 2942 7praemium
558 2856 723 2920 data.
819 2854 1073 2919 Servius
1120 2854 1448 2918 Romanus
1490 2854 1819 2918 vocitatus.
1916 2850 2100 2928 Sunt,
2143 2853 2256 2938 qui

170 2946 477 3008 Artenam
540 2941 935 3018 Veientium,
1024 2962 1156 3004 non
1226 2939 1623 3016 Volscorum,
1697 2940 1888 3003 fuisse
1975 2937 2256 3003 credant.

170 3027 434 3095 Praebet
472 3050 768 3105 errorem,
800 3026 975 3113 quod
1018 3025 1301 3089 eiusdem
1343 3026 1617 3089 nominis
1657 3026 1804 3089 urbs
1849 3026 2016 3089 inter
2049 3023 2257 3089 Caere

170 3128 351 3201 atque
381 3114 583 3181 Veios
616 3114 775 3177 fuitz
823 3112 937 3177 sed
972 3134 1111 3175 eam
1147 3133 1328 3197 reges
1359 3110 1638 3175 Romani
1668 3109 1981 3187 delevere,
2019 3109 2257 3175 Caere-

172 3212 447 3287 tumque,
507 3222 640 3264 non
700 3198 1091 3274 Veientium,
1150 3197 1372 3261 fuerat.
1483 3196 1711 3260 Altera
1775 3196 1934 3259 haec
1997 3196 2258 3258 nomine
2485 3222 2500 3251 ι

170 3286 389 3351 eodem
417 3288 489 3351 in
520 3286 756 3354 Volsco
785 3306 937 3373 agro
962 3283 1103 3361 fuit,
1134 3283 1315 3347 cuius
1344 3281 1666 3346 excidium
1695 3292 1792 3345 est
1819 3280 2082 3344 dictum.

233 3506 264 3548 4
297 3490 353 3538 L.
388 3490 577 3537 Furius
606 3486 917 3537 meduntam
954 3484 1177 3543 Mum]
1308 3479 1341 3529 6
1374 3482 1592 3542 Artena]
1633 3480 1766 3530 nod.
1789 3482 1964 3530 Monte
1983 3482 2260 3537 Porrima

174 3553 354 3600 Iterum
376 3552 459 3601 hic
490 3552 751 3615 legendum
774 3553 940 3598 censet
964 3546 1181 3609 Burghe-
1246 3544 1415 3594 Gellio
1457 3545 1580 3593 fides
1621 3545 1902 3593 adhibenda
1935 3550 2024 3595 est.
2069 3546 2132 3595 cf.
2165 3546 2262 3593 To-

176 3614 270 3663 aius
301 3632 363 3664 ex
398 3617 591 3679 Fragm.
626 3615 759 3663 Fast.
793 3612 958 3675 Capit.
1008 3617 1059 3659 οι
1090 3616 1182 3661 ter-
1250 3622 1383 3671 pogr.
1409 3608 1558 3657 Rom.
1582 3608 1614 3658 i.
1638 3624 1686 3671 p.
1717 3610 1821 3669 184.

176 3680 291 3726 tium
312 3680 421 3728 infr.
446 3696 489 3728 v.
520 3694 591 3741 14.
1317 3683 1343 3733 7
1364 3672 1512 3731 Sunt,
1524 3674 1611 3735 qm·
1623 3674 1862 3721 Artenam
1885 3673 2180 3733 Veientium]
2199 3672 2262 3719 In

239 3754 266 3803 5
290 3744 668 3793 &acarnanum
682 3742 905 3801 Οωεωη]
932 3739 1053 3787 Post
1065 3739 1184 3787 Cos·
1248 3750 1455 3797 quorum
1492 3736 1786 3785 sententiam
1823 3736 2027 3799 inclinat
2059 3735 2264 3785 Niebhr.

178 3818 279 3914 εἶτα
294 3809 477 3881 §serum
508 3806 845 3869 reponendum
872 3806 1039 3852 censet
1062 3802 1185 3851 Bur·
1248 3799 1301 3847 ii.
1324 3814 1373 3861 p.
1397 3800 1509 3861 485.

180 3882 209 3929 g
242 3884 381 3919 emus.
