3000 4784
638 172 730 232 48
1411 160 1639 230 TITI
1694 159 1965 230 LIVII

642 322 838 387 quam
885 299 954 364 in
1003 297 1315 376 Servium,
1369 322 1478 364 eos
1528 297 1925 364 stimulabat:
1977 307 2043 360 et
2092 293 2246 382 quia
2292 290 2541 393 gravior
2580 289 2757 358 ultor

642 385 874 463 caedis,
915 385 971 450 si
997 398 1369 473 superesset,
1400 409 1517 450 rex
1544 385 1795 450 siiturus
1823 396 1979 460 erat,
2010 403 2202 469 quam
2230 391 2545 466 privatus:
2586 390 2753 455 tum,

649 471 869 536 Servio
933 471 1160 548 occiso,
1227 494 1677 558 quemcunque
1743 469 1938 534 alium
2009 488 2317 554 generum
2390 463 2755 562 delegisset,
2781 488 2815 536 7

644 557 926 622 eundem
968 557 1150 642 regni
1191 557 1496 622 heredem
1540 557 1818 622 facturus
1846 555 2194 620 videbatur.
2288 551 2395 616 Ob
2430 551 2589 614 haec
2628 550 2761 636 ipsi

645 643 782 729 regi
811 642 1075 708 insidiae
1099 656 1414 730 parantur.
1467 643 1573 706 Ex
1592 641 1947 742 pastoribus
1968 641 2099 704 duo
2120 636 2485 704 ferocissimi
2514 633 2761 700 delecti

646 728 730 792 ad
757 728 1019 806 facinus,
1052 729 1282 814 quibus
1321 741 1612 812 consueti
1648 739 1831 808 erant
1868 739 2138 812 uterque
2169 722 2517 811 agrestibus
2554 721 2761 786 ferra-

647 815 898 890 mentiS,
929 813 1000 878 in
1027 813 1338 880 vestibulo
1377 814 1608 900 regiae,
1650 836 1843 900 quam
1872 824 2135 899 potuere
2167 806 2757 884 tumultuosissime,

649 900 858 987 specie
911 900 1084 964 rixae
1132 900 1200 964 in
1248 923 1314 964 se
1367 922 1588 964 omnes
1646 897 2033 986 apparitores
2194 895 2285 962 ‘os
2328 905 2717 960 convertunt
2734 917 2755 956 ε

649 985 819 1061 inde,
881 1008 1082 1070 quum
1141 986 1328 1050 ambo
1373 1007 1589 1072 regem
1634 984 2045 1071 appellarent,
2105 1006 2143 1046 c
2202 1029 2205 1034 -
2271 1003 2469 1067 orque
2524 987 2771 1044 eorum'

733 1071 904 1134 nitus
950 1071 1020 1134 in
1061 1071 1302 1158 regiam
1431 1071 1759 1147 rvenissea
1812 1069 2022 1134 vocati
2068 1069 2150 1133 ad
2192 1089 2410 1154 regem
2454 1077 2758 1152 pergunt.

709 1157 870 1222 rimo
899 1168 1042 1220 uter
1085 1180 1166 1221 ue
1195 1156 1334 1221 voci
1361 1158 1539 1233 erari,
1564 1170 1631 1222 et
1650 1156 1939 1220 certatim
1967 1154 2127 1219 alter
2154 1153 2337 1218 alteri
2358 1153 2565 1218 obstre
2738 1175 2760 1228 ;

651 1242 910 1343 coerciti
939 1243 1020 1308 ab
1094 1254 1288 1320 ctore,
1320 1254 1386 1307 et
1425 1242 1577 1307 iussi
1606 1242 1675 1306 in
1704 1241 1909 1340 vicem
1938 1240 2170 1339 dicere,
2204 1238 2463 1304 tandem
2491 1238 2575 1301 ob
2598 1237 2767 1336 oqui

321 1342 620 1454 ΨΨ
651 1328 1263 1478 tegmem
1283 1351 1607 1478 Ψωῑῑ
1626 1339 1977 1489 ΨΨΨ
2022 1325 2441 1476 mm·
2381 1323 2765 1474 ΩἊΨΨ

652 1500 720 1562 in
749 1512 942 1586 caput
969 1500 1236 1564 deiecit:
1285 1499 1636 1585 relictoque
1666 1499 1737 1562 in
1764 1497 2025 1562 vulnere
2064 1496 2213 1573 telo,
2256 1497 2442 1561 ambo
2482 1517 2549 1560 se
2588 1493 2767 1560 foras

419 1590 524 1648 41.
651 1585 932 1648 eiiciunt.
1025 1584 1453 1670 Tarquinium
1482 1584 1937 1648 moribundum
1966 1605 2187 1670 quum,
2210 1582 2325 1668 qui
2354 1581 2524 1648 circa
2548 1592 2765 1657 erant,

651 1670 1069 1756 excepissent,
1091 1669 1230 1733 illos
1247 1669 1563 1756 fugientes
1580 1669 1831 1734 lictores
1852 1668 2423 1757 comprehendunt.
2490 1665 2769 1730 Clamor·

651 1755 804 1818 inde
826 1777 1294 1841 concursusque
1317 1755 1555 1841 populi,
1582 1756 1949 1820 mirantium
1972 1754 2131 1854 quid
2152 1754 2247 1818 rei
2268 1765 2450 1818 esset.
2542 1752 2767 1816 Tana-

653 1839 792 1939 quil
837 1840 1005 1904 inter
1047 1840 1391 1905 tumultum
1435 1841 1647 1906 claudi
1690 1841 1929 1928 regiam
1980 1842 2178 1917 iubet,
2224 1839 2493 1904 arbitros
2536 1837 2718 1904 eiicit
2740 1863 2763 1902 ε

653 1925 862 2003 Simul,
899 1948 1064 2011 quae
1095 1926 1375 1992 curando
1403 1927 1653 1992 vulneri
1682 1949 1843 2013 opus
1872 1938 2041 2003 sunt,
2083 1939 2389 2013 tanquam
2538 1947 2570 1989 s
2604 1925 2769 1990 sub-

653 2023 836 2088 esset,
868 2011 1090 2076 sedulo
1126 2026 1486 2099 comparat:
1534 2012 1743 2090 simul,
1774 2013 1827 2078 si
1864 2013 2169 2078 destituat
2210 2033 2375 2098 spes,
2406 1946 2537 2076 x
2573 2032 2769 2097 prae-

327 2111 522 2160 Servius
544 2127 624 2159 eu·
653 2096 815 2160 sidia
832 2097 1104 2162 molitur.
1171 2096 1390 2163 Servio
1409 2120 1677 2185 propere
1696 2098 1901 2164 accito
1918 2121 2121 2184 quum
2136 2119 2341 2186 paene
2366 2118 2771 2184 exsanguem

326 2189 612 2287 ngffm
652 2182 858 2246 virum
881 2182 1294 2259 ostendisset3
1341 2183 1631 2248 dextram
1656 2197 1881 2250 tenens
1899 2197 2054 2262 orat,
2078 2207 2161 2248 ne
2184 2183 2457 2250 inultam
2486 2195 2771 2248 mortem

388 2252 421 2299 Ρ
653 2268 873 2345 soceri,
906 2290 988 2332 ne
1019 2291 1270 2332 socrum
1292 2269 1566 2334 inimicis
1594 2269 1872 2333 ludibrio
1892 2291 2029 2334 esse
2056 2270 2240 2334 sinat.
2334 2277 2355 2307 ‘
2373 2269 2593 2334 Tuum
2621 2269 2769 2346 est:

651 2353 880 2439 inquit,
921 2361 942 2391 ‘
967 2352 1166 2430 Servi,
1206 2355 1260 2418 si
1299 2376 1410 2419 ver
1441 2378 1531 2433 es,
1573 2377 1878 2441 regnum3
1926 2378 2057 2421 non
2098 2378 2340 2432 eorum,
2373 2355 2486 2441 qui
2532 2353 2769 2420 alienis

653 2446 674 2476 ‘
691 2439 982 2506 manibus
1039 2439 1382 2526 pessimum
1439 2441 1683 2506 facinus
1740 2441 1965 2505 fecere.
2070 2440 2129 2504 E
2165 2442 2179 2455 '
2326 2453 2411 2517 te,
2470 2440 2767 2526 deosque

653 2533 672 2562 ‘
689 2524 887 2590 duces
913 2548 1200 2612 sequere,
1232 2527 1346 2626 qui
1375 2525 1615 2592 clarum
1644 2527 1767 2591 hoc
1795 2527 1929 2592 fore
1960 2464 2403 2612 caput-'giemo
2431 2526 2769 2612 quondam

655 2619 674 2648 ‘
695 2611 1075 2676 circumfuso
1133 2612 1270 2698 igni
1327 2613 1810 2699 portenderunt.
1920 2611 2119 2676 Nunc
2176 2625 2241 2677 te
2300 2612 2412 2678 illa
2466 2611 2771 2678 coelestis

655 2705 675 2734 ‘
692 2697 930 2761 excitet
971 2697 1264 2760 flammat
1325 2720 1500 2762 nunc
1544 2699 1978 2798 expergiscere
2024 2720 2193 2762 vere.
2284 2697 2372 2764 Et
2414 2720 2533 2762 nos
2574 2719 2771 2784 pere·-

655 2789 674 2818 ‘
733 2781 857 2844 rini
900 2781 1317 2865 regnavimus.
1413 2782 1549 2856 Qui
1587 2806 1690 2859 sia,
1732 2806 1863 2848 non
1907 2782 2079 2849 unde
2124 2798 2314 2849 natus
2360 2784 2464 2862 εἰς,
2510 2797 2765 2872 reputa.

655 2873 674 2902 ‘
689 2803 766 2928 {i
826 2877 935 2928 tua
989 2885 1058 2928 re
1110 2866 1320 2930 subita
1364 2867 1629 2930 consilia
1677 2880 1952 2967 torpent,
2004 2881 2071 2934 at
2128 2882 2205 2934 tu
2260 2892 2407 2936 mea
2452 2872 2773 2956 sequere?

658 2948 880 3022 Quum
909 2948 1147 3012 clamor
1173 2949 1374 3036 impet
1492 2975 1575 3016 ne
1606 2953 2031 3019 multitudinis
2056 2955 2167 3020 vix
2194 2955 2493 3020 sustineri
2522 2970 2769 3042 posset,

653 3055 736 3096 ex
778 3033 1100 3118 superiore
1141 3047 1321 3120 parte
1363 3059 1438 3100 ae
1489 3037 1619 3100 ‘um
1664 3061 1781 3124 per
1820 3043 2145 3118 fenestras,
2178 3041 2248 3104 in
2294 3040 2551 3112 Novam
2592 3042 2773 3108 viam

609 3184 612 3190 ,
653 3139 859 3181 versas
917 3117 1270 3217 (habitabat
1327 3122 1503 3186 enim
1560 3145 1673 3187 rex
1732 3124 1815 3188 ad
1866 3123 2036 3190 Iovis
2098 3126 2396 3213 Statoris)
2446 3127 2769 3214 populum

655 3201 974 3288 Tanaquil
1021 3203 1379 3292 alloquitur.
1471 3205 1663 3273 Iubet
1723 3216 1744 3246 ‘
1766 3210 1935 3276 bono
1981 3211 2195 3276 animo
2242 3235 2416 3277 esset
2480 3213 2767 3300 sopitum
2789 3226 2824 3273 8

658 3287 883 3351 ‘fiiisse
933 3311 1147 3375 regem
1207 3292 1416 3356 subito
1473 3293 1647 3358 ictu:
1709 3294 1947 3359 ferrum
1995 3296 2171 3361 haud
2230 3297 2355 3363 alte
2406 3298 2479 3362 in
2530 3321 2771 3386 corpus

657 3381 677 3410 ‘
694 3372 1119 3438 descendisse:
1165 3376 1289 3439 iam
1308 3377 1391 3441 ad
1407 3400 1474 3442 se
1493 3379 1746 3443 redisse.
2014 3395 2191 3445 ctum
2208 3382 2460 3460 vulnuS,
2480 3385 2771 3452 absterso

657 3465 677 3494 ‘
693 3479 949 3522 cruore:
994 3460 1210 3525 omnia
1237 3461 1511 3526 salubria
1538 3485 1707 3528 esse:
1753 3466 1921 3529 confi
1968 3490 2095 3544 ere,
2136 3469 2515 3555 propediem
2549 3470 2769 3557 ipsum

657 3549 680 3579 ⁴
695 3563 806 3604 eos
844 3543 1099 3609 visuros.
1191 3545 1456 3612 Interim
1512 3547 1644 3614 Ser.
1693 3549 1909 3615 Tullio
1952 3551 2172 3618 iubere
2224 3555 2539 3654 populum
2586 3555 2769 3622 dicto

657 3635 674 3662 ‘
697 3627 1062 3692 audientem
1090 3652 1241 3695 esse.
1337 3632 1506 3697 Eum
1536 3635 1675 3699 iura
1700 3635 2121 3715 redditurum,
2152 3640 2609 3727 ob1turumque
2640 3641 2772 3707 alia

722 3820 748 3870 7
782 3812 996 3868 Quonam
1145 3817 1300 3864 alium
1325 3831 1559 3877 morum
1590 3821 1668 3868 de-
1731 3819 1770 3868 si
1802 3820 1933 3871 filius
1960 3823 2130 3873 fixisset
2158 3826 2281 3887 ehu,
2300 3828 2481 3877 aetatis
2500 3829 2607 3879 fere
2626 3845 2766 3882 anno

651 3874 866 3934 leyffaesot]
926 3829 1338 3940 sewi-quimus.
1414 3881 1518 3928 Cur
1556 3897 1667 3930 vero
1732 3897 1879 3932 mvn
1934 3887 2157 3936 Servium
2210 3904 2435 3940 socerum
2488 3894 2733 3947 occidi-e
2754 3916 2773 3955 3

648 3951 884 3998 penarum
898 3937 1128 4012 heredem
1143 3941 1358 3989 facturus
1377 3949 1497 4001 erat,
1516 3959 1667 4006 quum
1732 3953 1863 3994 certe
1904 3955 2011 3997 tum
2056 3952 2221 4000 adhuc
2262 3953 2493 4013 inmites,
2530 3956 2619 4018 qui
2664 3957 2771 4009 iui-

653 4005 846 4062 praeter
863 4000 988 4074 fluas
1015 4001 1142 4050 filias
1169 4003 1318 4052 etiam
1348 4005 1553 4055 totidem
1582 4008 1665 4056 har
1730 4012 2031 4072 temporibus
2050 4016 2270 4063 nondum
2290 4032 2497 4080 regnare
2514 4021 2594 4068 vel
2618 4025 2769 4084 noni

655 4066 788 4110 beret
804 4063 946 4124 filma
963 4064 1172 4113 Lucium
1189 4072 1240 4114 et
1259 4068 1495 4117 Aruntem
1507 4074 1529 4116 Ρ
1556 4070 1664 4121 infr.
1728 4073 1927 4123 heredes
1945 4075 2134 4125 institui
2154 4079 2395 4129 solebant.
2430 4083 2565 4132 Bur.

653 4125 730 4200 4§.
749 4131 799 4174 et
815 4127 964 4202 Dion.
979 4127 1043 4176 iv.
1065 4143 1108 4177 1.
1169 4129 1264 4178 Sed
1283 4131 1334 4177 hi
1353 4133 1517 4205 potius
1530 4135 1665 4183 fuere
1800 4137 1831 4183 8
1868 4139 2118 4200 sopitum]
2180 4142 2244 4190 In
2283 4143 2559 4205 deliquium
2604 4146 2767 4198 animi

651 4203 756 4236 ems
769 4205 832 4238 ex
855 4189 959 4238 fiho
981 4197 1202 4253 nepotes,
1223 4193 1286 4240 cf.
1305 4193 1454 4242 Dion.
1471 4195 1534 4244 iv.
1554 4214 1598 4257 4.
1616 4197 1663 4246 6.
1726 4200 1999 4262 delapsum.
2066 4203 2147 4252 Sic
2168 4204 2279 4254 infr.
2304 4206 2401 4255 viii.
2424 4205 2471 4256 6.
2500 4209 2768 4272 Impastus

652 4257 702 4298 et
729 4265 770 4312 7.
793 4254 876 4300 ubi
902 4261 1092 4314 praeter
1111 4255 1208 4303 alia
1230 4263 1413 4313 monet,
1437 4258 1665 4318 Lucium,
1726 4264 1822 4310 imo
1842 4265 1914 4312 ita
1934 4273 2005 4313 est
2026 4281 2163 4326 taxo,
2184 4276 2242 4316 us
2260 4272 2524 4332 sopit-amr.
