3000 4784
876 205 1064 272 LIB.
1112 206 1193 271 V.
1261 206 1484 273 CAP.
1534 213 1636 273 50.
2177 212 2300 271 341

195 362 284 489 {c
318 340 817 489 parensuapatriae
853 340 1271 437 conditorque
1306 342 1467 407 alter
1494 343 1669 408 urbis
1703 341 1875 406 haud
1895 341 2074 405 vanis
2103 340 2307 405 laudi·
2323 358 2395 473 E.
2418 360 2478 473 g.
2503 359 2612 483 {3⁵⁶

252 438 879 577 usSgivaaetamndleinde
896 512 1065 577 bello
1092 514 1359 601 pan-iam
1386 515 1618 579 iterum
1639 515 1710 577 in
1737 535 1894 600 pace
1911 513 2086 577 haud
2108 512 2303 577 dubie
2441 534 2448 537 ·
2572 436 2600 487 ⁷

194 598 503 675 servavit,
548 621 747 684 quum
795 598 1124 686 prohibuit
1168 599 1422 685 migrari
1469 598 1685 677 Veios,
1737 612 1806 663 et
1854 600 2122 664 tribunis
2167 622 2304 664 rem

192 683 525 748 intentius
544 686 875 769 agentibus
903 698 1045 771 post
1066 685 1389 749 incensam
1420 686 1662 769 urbem,
1683 698 1750 751 et
1774 709 1892 773 per
1907 708 1972 751 se
2002 685 2306 751 inclinata

192 770 417 857 magis
453 770 641 856 plebe
680 770 763 835 ad
794 770 863 834 id
902 770 1277 835 consilium:
1328 794 1531 858 eaque
1579 795 1766 837 causa
1797 772 1920 836 fuit
1958 795 2089 835 non
2125 771 2304 837 abdi-

191 854 455 919 candae
496 868 641 954 post
679 856 1071 944 triumphum
1118 856 1487 935 dictaturae,
1519 871 1746 923 senatu
1788 859 2176 935 obsecrante,
2218 880 2301 922 ne

188 940 755 1027 rempublicam-in
772 942 1015 1007 incerto
1032 940 1420 1041 relinqueret
1436 956 1622 1009 statu.
1673 944 1982 1009 Omnium
2003 944 2300 1031 primum,
2425 934 2527 993 50·

180 1038 283 1089 ut
328 1038 471 1090 erat
514 1026 1030 1113 diligentissimus
1086 1027 1201 1092 reli
1270 1051 1465 1092 onum
1519 1030 1741 1106 cultor,
1796 1052 1958 1116 quae
2017 1030 2100 1093 ad
2147 1029 2303 1094 deos
2320 1014 2598 1127 33:32an

190 1111 1051 1263 {nf'ffgtalffinpeninffiam'
1080 1126 1223 1263 ritu
1231 1114 1311 1264 t111:S
1313 1138 1332 1191 ;
1380 1128 1447 1179 et
1488 1115 2102 1265 segssgeusconsitiilttlpm
2131 1114 2300 1264 fagit,
2317 1142 2545 1253 ἐξέφυ,
2565 1144 2630 1193 ad

635 1222 655 1261 1
1356 1223 1538 1287 P()Sse
2453 1222 2601 1255 onem

136 1307 171 1340 α
194 1291 219 1321 ‘
244 1220 1335 1371 termingrentssrjiiizpiareeinuzue,
1356 1212 1764 1373 expiatioqutc'e
1794 1223 2014 1350 <legium
2025 1222 2304 1351 ‹ilneiibtis
2319 1220 2579 1380 {ffigloenffi‘

135 1390 171 1437 3
196 1377 221 1405 ‘
246 1392 377 1455 per
422 1370 783 1435 duumviros
834 1384 1273 1457 quaereretur:
1336 1394 1487 1437 cum
1539 1370 1911 1437 Caeretibus
1958 1371 2303 1457 hospitium
2411 1368 2424 1381 “

194 1463 221 1493 ‘
246 1454 509 1541 publice
554 1456 753 1534 fieret,
802 1456 977 1543 quod
1020 1479 1194 1521 sacra
1240 1457 1461 1544 populi
1509 1457 1788 1522 Romani
1829 1480 1904 1522 ac
1949 1456 2304 1522 sacerdotes

192 1549 219 1577 ‘
244 1542 657 1629 recepissent,
681 1543 1117 1629 beneficioque
1143 1543 1281 1608 eius
1295 1543 1518 1629 populi
1541 1566 1674 1610 non
1689 1544 2081 1609 intermissus
2101 1543 2304 1608 honos

194 1634 221 1663 ‘
244 1626 451 1691 deum
496 1627 947 1693 immortalium
998 1641 1196 1693 esset:
1244 1628 1381 1693 ludi
1432 1627 1783 1716 Capitolini
1829 1630 2076 1707 fierent,
2127 1630 2303 1716 quod

194 1721 218 1750 ‘
242 1711 501 1799 Iupiter
526 1715 801 1815 optimus
828 1715 1140 1779 maximus
1167 1736 1346 1779 suam
1375 1714 1594 1780 sedem
1622 1727 1814 1802 atque
1845 1738 2054 1780 arcem
2083 1714 2303 1801 populi

196 1806 223 1836 ‘
249 1797 537 1864 Romani
566 1824 635 1864 m
662 1824 729 1865 re
760 1800 1006 1887 trepida
1040 1813 1283 1865 tutatus
1310 1815 1508 1865 esset=
1557 1800 2020 1888 collegiumque
2051 1801 2131 1866 ad
2160 1824 2302 1865 eam

194 1892 221 1922 ‘
244 1906 393 1949 rem
429 1884 521 1950 M.
551 1885 777 1950 Furius
793 1886 1064 1950 dictator
1090 1886 1505 1952 constitueret
1525 1909 1607 1952 ex
1629 1888 1726 1965 iis,
1747 1888 1861 1975 qui
1889 1888 1960 1952 in
1981 1886 2302 1974 Capitolio

196 1980 221 2009 ‘
244 1983 447 2057 atque
476 1994 616 2036 arce
637 1971 1029 2036 habitarent.⁹
1118 1971 1492 2059 Expiandae
1516 1974 1708 2038 etiam
1731 1975 1902 2038 vocis
1931 1987 2298 2049 nocturnae,

190 2078 377 2142 quae
398 2057 624 2123 nuntia
639 2057 833 2121 cladis
861 2072 1007 2121 ante
1038 2057 1277 2123 bellum
1304 2058 1624 2123 Gallicum
1647 2058 1865 2122 audita
1883 2058 2300 2205 neglecmaue

136 2168 173 2209 4
192 2154 395 2218 esset,
436 2144 674 2208 mentio
716 2142 907 2219 illata,
936 2144 1175 2208 iussum
1221 2166 1303 2207 ue
1344 2142 1654 2230 templum
1699 2144 1771 2206 in
1814 2142 2005 2205 Nova
2035 2143 2140 2205 via
2240 2143 2304 2207 io

190 2227 487 2291 Locutio
512 2228 667 2293 fieri.
760 2229 1030 2304 Aurum,
1062 2252 1191 2328 quo
1271 2227 1473 2293 Gallis
1503 2240 1794 2314 ereptum
1822 2243 1974 2303 erat,
2001 2226 2302 2313 quodque

138 2338 171 2384 5
194 2336 289 2377 ex
320 2312 462 2377 aliis
478 2314 727 2402 templis
756 2315 923 2378 inter
938 2314 1425 2401 trepldationem
1443 2314 1514 2377 in
1543 2312 1713 2377 Iovis
1735 2311 1959 2397 cellam
1983 2310 2302 2389 collatum,

194 2421 432 2486 quum,
480 2400 549 2463 in
596 2423 759 2487 quae
806 2400 1023 2464 referri
1074 2412 1411 2487 oporteret,
1460 2400 1720 2464 confusa
1766 2398 2072 2462 memoria
2119 2411 2302 2475 esset,

136 2502 175 2553 6
196 2507 457 2550 sacrum
500 2508 689 2551 omne
740 2485 1109 2564 iudicatum,
1156 2498 1223 2549 et
1268 2486 1385 2549 sub
1430 2484 1600 2549 Iovis
1643 2483 1796 2548 sella
1844 2484 1998 2569 poni
2043 2484 2300 2547 iussum.

278 2739 308 2772 2
354 2725 781 2785 Tema'narenmr]
856 2721 1005 2772 Fines
1054 2736 1222 2771 eorum

198 2786 631 2846 constituerentur,
672 2786 1017 2845 defluerentur‚
1052 2792 1222 2847 quate-

196 2866 301 2899 nns
322 2866 501 2913 nempe
522 2852 681 2899 solum
713 2852 777 2899 ad
811 2850 1053 2911 templum
1075 2848 1221 2911 perti-

180 2930 325 2965 nere
340 2930 627 2976 sacrumque
644 2930 749 2963 esse
764 2914 978 2963 deberet.
1004 2914 1218 2962 Sraorn.

272 2994 303 3040 3
343 2979 467 3027 Cum
505 2980 785 3028 Caeretibus
826 2978 1089 3039 hospitium
1124 2992 1219 3038 pto-

197 3044 328 3091 blc'cs
347 3043 522 3103 fieret]
577 3042 652 3091 Ut
684 3056 813 3103 supr.
848 3042 926 3089 28.
958 3042 1219 3102 hospitium

200 3120 323 3155 cum
346 3104 647 3155 Timasitheo
674 3105 1095 3154 senatusconsulto
1119 3104 1218 3152 fse-

198 3178 317 3218 tum
349 3174 439 3220 est.
512 3172 703 3232 Hospes
736 3184 849 3219 vero
881 3166 1095 3216 Romani
1134 3182 1219 3229 po-

198 3232 317 3296 puli
339 3232 487 3292 idem,
503 3234 587 3295 qui
610 3231 865 3295 municeps
886 3232 1078 3280 Romae
1100 3236 1221 3290 erat,

202 3306 259 3345 et
444 3299 538 3345 'mn
568 3297 674 3345 iura
704 3293 1025 3369 municipalia
1045 3294 1217 3368 dabat:

200 3361 794 3485 ffieiffludu‘ddlzmea
826 3358 1222 3484 qauffxatuaggffiz

204 3486 461 3536 Caeritum
498 3486 680 3535 relatus
710 3492 802 3545 est,
836 3484 1103 3546 ignominia
1136 3498 1218 3531 no-

206 3555 345 3597 tatus
370 3548 460 3598 sit:
496 3550 583 3605 sed
612 3548 873 3597 verisimile
906 3554 979 3596 est
1006 3564 1084 3596 an.
1109 3560 1217 3608 402.

210 3613 283 3662 U.
319 3613 377 3661 C.
418 3614 614 3674 quando
656 3612 933 3663 Caeritibus
976 3612 1109 3659 bello
1152 3610 1221 3657 in-

208 3676 363 3735 dicto,
384 3690 483 3737 pax
509 3682 682 3738 postea
715 3674 1077 3724 obsecrantibus
1107 3674 1225 3721 data

209 3746 303 3797 est,
346 3740 563 3789 Caerites
600 3740 653 3787 in
693 3740 841 3787 fidem
886 3738 1223 3786 Romanorum

208 3804 377 3865 peiore
436 3802 713 3851 conditione
779 3806 1001 3863 receptos
1058 3798 1223 3857 fuisse,

210 3866 399 3928 quippe
441 3866 556 3915 Dio.
593 3866 645 3913 in
682 3866 875 3926 Fragm.
909 3864 1073 3911 Vales.
1116 3877 1219 3923 142.

210 3932 466 3979 Romanos
498 3934 688 3991 partem
727 3928 827 3991 agri
863 3926 1047 3988 publici
1082 3924 1221 3973 dimi-

194 3994 345 4041 ‘diam
377 3992 655 4042 Caeritibus
690 3989 924 4053 eripuisse
958 3988 1139 4047 scribit,
1173 3992 1224 4037 et

212 4056 390 4105 Festus
410 4072 455 4105 v.
478 4058 834 4118 Muraoipimn,
854 4052 1075 4103 Caerites
1098 4052 1227 4100 inter

212 4119 485 4181 municipes
524 4119 763 4167 inferioris
804 4115 985 4166 ordinis
1028 4132 1225 4178 percen-

196 4280 205 4285 -
276 4264 307 4306 ⁴
338 4248 439 4295 Aio
454 4248 681 4307 Locutio]
732 4246 793 4295 cf.
816 4245 919 4295 Cic.
944 4246 1005 4293 de
1034 4244 1151 4295 Div.
1172 4243 1221 4292 ii.

216 4324 291 4371 3²·

1354 2732 1381 2782 5
1416 2722 1482 2769 Ιπ
1503 2722 1634 2770 Iovis
1654 2722 1849 2779 cellam]
1905 2720 1986 2769 De
2005 2721 2160 2769 tribus
2181 2726 2302 2771 tem-

1288 2783 1360 2845 pli
1403 2783 1674 2846 Capitolini
1722 2783 1877 2843 cellis,
1923 2784 2056 2833 Iovis
2099 2784 2304 2847 scilicet,

1290 2846 1514 2907 Iunonis,
1531 2853 1582 2896 et
1605 2848 1874 2907 Minervae,
1892 2848 1952 2895 cf.
1972 2848 2120 2898 Dion.
2139 2850 2203 2898 iv.
2222 2848 2302 2900 61.

1285 2911 1430 2961 Cella
1450 2927 1564 2960 vero
1585 2911 1786 2961 interior
1815 2927 1928 2974 pars
1955 2914 2107 2973 aedis,
2129 2914 2182 2963 iu
2205 2930 2304 2977 qua

1285 2981 1401 3023 ante
1422 2980 1634 3024 statuam
1657 2976 1872 3024 numinis
1892 2992 2029 3025 sacra
2051 2977 2250 3028 fiebant.

1348 3036 1380 3088 6
1411 3041 1544 3089 Poni
1564 3042 1775 3101 iussum]
1821 3039 1924 3090 Ubi
1947 3041 2126 3107 mansit
2145 3058 2301 3104 usque

1284 3104 1349 3151 ad
1379 3103 1607 3165 Pompeii
1631 3104 1841 3151 alterum
1871 3106 2198 3164 consulatum,
2220 3122 2298 3155 an.

1287 3166 1355 3216 U.
1383 3167 1441 3215 C.
1474 3164 1587 3229 697.
1620 3168 1816 3227 quando
1858 3167 1932 3215 M.
1967 3168 2170 3215 Crassus
2201 3169 2302 3217 duo

1284 3228 1443 3276 millia
1471 3228 1637 3289 pondo
1665 3228 1771 3276 auri
1804 3229 1894 3277 sub
1917 3228 2050 3276 Iovis
2071 3229 2248 3277 solium
2269 3245 2302 3277 a

1287 3292 1502 3341 Camillo
1509 3290 1670 3351 posita
1677 3289 1926 3363 expilavit.
1945 3290 2006 3339 cf.
2018 3291 2147 3340 Plin.
2158 3292 2300 3341 EN.

1286 3354 1457 3403 xxxiii.
1487 3369 1526 3402 1.
1594 3352 1830 3402 Similiter
1851 3353 2008 3401 Varro
2029 3353 2092 3402 de
2117 3354 2220 3403 Vit.
2241 3356 2298 3405 P.

1286 3418 1352 3468 R.
1382 3417 1434 3465 in
1464 3415 1634 3465 Nonio
1661 3415 1731 3463 iii.
1763 3427 1839 3477 45.
1869 3416 1974 3463 auri
2008 3418 2106 3465 duo
2141 3418 2300 3466 millia

1286 3482 1451 3543 pondo
1480 3484 1848 3537 commemorat,
1869 3480 1999 3527 unde
2021 3480 2226 3529 Niebhr.
2251 3482 2300 3530 ii.

1285 3561 1333 3594 n.
1349 3560 1369 3593 1
1379 3560 1435 3592 ἠ
1444 3555 1485 3606 7.
1494 3543 1704 3601 videtur,
1715 3542 1820 3589 auri
1834 3542 1954 3589 sacri
1970 3543 2106 3591 mille
2120 3545 2303 3605 pondo,

1285 3609 1339 3657 in
1382 3606 1594 3669 pretium
1629 3604 1762 3654 urbis
1801 3604 1963 3654 Gallis
1993 3606 2300 3668 solvendum,

1287 3688 1350 3720 ex
1387 3670 1588 3732 templis
1623 3686 1655 3718 a
1697 3667 1936 3718 Romanis
1973 3670 2296 3733 conquisitum

1287 3735 1451 3794 fuisse,
1473 3740 1524 3781 et
1545 3739 1718 3795 postea
1738 3734 1948 3796 duplum
1975 3734 2096 3793 eius,
2117 3740 2174 3782 ut
2195 3752 2302 3785 mos

1288 3804 1409 3859 erat,
1436 3797 1551 3846 Diis
1581 3797 1826 3846 redditum
1859 3814 1990 3847 esse:
2027 3814 2217 3847 necnon
2249 3800 2300 3847 in

1286 3862 1413 3910 hane
1445 3876 1550 3909 rem
1583 3867 1752 3925 postea
1776 3862 1960 3909 tributo
1987 3863 2300 3910 collationem

1285 3926 1467 3973 factam
1485 3940 1608 3983 esse,
1623 3925 1731 3974 infr.
1751 3924 1812 3973 vi.
1833 3940 1905 3986 ¹4·
1955 3926 2302 3981 Mammenses,

1289 3988 2302 4113 {ttxfiafflfflfffflt‘smgssffusszffzz

1290 4121 1551 4177 acceptum
1574 4115 1814 4163 Romanis
1838 4114 2024 4169 fecisse,
2045 4118 2103 4158 nt
2127 4111 2300 4159 immu-

1292 4180 1421 4228 nitas
1440 4179 1576 4237 data,
1596 4186 1646 4225 et
1669 4178 1806 4225 locus
1831 4176 2218 4237 spectaculorum
2253 4173 2302 4221 in
2323 4208 2334 4215 .

1289 4241 1463 4291 senatu
1485 4242 1728 4299 decretus,
1749 4244 1799 4287 et
1821 4239 1992 4287 foedus
2019 4252 2178 4297 aequo
2201 4236 2304 4285 iure

1292 4318 1590 4367 percussum.
1627 4303 1686 4350 cf.
1715 4301 1890 4349 lustin.
1913 4300 2037 4348 xliii.
2062 4312 2108 4361 5.
