3000 4784
658 181 781 242 106
1419 173 1652 242 TITI
1707 172 1980 241 LIVII

506 311 615 363 ²⁶0·
654 315 877 392 aciem,
921 335 1069 401 qua,
1114 297 1269 378 dum
1312 336 1379 378 se
1432 337 1670 379 cornua
1719 313 1909 378 latius
1955 309 2266 399 pandunt,
2365 331 2544 374 arum
2593 331 2638 374 a

502 393 614 440 ⁴⁹²·
652 401 993 466 introrsum
1044 400 1370 466 ordinibus
1415 401 1619 466 aciem
1669 400 2086 464 firmaverant.
2179 397 2320 462 Tur
2361 409 2496 461 atos
2675 419 2750 460 es
2767 405 2800 456 6

330 313 399 362 U.
420 313 481 362 C.

328 379 389 426 A.
422 378 481 427 C.

651 487 916 552 invasit:
978 488 1205 552 eodem
1258 487 1502 575 impetu
1548 500 1752 552 castra
1799 498 2004 573 capta,
2057 483 2570 571 debellatumque
2625 495 2748 547 est.

652 573 809 639 Post
836 597 1117 662 pugnam
1146 574 1231 638 ad
1261 573 1586 660 Regillum
1618 573 1824 638 lacum
1853 595 1986 638 non
2008 571 2132 636 alia
2159 571 2282 635 illis
2319 569 2503 634 annis
2571 592 2754 656 ugna

651 660 878 726 clarior
896 661 1035 726 fuit.
1129 661 1421 726 Dictator
1442 660 1840 746 triumphans
1859 660 2085 724 urbem
2106 657 2444 722 invehitur.
2586 679 2754 743 uper

651 747 867 812 solitos
886 747 1159 812 honores
1178 747 1354 812 locus
1370 749 1441 811 in
1468 747 1638 811 circo
1658 746 1780 833 ipsi
1795 746 2188 833 posterisque
2211 744 2295 809 ad
2311 741 2750 830 spectaculum
2773 761 2804 811 7

654 833 874 911 datus3
935 834 1089 899 sella
1138 834 1207 898 in
1264 856 1341 899 eo
1400 834 1542 898 loco
1594 833 1828 898 curulis
1872 832 2092 920 posita.
2183 829 2432 895 Volscis
2477 829 2752 894 devictis

654 920 1019 986 Veliternus
1047 943 1197 1008 ager
1224 921 1594 1008 ademptus:
1644 918 1920 984 Velitras
1947 918 2160 984 coloni
2187 917 2268 983 ab
2297 918 2454 982 urbe
2485 916 2661 981 missi
2677 929 2753 981 et
2769 929 2803 976 8

650 1007 901 1072 colonia
927 1007 1217 1073 deducta.

743 1092 915 1158 Cum
947 1094 1193 1181 Aequis
1220 1108 1364 1182 post
1382 1093 1708 1180 aliquanto
1728 1105 2080 1181 pugnatum
2110 1107 2225 1169 est,
2249 1089 2451 1155 invito
2479 1089 2754 1177 quidem

654 1181 930 1258 consule,
969 1181 1121 1267 quia
1158 1181 1300 1246 loco
1341 1181 1566 1268 iniquo
1603 1179 2006 1246 subeundum
2039 1191 2175 1244 erat
2207 1177 2292 1242 ad
2328 1177 2582 1242 hostes:
2627 1176 2753 1241 aed

655 1266 907 1345 milites,
930 1267 1177 1333 extrahi
1206 1291 1341 1332 rem
1363 1267 1786 1344 criminantes,
1809 1280 1884 1331 ut
1911 1266 2201 1342 dictator,
2230 1265 2600 1364 priusquam
2621 1263 2751 1351 ipsi

654 1353 939 1419 redirent
974 1355 1043 1418 in
1084 1357 1325 1432 urbem,
1364 1355 1734 1442 magistratu
1777 1352 1998 1430 abiret,
2037 1350 2363 1438 irritaque,
2395 1363 2558 1414 sicut
2591 1363 2750 1414 ante

655 1441 951 1519 consulis,
980 1442 1285 1528 promissa
1312 1442 1449 1506 eius
1478 1441 1796 1518 caderent,
1828 1438 2184 1527 perpulere,
2213 1450 2286 1503 ut
2311 1438 2472 1502 forte
2503 1449 2750 1501 temere
2769 1457 2805 1506 9

331 1534 490 1598 Aequi
508 1536 637 1586 victi·
656 1527 727 1627 in
766 1526 1057 1592 adversos
1096 1541 1344 1592 montes
1382 1550 1612 1614 agmen
1650 1527 1937 1627 erigeret.
2031 1523 2110 1589 Id
2137 1523 2300 1589 male
2340 1523 2756 1589 commissum

655 1614 907 1699 ignavia
933 1613 1216 1678 hostium
1254 1614 1325 1677 in
1351 1615 1594 1677 bonum
1621 1627 1842 1678 vernt:
1891 1613 2024 1700 qui,
2099 1612 2424 1698 riusquam
2467 1609 2551 1674 ad
2589 1619 2754 1675 con-

654 1700 891 1764 iectum
941 1698 1055 1764 teli
1104 1699 1445 1778 veniretur,
1498 1699 1914 1788 obstupefacti
1961 1721 2044 1762 au
2089 1699 2226 1763 acia
2286 1698 2750 1774 Romanorum,

656 1784 889 1850 relictis
917 1785 1151 1863 castris,
1181 1809 1345 1873 quae
1375 1787 1810 1851 munitissimis
1838 1798 2174 1851 tenuerant
2195 1784 2368 1861 locis,
2399 1785 2468 1848 in
2498 1806 2752 1848 aversas

653 1871 848 2022 f*falles
898 1871 1243 1938 desiluere:
1308 1872 1417 1938 ubi
1464 1872 1613 1937 satis
1661 1872 1934 1960 praedae
1981 1885 2049 1937 et
2098 1871 2362 1936 victoria
2409 1871 2754 1936 incruenta

680 1972 791 2023 u1t.

332 2054 528 2130 Turb-ae
550 2051 631 2100 do-
744 2043 847 2110 Ita
872 2044 1173 2110 trifariam
1201 2068 1269 2110 re
1297 2044 1467 2112 bello
1495 2047 1660 2112 bene
1683 2061 1877 2146 gesta,
1908 2045 1990 2110 de
2015 2045 2503 2110 domesticarum
2531 2065 2752 2110 rerum

330 2125 576 2168 mmm
656 2145 892 2198 eventu
913 2155 1033 2197 nec
1062 2133 1357 2198 Patribus
1385 2155 1506 2196 nec
1535 2133 1706 2220 pleb1
1730 2155 1884 2197 cura
1905 2133 2286 2198 decesserat:
2337 2145 2514 2197 tanta
2541 2153 2753 2218 quum

654 2219 875 2306 gratia,
899 2232 1036 2283 tum
1064 2232 1198 2284 arte
1221 2231 1745 2306 praeparaverant
1769 2220 2172 2296 feneratoreS,
2196 2241 2362 2306 quae
2390 2241 2522 2283 non
2553 2217 2754 2283 modo

655 2304 927 2393 plebem,
958 2307 1072 2370 sed
1110 2306 1319 2393 ipsum
1356 2307 1551 2370 etiam
1580 2304 1955 2370 dictatorem
1986 2306 2448 2370 flustrarentur.
2541 2303 2751 2368 Nam·

657 2415 785 2478 que
814 2391 1125 2471 Valerius,
1148 2406 1292 2480 post
1318 2392 1572 2457 Vetusii
1601 2392 1876 2458 consulis
1903 2393 2200 2470 reditum,
2231 2391 2520 2456 omnium
2548 2392 2753 2456 actio-
2777 2413 2800 2446 1

658 2502 813 2579 num
836 2478 904 2543 in
926 2493 1151 2580 senatu
1169 2479 1439 2580 primam
1460 2479 1684 2546 habuit
1703 2501 1820 2566 pro
1839 2480 2076 2544 victore
2097 2477 2354 2578 populo,
2377 2477 2751 2578 retulitque,

658 2565 2805 2731 flffiffnneffl?&his-1³2⁹?cossssffifflerssff‘ssoessabiss'aoess‘g2

658 2749 678 2778 ⁶
696 2739 841 2804 dius
896 2677 1106 2817 lidjus,
1119 2701 1140 2731 ⁹
1158 2676 1556 2826 progediem‚
1608 2753 1682 2804 ut
1727 2739 1856 2803 mei
1901 2737 2136 2803 similes
2187 2674 2486 2802 'Rogana
2527 2737 2752 2825 plebes

658 2834 678 2865 ‘
694 2839 991 2911 patronos
1028 2826 1275 2889 habeat.
1372 2825 1570 2900 Quod
1609 2827 1692 2890 ad
1732 2849 1835 2890 me
1871 2825 2116 2902 attinet,
2152 2847 2364 2912 neque
2403 2823 2754 2890 frustrabor

659 2920 678 2950 ⁶
697 2910 863 2976 ultra
906 2911 1075 2976 cives
1117 2933 1311 2988 mene,
1356 2934 1568 2998 neque
1612 2912 1746 2999 ipse
1789 2912 2020 2976 frustra
2059 2911 2332 2976 dictator
2375 2933 2504 2976 ero·
2593 2910 2754 2976 Dis-

720 3160 751 3212 6
773 3163 1073 3224 Into-orsum]
1108 3177 1173 3212 sc.
1192 3161 1412 3212 Mediam
1428 3163 1668 3214 interduo
1731 3165 1864 3227 apud
1897 3171 2138 3220 senatum.
2169 3163 2270 3214 sive
2301 3166 2436 3227 apud
2467 3165 2712 3227 populum
2733 3183 2754 3222 ς

655 3241 839 3275 cornua
873 3228 1045 3277 aciem.
1085 3227 1299 3277 Smorrn.
1351 3229 1411 3276 cf.
1451 3243 1567 3277 xxv.
1591 3243 1668 3278 αι.
1733 3229 1963 3292 quicquid
1994 3230 2073 3278 vel
2107 3229 2334 3278 Patribus
2367 3227 2752 3287 decernendum,

653 3294 691 3318 ‘⁶
704 3291 1047 3342 clamantibus
1082 3291 1301 3350 tribunis,
1331 3291 1456 3341 nihil
1488 3295 1665 3343 inu-or-
1731 3294 1810 3342 vel
1825 3294 2008 3356 populo
2021 3292 2323 3342 sciscendum
2339 3291 2580 3355 proponit.
2617 3291 2754 3340 Vult

652 3371 737 3405 σω
757 3355 939 3404 roboris
958 3371 1017 3404 ac
1038 3355 1213 3404 virium
1234 3359 1389 3404 (ποθ’
1733 3357 1900 3407 Livius
1949 3357 2043 3406 hoc
2090 3359 2218 3413 loco,
2259 3357 2566 3416 dictatorem,
2607 3363 2750 3404 ante-

730 3431 757 3482 7
788 3421 945 3469 Locus
985 3422 1042 3468 ὄπ
1080 3421 1231 3480 circo]
1286 3420 1540 3483 singulam
1582 3437 1664 3470 ex·
1729 3437 1878 3484 quam
1899 3422 2004 3470 ulla
2023 3420 2123 3470 alia
2142 3422 2205 3470 de
2224 3437 2278 3470 re
2297 3427 2462 3484 ageret
2481 3420 2532 3468 in
2553 3425 2752 3480 senatui,

653 3484 873 3546 emplum
890 3483 1083 3532 honoris
1097 3483 1231 3532 illius
1252 3485 1383 3546 apud
1400 3485 1668 3545 Romanos,
1730 3485 1970 3545 retulisse,
2003 3486 2103 3534 aive
2134 3485 2324 3534 iussisse
2358 3485 2530 3534 Patres
2561 3483 2750 3534 delibe—

652 3548 737 3609 qui
770 3549 903 3610 apud
938 3549 1170 3608 Graecos,
1201 3549 1399 3598 nomine
1436 3547 1668 3612 προεδρία,
1731 3565 1854 3608 rare,
1870 3550 1931 3598 de
1949 3550 2046 3599 fide
2055 3548 2222 3598 victori
2238 3551 2424 3612 populo
2439 3549 2748 3612 praestanda.

652 3613 875 3664 usitatior
894 3619 1012 3662 erat.
1048 3613 1252 3663 Niebhr.
1277 3613 1311 3662 i.
1334 3629 1381 3675 p.
1408 3616 1518 3676 528.
1731 3616 1893 3664 Canv.

716 3678 749 3725 8
792 3678 998 3727 Velitrae
1017 3679 1195 3737 coloni]
1248 3678 1499 3734 Quoniam
1526 3677 1664 3741 oppi-
1795 3693 1822 3727 2
1855 3681 1948 3727 Μὰ
1966 3679 2078 3727 dius
2095 3679 2279 3740 fidius]
2323 3677 2556 3726 Formula
2583 3676 2746 3726 iuran-

652 3739 771 3789 dum
811 3741 1043 3790 Latinum
1083 3742 1305 3790 Velitrae
1347 3747 1522 3801 erant‚-
1545 3757 1666 3804 quas
1729 3742 1808 3792 di:
1842 3743 1913 3791 ita
1933 3759 2008 3791 me
2028 3742 2164 3790 iuvet
2179 3743 2290 3790 dius
2301 3744 2492 3791 Fidius.
2550 3741 2746 3790 Eodem

655 3804 843 3863 Volsci,
884 3803 1153 3868 irruptione
1202 3806 1353 3866 ficta,
1398 3821 1666 3870 occupave-
1729 3821 1876 3855 sensu
1908 3807 2074 3854 Plaut.
2107 3804 2244 3854 Asin.
2277 3807 2389 3854 Act.
2412 3805 2445 3856 i.
2468 3807 2546 3856 Sc.
2575 3820 2616 3855 1.
2637 3808 2748 3856 Por

652 3875 775 3918 rant.
800 3869 851 3918 N
853 3870 1006 3919 iebhr.
1030 3869 1060 3919 i.
1084 3885 1133 3932 p.
1157 3884 1237 3934 93.
1729 3873 1871 3920 deum
1891 3873 2106 3920 Fidium.
2163 3871 2296 3918 Dius
2315 3875 2408 3929 est,
2429 3870 2576 3918 Festo
2597 3870 2746 3918 inter-

724 3949 757 3998 9
794 3935 941 3984 Forte
982 3935 1181 3995 temere]
1254 3933 1363 3982 Has
1404 3933 1668 3997 particulas
1731 3941 1888 3998 prete,
1907 3935 1968 3983 ab
1989 3937 2106 3984 Iove
2121 3949 2280 3996 amm
2298 3935 2494 3984 ducem.
2549 3935 2746 3994 Fidius,

652 3997 950 4056 coniunctim
984 3998 1183 4060 positas,
1216 3998 1279 4046 de
1300 3997 1360 4046 iis
1390 4013 1518 4060 quae
1551 4013 1667 4046 casu
1731 3998 1815 4060 qui
1851 3997 1964 4048 fidei
2003 4005 2210 4060 praeest,
2243 4003 2444 4047 auctore
2476 3998 2624 4047 Dion.
2655 3999 2746 4059 qui

648 4063 895 4122 accidunt,
940 4064 1017 4112 vel
1071 4063 1210 4110 nullo
1264 4061 1467 4111 consilio
1517 4061 1662 4110 susci-
1729 4062 1778 4111 ii.
1823 4077 1900 4138 49.
1944 4069 1995 4112 et
2045 4062 2109 4112 iv.
2154 4065 2232 4125 58.
2287 4063 2501 4111 Sancum
2551 4062 2747 4112 Graece

649 4127 866 4189 piantur,
885 4125 1139 4175 inveneris.
1180 4126 1289 4174 infr.
1314 4125 1448 4174 xxiii.
1474 4139 1519 4200 3.
1558 4125 1664 4175 Cic.
1729 4128 1890 4176 reddit
1934 4125 2130 4176 nlo-mr
2169 4125 2276 4176 Δία.
2341 4127 2530 4176 Sancus
2571 4132 2744 4175 autem

648 4191 711 4240 de
736 4191 851 4240 Div.
874 4191 923 4239 ii.
946 4189 1022 4240 68.
1056 4189 1169 4238 Ter.
1195 4190 1397 4238 Phorm.
1420 4206 1463 4239 v.
1485 4205 1518 4238 1.
1543 4204 1620 4252 30.
1725 4191 1856 4240 idem
1906 4197 1998 4250 est,
2047 4191 2130 4253 qui
2182 4190 2368 4250 Fidius,
2419 4197 2544 4240 teste
2595 4191 2746 4241 Ovid.

718 4269 737 4302 1
774 4255 1062 4314 Accianum]
1116 4253 1235 4302 Hoc
1276 4252 1473 4303 nomine
1510 4254 1664 4316 desig·
1729 4255 1862 4304 Fast.
1885 4255 1946 4304 vi.
1971 4270 2081 4318 ²13·
2143 4255 2255 4305 vid.
2294 4261 2395 4304 not.
2433 4257 2498 4305 ad
2531 4254 2630 4304 viii.
2665 4270 2746 4305 πο.

648 4323 793 4365 natur
820 4317 1052 4379 quicquid
1082 4317 1184 4379 agit
1216 4318 1541 4380 nugistratun,
1562 4318 1664 4368 sive
1727 4319 1836 4368 infr.
1871 4319 2032 4368 Cassv.
