3000 4784
558 509 678 602 T.
771 509 1190 607 LIVII
1285 509 2069 609 PATAVINI

975 801 1494 884 LIBER
1592 803 1662 886 I.

1119 1061 1514 1102 ...ψ-

221 1320 245 1354 1
269 1287 514 1438 IAM
569 1290 846 1377 primum
911 1290 1196 1355 omnium
1255 1289 1405 1355 satis
1461 1302 1724 1367 constat,
1786 1289 1981 1356 Troia
2038 1301 2241 1377 capta,
2292 1291 2361 1355 in
2514 1296 2571 1358 1.
2612 1335 2617 1340 -

405 1388 650 1441 ceteros
691 1375 998 1441 saevitum
1040 1399 1176 1442 esse
1213 1376 1551 1453 Troianos3
1600 1376 1865 1454 duobus,
1898 1376 2126 1442 Aenea
2154 1377 2360 1442 Ante-

265 1484 572 1614 ..ss
595 1463 1855 1627 ...mmm
1896 1487 2360 1616 1.

263 1636 662 1702 abstinuisse.
739 1573 1026 1702 pgasibus
1056 1635 1288 1701 deinde
1317 1636 1505 1700 variis
1536 1636 1933 1701 Antenorem
1964 1659 2110 1702 cum
2145 1637 2361 1702 multi·
2379 1651 2639 1700 Antenoris

215 1749 248 1783 α
266 1722 493 1788 tudine
541 1721 890 1800 Henetum,
931 1723 1062 1810 qui,
1105 1723 1415 1788 seditione
1467 1745 1548 1788 ex
1588 1722 2024 1823 Paphlagonia
2063 1723 2249 1811 pulsi,
2295 1735 2363 1790 et
2378 1715 2495 1767 ‘⁹¹¹⁸-

261 1809 449 1875 sedes
475 1809 820 1888 et'ducem‚
843 1833 992 1896 rege
1015 1809 1400 1898 Pylaemene
1429 1810 1515 1873 ad
1544 1807 1801 1874 Trmam
1832 1811 2078 1886 amisso,
2099 1833 2363 1897 quaere-

263 1897 442 1974 bant,
470 1896 718 1962 venisse
746 1897 818 1960 in
845 1896 1141 1962 intimum
1171 1896 1360 1960 maris
1389 1895 1747 1960 Hadriatici
1774 1896 2019 1962 sinum:
2065 1895 2363 1984 Eugane-

263 1984 470 2134 i'f'qu’e’
499 1983 614 2070 qui
641 1983 810 2050 inter
837 2005 1009 2134 matre
1041 1983 1368 2134 Alpesqtige
1399 1980 1781 2133 incolepant,
1818 1982 2034 2071 pulsis,
2068 1982 2361 2085 Henetos

263 2091 706 2244 ..gffiffl
732 2091 1204 2234 &ww
1239 2091 1518 2233 voe‘i‘t'ir‘,
1562 2091 2047 2243 §.gffquzffi
2078 2092 2361 2223 1535&

263 2265 504 2308 nomen
545 2255 676 2307 est:
718 2265 876 2331 gens
914 2242 1207 2308 universa
1249 2241 1488 2308 Veneti
1532 2265 1571 2306 a
1613 2241 1847 2330 pellati.
1939 2243 2230 2322 Aenean,
2276 2245 2357 2310 ab
2374 2261 2572 2312 Aeneae

215 2357 249 2408 3
263 2329 457 2394 simili
497 2329 678 2394 clade
725 2329 916 2396 domo
957 2328 1316 2430 profugum,
1359 2328 1474 2394 sed
1638 2330 1878 2395 maiora
1916 2351 2130 2395 rerum
2176 2331 2362 2396 initia
2374 2327 2491 2378 ‘²¹¹⁸-

263 2416 648 2482 ducentibus
693 2415 855 2494 fatis,
901 2438 1107 2503 primo
1153 2438 1224 2480 m
1267 2414 1717 2480 Macedoniam
1759 2416 2041 2482 venisse:
2088 2417 2242 2482 inde
2286 2418 2359 2482 in

269 2502 556 2568 Siciliam
592 2516 1004 2589 quaerentem
1051 2501 1234 2566 sedes
1278 2501 1596 2565 delatum:
1647 2502 1727 2566 ab
1776 2499 1991 2566 Sicilia
2034 2501 2230 2568 classe
2275 2503 2361 2568 ad

267 2588 657 2653 Laurentem
799 2612 909 2654 um
939 2587 1252 2654 tenuisse:
1287 2587 1521 2653 Troiae
1545 2597 1612 2652 et
1634 2586 1784 2652 huic
1806 2587 1948 2652 loco
1977 2610 2215 2656 nomen
2242 2601 2355 2653 est.

267 2673 374 2740 Ibi
420 2675 648 2763 egressi
789 2675 979 2752 oiani,
1023 2687 1099 2738 ut
1139 2673 1371 2761 quibus
1413 2673 1494 2739 ab
1536 2673 1847 2740 immenso
1891 2696 2091 2761 prope
2148 2697 2359 2740 errore

263 2761 450 2862 nihil,
481 2776 732 2850 praeter
759 2785 934 2827 arma
952 2775 1027 2862 ‘et
1054 2784 1266 2838 naves,
1296 2783 1370 2826 su
1453 2773 1669 2861 resset,
1701 2783 1901 2848 quum
1939 2760 2241 2862 praedam
2276 2784 2361 2827 ex

263 2871 606 3000 3312&
599 2862 771 3014 30¹2?
787 2849 926 3000 ...¹1¹⁸
899 2849 1393 3000 ..¹333ssss
1423 2870 2060 3000 ..dfzffiffiefflfi
2088 2859 2362 3002 ‘0messss
2405 3004 2419 3014 ,

263 3035 460 3109 atque
489 3022 655 3110 agris
685 3033 1088 3088 concurrunt.
1159 3020 1422 3108 Duplex
1451 3020 1603 3086 inde
1632 3021 1801 3087 fama
1826 3035 1939 3086 est.
2008 3023 2147 3087 Alii
2174 3045 2358 3110 proe-

263 3108 354 3172 lio
383 3109 628 3174 victum
657 3107 965 3174 Latinum
993 3130 1216 3208 pacem
1255 3131 1402 3172 cum
1433 3109 1680 3185 Aenea,
1722 3109 1957 3173 deinde
1987 3109 2357 3174 affinitatem

264 3195 548 3260 iunxisse
595 3195 884 3260 tradunt:
928 3194 1056 3272 ahi,
1099 3217 1298 3281 quum
1341 3195 1683 3260 instructae
1714 3195 1880 3260 acies
1908 3195 2355 3275 constitissent,

144 3277 160 3286 ⁹
264 3282 636 3368 priusquam
677 3281 858 3368 signa
897 3293 1218 3358 canerent,
1259 3281 1631 3368 processisse
1676 3263 1982 3346 Latinum
2023 3281 2192 3347 inter
2229 3284 2358 3371 pri-

269 3389 498 3448 mores,
563 3367 920 3455 ducemque
985 3367 1370 3432 advenarum
1435 3390 1723 3433 evocasse
1798 3366 1881 3432 ad
1951 3367 2357 3456 colloquium,

337 3538 360 3572 1
399 3525 546 3586 Troja
565 3524 736 3586 capta]
780 3521 1022 3571 Fabulam
1052 3521 1180 3570 hanc
1209 3525 1280 3568 to-
1347 3521 1503 3570 Haud
1530 3520 1631 3570 scio
1658 3537 1723 3571 an
1746 3521 2021 3571 Niebuhrio
2049 3521 2171 3570 fides
2198 3522 2361 3571 danda

264 3593 372 3636 tam
406 3588 468 3637 de
497 3586 721 3636 Troianis
751 3586 801 3634 in
837 3586 1034 3635 Latium
1067 3585 1284 3634 advectis
1345 3586 1425 3643 sit,
1463 3586 1547 3647 qui
1585 3586 1781 3648 vulgare
1815 3591 2145 3634 commentum
2178 3591 2265 3635 aut
2296 3603 2359 3635 ex

267 3651 550 3714 indigenam
571 3667 676 3700 ase
696 3650 943 3699 existimat
967 3649 1018 3698 N
1020 3649 1284 3707 iebuhrius,
1347 3649 1545 3711 cyclicis
1564 3649 1723 3712 poetis
1743 3650 2013 3699 derivatum
2034 3653 2123 3698 aut
2147 3666 2178 3698 a
2206 3651 2359 3700 nomi-

267 3721 321 3764 et
357 3731 420 3765 ex
457 3716 552 3764 hac
589 3731 642 3764 rc
677 3721 838 3763 ortum
876 3714 1116 3772 habuisse,
1150 3713 1282 3776 quod
1344 3729 1464 3762 num
1489 3713 1807 3764 similitudine
1828 3715 2093 3764 deductum
2115 3714 2261 3763 fixisse
2285 3730 2357 3764 ar-

268 3780 498 3828 Troianis
517 3783 568 3828 et
590 3777 854 3842 Tyrrhenis
878 3778 1023 3840 stirps
1047 3785 1184 3826 vetus
1203 3792 1281 3826 ea-
1343 3777 1564 3828 bitratur.
1611 3779 1687 3829 Cf.
1720 3779 1896 3842 Polyb.
1922 3778 1971 3827 ii.
2004 3789 2077 3842 17.
2110 3779 2268 3829 Str-ab.
2293 3780 2359 3830 iv.

267 3844 384 3892 dem
405 3844 659 3906 Pelasgica
669 3844 836 3892 fixisset
851 3842 1071 3891 Naevius
1085 3841 1280 3904 quidem
1347 3853 1456 3906 297.
1524 3841 1825 3892 Niebuhr-ius
1844 3849 2009 3891 autem
2037 3843 2261 3891 Henetos
2278 3843 2357 3892 Li-

268 3907 456 3971 primus
509 3909 638 3957 hanc
688 3909 905 3956 fabulam
949 3905 1164 3956 versibus
1211 3907 1283 3955 in·
1347 3907 1527 3955 bur-nos
1540 3907 1686 3956 fixisse
1707 3905 1917 3956 coniicit.
1952 3907 2029 3957 cf.
2054 3907 2185 3956 Hist.
2210 3907 2357 3956 Rom.

267 3973 462 4021 struxit.
1349 3971 1569 4032 Angues,
1590 3972 1621 4020 i.
1646 3988 1694 4034 p.
1724 3971 1828 4034 165.

335 4051 366 4085 ἰ
397 4037 672 4096 Horetum]
723 4034 826 4092 Qui
857 4039 1042 4094 tamen,
1063 4034 1104 4083 si
1127 4035 1284 4083 Hero-
1413 4049 1441 4097 3
1473 4038 1703 4096 Maiora]
1746 4037 1996 4085 Maior-vm
2021 4050 2084 4084 ex
2113 4035 2357 4083 emendat.

269 4101 442 4149 dotum
471 4101 744 4160 audiamus,
764 4115 882 4162 gens
905 4099 1108 4162 Illyrica
1129 4101 1282 4148 erant.
1347 4099 1562 4149 Gronov.
1600 4100 1653 4148 in
1692 4106 1883 4149 textum
1922 4099 2107 4161 recepit
2146 4097 2357 4148 Bekker.

269 4165 304 4214 i.
340 4163 446 4228 196.
508 4165 658 4227 Apud
692 4164 824 4214 Serv.
859 4164 910 4212 in
951 4166 1072 4212 Aen.
1107 4164 1138 4212 i.
1173 4177 1285 4224 243,
1347 4163 1464 4212 licet
1488 4165 1631 4214 codd.
1651 4167 1836 4214 advers.
1858 4166 1943 4214 sed
1970 4163 2091 4212 nihil
2124 4162 2359 4225 corrigen-

273 4229 497 4291 legimus‚
531 4227 786 4290 Illyricum
813 4229 1056 4290 quendam
1089 4227 1285 4275 nomine
1349 4228 1466 4276 dum
1502 4234 1575 4277 est
1606 4245 1668 4278 ex
1700 4229 1815 4292 styli
1850 4227 2040 4278 Liviani
2070 4226 2227 4289 genio.
2280 4227 2358 4278 Cf.

275 4293 548 4352 Henetum,
579 4307 740 4356 regem
763 4292 1026 4341 Venetiam
1057 4291 1287 4350 tenuisse,
1348 4292 1456 4343 infr.
1478 4291 1529 4342 ii.
1555 4306 1629 4354 51.

275 4362 324 4404 et
380 4357 560 4418 regioni
614 4372 793 4407 nomen
848 4371 987 4406 suum
1042 4356 1284 4405 indidisse.
