3000 4784
829 224 1022 294 LIB.
1068 224 1222 295 VII.
1289 228 1514 295 CAP.
1564 234 1668 296 38.
2170 234 2295 298 441

129 360 524 439 frumenti,
547 382 767 427 secum
796 362 1126 442 attulisset,
1157 363 1454 429 defutura
1479 364 1713 429 omnia.
1786 362 2032 430 Consul
2060 364 2303 453 palatos
2320 376 2387 427 U.
2412 376 2471 427 ο.
2495 372 2607 439 4'12.

288 470 322 512 r
361 470 546 535 agros
574 469 775 535 quum
813 448 1074 515 vidisset
1110 450 1342 529 hostes,
1382 452 1688 516 stationes
1729 450 2163 539 infrequentes
2201 476 2303 519 re·
2318 445 2381 493 A.
2412 443 2473 493 0·
2498 454 2613 503 ³⁴⁰·

137 471 405 611 figas,
461 535 682 621 paucis
737 534 970 599 milites
1026 536 1415 615 adhortatae,
1475 537 1555 601 ad
1616 549 1819 602 castra
1874 540 2307 626 oppugnanda

147 620 404 686 ducit.
499 620 684 697 Quae
715 644 916 708 quum
956 622 1164 709 primo
1203 623 1475 688 clamore
1516 636 1709 711 atque
1739 625 1984 712 impetu
2012 648 2091 690 ce
2136 626 2305 704 isset,

147 706 494 794 pluribus
520 708 798 773 hostium
837 708 908 771 in
943 709 1232 773 tentoriis
1259 709 1406 787 suis,
1439 731 1633 796 quam
1668 712 1737 775 in
1767 712 1965 797 portis
1994 711 2093 776 val
2202 734 2307 791 ue,

157 793 424 871 caesis,
456 794 637 881 signa
663 816 738 857 ca
783 794 910 859 tiva
948 795 1018 858 in
1059 818 1262 859 unum
1301 796 1513 859 locum
1555 798 1825 862 conferri
1861 798 2079 875 iussit3
2126 820 2195 863 re
2220 800 2311 864 ic-

89 906 134 957 7
163 880 420 966 tisque
451 880 696 944 duabus
747 880 1080 967 egionibus
1119 881 1444 947 custodiae
1475 896 1541 947 et
1570 883 1866 969 praesidii
1897 906 2103 962 causa,
2134 886 2310 972 gravi

162 966 424 1035 edicto
465 966 742 1043 monitis,
781 981 876 1045 ut,
912 967 1118 1031 donec
1165 968 1300 1055 ipse
1344 970 1721 1047 revertisset,
1757 970 1992 1057 praeda
2034 972 2311 1037 abstine-

167 1064 396 1127 rent3
441 1052 760 1138 profectus
803 1053 1058 1153 agmine
1097 1053 1423 1132 instruct0,
1456 1078 1657 1141 quum
1696 1056 2075 1142 praemissus
2114 1080 2313 1144 eques

99 1156 148 1206 8
168 1138 390 1205 velut
407 1138 708 1225 indagine
731 1138 1064 1227 disslpatos
1090 1138 1406 1205 Samnites
1433 1154 1670 1227 ageret,
1692 1141 1953 1207 caedem
1984 1144 2313 1231 ingentem

173 1226 382 1291 fecit.
443 1224 618 1289 Nam
647 1248 858 1312 neque
881 1249 1012 1314 quo
1039 1226 1222 1326 signo
1251 1226 1498 1291 coirent
1526 1228 1697 1292 inter
1724 1250 1811 1306 se,
1836 1250 2068 1315 neque,
2094 1242 2311 1294 utrum

179 1324 418 1377 castra
457 1324 767 1399 peterent,
814 1334 898 1377 an
943 1312 1293 1399 longiorem
1340 1312 1751 1378 intenderent
1944 1337 2029 1392 m,
2078 1316 2315 1380 territis

183 1410 500 1463 constare
540 1410 806 1485 poterat.
897 1397 1310 1485 Tantumque
1337 1398 1526 1485 fugae
1566 1422 1641 1464 ac
1678 1398 1863 1465 sormi
1914 1401 2033 1465 'nis
2066 1400 2205 1478 fuit,
2238 1414 2313 1467 ut

117 1506 164 1556 9
185 1485 294 1550 ad
326 1484 749 1571 quadraginta
791 1484 992 1549 millia
1031 1497 1374 1563 scutorum,
1412 1507 1822 1586 nequaquam
1865 1498 1961 1551 tot
1999 1488 2215 1566 caesis,
2247 1502 2315 1553 et

187 1572 400 1658 signa
425 1569 722 1635 militaria
747 1593 895 1635 cum
923 1571 1022 1648 iis,
1051 1594 1216 1658 quae
1251 1572 1322 1635 in
1350 1584 1569 1636 castris
1604 1584 1791 1660 capta
1824 1586 2021 1651 erant⁹
2052 1572 2135 1638 ad
2164 1598 2321 1639 cen-

191 1672 356 1723 tum
385 1670 568 1743 septu
653 1656 668 1671 ‘
721 1672 786 1722 ta
817 1657 902 1723 ad
929 1656 1254 1722 consulem
1282 1657 1697 1724 deferrentur.
1791 1659 1966 1725 Tum
2004 1659 2071 1725 in
2112 1674 2317 1727 castra

191 1743 498 1809 hostium
525 1764 594 1808 re
645 1743 839 1809 ‘tumz
887 1743 1104 1831 ibique
1133 1744 1340 1809 omnis
1413 1745 1609 1811 raeda
1634 1744 1820 1810 militi
1848 1746 2015 1813 data.

302 1828 524 1894 Huius
561 1830 922 1895 certaminis
961 1830 1216 1895 fortuna
1258 1842 1324 1897 et
1367 1766 1663 1911 E'aliscoe,
1740 1856 1895 1897 uum
1940 1834 2007 1898 in
2052 1835 2316 1900 indutiis
2439 1847 2545 1908 38.

197 1928 450 1993 esoent,
481 1915 704 1981 foedus
731 1928 949 2004 petere
977 1918 1058 1981 ab
1087 1930 1312 1982 senatu
1339 1940 1452 1982 coe
1502 1920 1589 1995 't3
1638 1934 1704 1983 et
1792 1922 2016 1999 atinoS,
2047 1922 2173 1986 iam
2202 1944 2319 1986 ex-

201 2002 520 2068 ercitibus
547 2003 941 2103 comparatiS‚
965 2004 1046 2068 ab
1069 2002 1364 2069 Romano
1387 2004 1456 2068 in
1536 2004 1619 2069 eli
1710 2028 1821 2069 um
1843 2008 2033 2071 vertit
2053 2007 2313 2073 bellum.

151 2117 178 2152 1
205 2088 458 2175 Neque
501 2089 592 2153 ita
631 2110 724 2153 rei
765 2102 980 2176 gestae
1022 2090 1192 2153 fama
1231 2088 1452 2154 Italiae
1506 2113 1573 2155 se
1712 2092 1853 2156 ibus
1906 2093 2148 2160 tenuit:
2202 2093 2317 2158 sed
2334 2104 2588 2169 Carthagi-

211 2174 784 2262 Carthaginienses
812 2198 1068 2262 quoque
1096 2176 1336 2263 legatos
1369 2176 1754 2263 gratulatum
1786 2176 2061 2243 Romam
2091 2180 2316 2244 misere
2332 2169 2527 2245 ¹²5er
2543 2170 2611 2221 le-

208 2284 372 2328 cum
406 2284 675 2327 coronae
714 2284 940 2327 aureae
969 2262 1161 2339 dono,
1192 2284 1356 2362 quae
1395 2262 1466 2325 in
1499 2260 1823 2349 Capitolio
1862 2264 1931 2328 in
1960 2262 2129 2329 Iovis
2156 2265 2319 2331 cella
2332 2238 2450 2295 gau.

304 2360 582 2413 neretur.
675 2347 826 2414 Fuit
861 2348 1078 2435 pondo
1112 2348 1342 2435 viginti
1377 2348 1682 2436 quinque.
1778 2348 2091 2417 Consules
2130 2352 2319 2417 ambo
2335 2362 2579 2415 consules

263 2458 306 2500 e
351 2433 740 2500 Samnitibus
779 2434 1270 2521 triumpharunt,
1301 2448 1609 2521 sequente
1641 2434 1849 2502 Decio
1890 2437 2124 2524 insigni
2168 2460 2315 2502 oum
2332 2427 2503 2477 trium-

212 2520 414 2585 laude
441 2520 794 2607 donisque:
841 2542 1042 2607 quum
1077 2520 1406 2585 incondito
1445 2520 1702 2585 militari
1736 2524 1877 2588 ioco
1903 2522 2079 2588 haud
2106 2524 2319 2588 minus
2332 2492 2507 2554 phant.

217 2606 464 2673 tribuni
493 2605 742 2671 celebre
769 2628 1027 2683 nomen,
1055 2630 1246 2695 quam
1276 2605 1627 2685 consulum,
1660 2620 1840 2673 esset.

165 2716 198 2753 α
317 2691 792 2779 Campanorum
849 2693 1084 2759 deinde
1143 2692 1794 2794 Suessulanorumque
1846 2694 2101 2761 auditae
2149 2695 2327 2784 lega-

219 2780 469 2845 tiones=
501 2780 1030 2865 precantibusque
1060 2779 1300 2857 datum,
1332 2794 1407 2844 ut
1433 2780 1821 2866 praesidlum
1850 2804 1929 2847 eo
1958 2782 2028 2845 in
2057 2782 2323 2848 hiberna

169 2888 200 2937 3
221 2864 601 2943 mitteretur,
650 2888 778 2953 quo
829 2864 1211 2930 Samnitium
1255 2866 1663 2931 excursiones
1713 2882 2092 2935 arcerentur.
2184 2868 2320 2933 Iam
2338 2881 2489 2931 Rom.
2508 2879 2636 2929 mili-

221 2964 368 3019 tum
395 2951 658 3015 minime
687 2951 950 3016 salubris
978 2951 1234 3016 militari
1255 2951 1625 3039 disciplinae
1654 2952 1883 3042 Capua
1900 2956 2323 3021 instrumento
2337 2951 2445 2993 tum
2466 2944 2530 2994 ‘¹⁰
2550 2960 2631 2995 ⁰0·

222 3036 514 3103 omnium
563 3036 984 3123 voluptatium
1036 3037 1334 3102 delinitos
1384 3039 1661 3103 militum
1713 3042 1957 3107 animos
2008 3044 2237 3109 avertit
2286 3065 2325 3108 a
2340 3010 2651 3135 amdan-

222 3124 534 3189 memoria
605 3124 839 3189 atriae:
886 3123 1334 3224 inibanturque
1371 3125 1634 3191 consilia
1670 3127 1739 3190 in
1780 3126 2062 3192 hibernis
2096 3128 2323 3193 eodem
2340 3136 2465 3188 silis.

173 3232 209 3277 4
223 3209 464 3277 scelere
597 3209 888 3275 ‘mendae
940 3208 1288 3301 Campams
1337 3209 1623 3299 Capuae,
1662 3232 1780 3298 per
1823 3212 2000 3300 quod
2044 3213 2137 3277 illi
2184 3236 2326 3278 eam

295 3414 325 3467 7
345 3404 558 3454 Duobus
576 3404 870 3466 leyn'om‘bus]
899 3400 1150 3453 Gronovio
1163 3402 1248 3451 ad·
1381 3415 1402 3450 1
1428 3402 1526 3451 Sed
1540 3400 1973 3463 Oartluzqinismm
1992 3417 2179 3469 quoque
2199 3404 2327 3477 lepa-

227 3467 426 3519 miratio
459 3468 638 3517 merito
673 3472 912 3527 movetur,
945 3468 1078 3529 quod
1110 3482 1248 3529 prae-
1312 3466 1409 3526 tos]
1459 3465 1591 3513 Fieri
1614 3470 1778 3527 potest
1800 3471 1855 3513 ut
1876 3465 1999 3515 haec
2022 3467 2326 3529 Carthagini-

228 3532 411 3582 sidium
437 3537 630 3581 tantum
654 3531 822 3580 castris
843 3530 1068 3579 relictum
1091 3536 1246 3581 esset:
1313 3529 1503 3577 ensium
1526 3528 1705 3591 legatio
1726 3544 1789 3577 ex
1810 3543 1942 3577 anno
1957 3540 2067 3591 407.
2088 3530 2155 3579 U.
2174 3531 2233 3579 O.
2256 3546 2331 3580 re-

229 3610 383 3659 quare
413 3596 605 3645 duabus
635 3596 906 3645 cohortibus
941 3594 1096 3657 magis
1129 3594 1248 3643 veri-
1312 3592 1470 3657 petita
1481 3593 1643 3651 fuerit,
1652 3606 1804 3654 quum
1821 3592 1948 3641 inter
1960 3592 2165 3643 Catonis
2176 3592 2329 3645 etFa-

229 3658 394 3709 n'mile
413 3659 551 3708 foret.
587 3659 804 3709 Smorra.
1312 3656 1380 3705 bii
1398 3657 1573 3705 Festos
1588 3655 1915 3718 discrepantia
1928 3656 1991 3705 sit
2006 3657 2225 3719 quinque
2242 3674 2327 3708 an-

305 3724 339 3773 8
383 3724 525 3777 Velut
565 3723 824 3785 tadwine]
888 3721 1150 3782 Samnites,
1191 3727 1252 3771 ut
1312 3735 1485 3769 norum
1504 3739 1519 3779 3
1539 3718 1784 3769 etidcirco
1798 3720 1967 3769 Livius
1982 3721 2115 3771 haud
2132 3736 2239 3771 raro
2254 3723 2331 3773 bis

232 3788 362 3836 feras
389 3786 629 3849 palantes,
650 3786 788 3848 quasi
809 3784 1036 3849 indagine
1056 3786 1159 3835 sive
1179 3802 1250 3834 re-
1315 3786 1523 3833 eandem
1547 3800 1648 3832 rem
1671 3783 1843 3833 iisdem
1860 3785 1962 3835 fere
1980 3785 2137 3834 verbis
2151 3794 2329 3837 narrat.

233 3851 362 3900 tium
396 3850 528 3909 orbe,
549 3850 766 3912 undique
793 3849 844 3897 in
877 3866 1031 3898 unum
1064 3850 1253 3912 equites
1382 3863 1410 3897 2
1431 3850 1957 3913 Suessulanorumque]
1991 3850 2074 3898 Ita
2088 3866 2151 3899 ex
2167 3866 2331 3899 emen-

235 3916 495 3977 cogebant,
527 3919 586 3962 ut
619 3915 951 3964 caederentur.
1015 3913 1254 3963 Similiter
1316 3911 1515 3961 datione
1537 3912 1720 3975 Sigonii
1742 3926 1831 3974 pro
1849 3928 1968 3962 voce
1978 3916 2333 3963 Suessones-um

237 3976 517 4039 σαγηνεύειν
539 3978 604 4026 de
628 3977 808 4036 Persis,
833 3976 916 4040 qui
945 3992 1082 4026 more
1111 3993 1253 4026 vena-
1317 3975 1509 4039 legitur.
1566 3976 1797 4026 Suessula
1817 3976 1947 4025 enim
1970 3976 2171 4039 propius
2189 3993 2222 4024 a
2237 3977 2335 4026 Ca-

235 4049 400 4090 torum
423 4040 615 4090 Samios
635 4041 910 4104 cingebant,
921 4056 986 4089 ne
1001 4056 1100 4104 qua
1119 4046 1254 4105 pate-
1318 4054 1420 4101 pua
1449 4042 1605 4099 abest,
1637 4054 1784 4101 quam
1819 4040 2011 4097 Suessa,
2044 4045 2095 4087 et
2126 4040 2189 4087 ad
2222 4054 2333 4088 eam

237 4110 314 4154 ret
333 4104 584 4167 effugium.
619 4104 808 4153 Herod.
830 4104 898 4154 iii.
927 4119 1032 4169 149.
1317 4110 1592 4167 pugnatum
1613 4104 1713 4151 iam
1736 4116 1849 4151 cum
1873 4102 2175 4151 Samnitibus
2194 4108 2284 4151 est.

309 4182 342 4232 9
375 4170 720 4229 Quadraffim
759 4170 942 4228 millia]
1007 4168 1258 4217 Numerus
1387 4181 1415 4229 3
1447 4170 1560 4215 Iam
1580 4168 1709 4226 mm]
1752 4166 1867 4213 Hoc
1898 4165 2087 4213 dictum
2118 4170 2194 4213 est
2226 4180 2336 4226 pro-

239 4232 340 4291 hie,
373 4231 509 4281 haud
543 4228 690 4281 dubie
733 4248 766 4281 a
803 4231 1006 4281 Valerio
1038 4231 1258 4291 Antiate,
1321 4236 1432 4293 pter
1451 4230 1657 4279 hiberna
1674 4228 1988 4287 Hannibalis,
1996 4228 2134 4275 cuius
2154 4229 2339 4278 exerci-

241 4294 388 4347 nimis
421 4295 658 4349 audacter
686 4296 740 4345 in
771 4296 968 4359 gentilis
993 4295 1070 4345 sui
1107 4296 1260 4345 hono-
1323 4300 1404 4343 tus
1423 4294 1631 4355 Capuae
1652 4297 1908 4353 corruptus
1926 4296 2015 4340 est.
2052 4290 2225 4343 Smon.

241 4359 572 4411 meffictus.
1387 4374 1420 4418 4
1450 4358 1557 4409 Per
1586 4358 1715 4421 quod
1744 4358 1819 4409 tuo·
1850 4371 1959 4407 eam
1988 4356 2211 4421 antiqua
2237 4358 2346 4408 oul-
