3000 4784
801 232 994 298 LIB.
1040 232 1121 296 V.
1192 231 1414 300 CAP.
1463 238 1567 298 34.
2111 234 2238 295 325

157 377 411 451 excepto
439 364 839 431 Venetorum
868 366 1123 454 angulo,
1154 368 1269 455 qui
1298 368 1510 435 sinum
1538 367 2000 435 circumcolunt
2028 368 2238 443 maris»,
2263 398 2326 448 U.
2351 398 2410 448 ο,
2435 397 2544 460 364,

156 472 343 535 usque
401 450 485 515 ad
536 451 741 553 Alpes
799 467 1079 519 tenuere.
1182 455 1441 541 Alpinis
1490 479 1747 544 quoque
1807 478 1886 521 ea
1940 456 2238 541 gentibus
2259 465 2318 513 A·
2351 464 2410 515 C·
2436 464 2546 525 388.

116 534 314 601 shaud
343 537 536 603 dubie
568 560 665 603 on
776 553 891 619 est,
921 542 1197 606 maxime
1229 542 1489 607 Raetis:
1540 565 1702 629 quos
1733 542 1874 607 loca
1911 542 2050 628 ipsa
2083 541 2239 606 effe-

152 636 375 700 rarunt,
423 647 506 689 ne
552 626 671 712 qui
760 648 840 690 ex
892 625 1175 714 antiqu0‚
1224 645 1475 715 praeter
1519 651 1748 693 sonum
1791 628 1838 692 li
2047 675 2068 705 ,
2115 650 2237 691 nec

152 730 289 771 eum
318 708 779 799 incorruptum,
810 712 1174 778 retinerent.
1268 713 1373 779 De
1402 716 1670 780 transitu
1697 714 1766 778 in
1797 713 1834 778 Ι
1924 715 2047 777 ’am
2081 712 2239 779 Gal·
2351 730 2456 789 34,

111 793 343 858 6lorum
400 796 561 862 haec
621 799 997 886 accepimus
1106 800 1325 865 Prisco
1378 801 1762 888 Tarquinio·
1793 800 2038 866 Romae
2098 823 2241 901 reg-
2255 814 2514 863 Transit-ss

151 892 353 980 nante,
399 881 756 963 Celtarum,
798 908 961 971 quae
1009 908 1153 973 pais
1206 885 1452 952 Galliae
1499 888 1687 954 tertia
1733 901 1849 963 est,
1890 910 2088 975 penes
2127 886 2242 951 Βι-
2257 879 2534 993 ῗδὲῑὲἷέᾘ

152 980 265 1031 tun
344 992 375 1033 s
432 992 685 1037 summa
740 972 991 1059 imperii
1048 972 1207 1039 fuit:
1285 973 1333 1037 ii
1389 997 1608 1061 regem
1671 973 1921 1040 Celtico
1982 973 2238 1038 dabant.
2277 960 2310 993 ¹²
2536 978 2551 992 “

152 1052 272 1115 Am
316 1055 523 1141 igetus
592 1058 647 1123 is
704 1058 847 1135 fuit,
905 1059 1139 1123 virtute
1200 1060 1582 1147 fortunaque
1688 1083 1843 1124 uum
1907 1083 2040 1138 sus,
2105 1072 2242 1124 tum

150 1140 409 1286 publica,
440 1144 865 1231 praepollenS‚
936 1145 1066 1211 uod
1093 1145 1361 1233 imperio
1391 1146 1530 1211 eius
1557 1083 1770 1211 Ga‘llia
1797 1146 1959 1211 adeo
1985 1146 2242 1233 frugum

191 1226 604 1316 ominumque
644 1230 866 1295 fertilis
932 1232 1043 1309 uit,
1086 1245 1161 1297 ut
1196 1232 1528 1297 abundans
1571 1231 1916 1297 multitudo
1953 1232 2064 1297 vix
2107 1232 2244 1318 regi

150 1310 459 1379 videretur
509 1338 715 1403 posse.
830 1316 961 1381 Hic
1020 1340 1251 1405 magno
1302 1332 1459 1383 natu
1510 1319 1531 1381 i
1698 1318 1844 1395 iam,
1896 1340 2241 1383 exonerare

151 1415 593 1485 praegravante
638 1404 827 1467 turba
865 1427 1133 1490 regnum
1178 1405 1461 1504 cupienS,
1500 1342 1904 1469 ffiovesum
1943 1427 2017 1468 ac
2061 1404 2244 1491 Sigo-

150 1504 378 1581 yesum,
418 1490 653 1553 sororis
693 1489 875 1567 filios,
918 1490 1219 1577 impigros
1265 1514 1546 1569 iuveneS,
1596 1491 1934 1555 missurum
1972 1512 2038 1555 se
2083 1512 2242 1565 esse,

150 1590 214 1631 ιιι
254 1594 409 1657 quas
448 1574 543 1638 dii
585 1575 909 1641 dedissent
950 1577 1230 1663 auguriis
1274 1577 1475 1655 sedes,
1518 1577 1812 1643 ostendit.
1910 1577 2244 1653 Quantum

151 1654 263 1739 ipsi
308 1659 551 1726 vellent
604 1684 943 1727 numerum
998 1662 1353 1741 hominum,
1400 1664 1707 1741 excirent,
1757 1686 1838 1727 ne
1899 1686 2028 1765 qua
2083 1686 2243 1751 gens

152 1762 351 1809 arcere
410 1747 828 1813 advenientes
1061 1761 1104 1814 t.
1207 1750 1381 1814 Tum
1436 1748 1737 1838 Sigoveso
1787 1751 2060 1815 sortibus
2109 1750 2242 1815 dati

155 1824 456 1918 Hercynii
531 1834 768 1899 saltus:
907 1835 1179 1900 elloveso
1244 1836 1415 1901 haud
1488 1836 1701 1937 paullo
1773 1836 2100 1901 laetiorem
2172 1836 2244 1901 in

116 1910 391 1981 71taliam
430 1920 605 1985 viam
642 1920 733 1985 dii
773 1920 1027 1987 dabant.
1120 1921 1205 1999 Is,
1236 1921 1413 2008 quod
1452 1946 1590 1988 elus
1629 1945 1713 1987 ex
1749 1922 2002 2011 populis
2041 1924 2245 1987 abun-

156 1998 352 2080 dabat,
399 2004 748 2094 Biturigeta
798 2008 1139 2085 Arvernos,
1192 2006 1495 2086 Senones,
1547 2009 1830 2085 Aedu08,
1874 2009 2242 2087 Ambarros,

161 2083 485 2171 Carnutes,
554 2093 883 2171 Aulercos,
944 2094 1196 2159 excivit.
1316 2094 1648 2159 Profectus
1707 2095 2073 2181 ingentibus
2129 2117 2246 2182 pe-

158 2169 350 2239 ditum
379 2180 805 2266 equitumque
834 2180 1051 2267 copiiS‚
1082 2180 1151 2244 in
1181 2179 1572 2246 Tricastinos
1592 2180 1785 2245 venit.
1864 2180 2066 2268 Alpes
2093 2180 2246 2245 inde

160 2263 469 2345 oppositae
506 2279 731 2331 erant:
778 2289 937 2366 quas
976 2266 1514 2367 inexsuperabiles
1541 2266 1702 2331 visas
1737 2266 1910 2330 haud
1946 2266 2248 2352 equidem

162 2345 359 2427 miter,
390 2352 727 2416 nulladum
760 2376 861 2417 via
887 2352 1095 2439 (quod
1124 2353 1385 2440 quidem
1426 2353 1761 2418 continens
1801 2351 2108 2417 memoria
2145 2353 2248 2429 sit,

121 2440 147 2487 8
164 2430 273 2494 nisi
302 2434 381 2500 de
414 2436 701 2503 Hercule
732 2438 959 2503 fabulis
988 2439 1246 2504 credere
1276 2439 1466 2525 libet)
1492 2453 1832 2526 superatas
1925 2436 2026 2502 Ibi
2049 2460 2252 2524 quum

164 2516 324 2583 velut
377 2535 633 2612 saeptos
691 2526 1005 2589 montium
1064 2523 1332 2589 altitudo
1386 2536 1633 2589 teneret
1689 2523 1928 2602 Gallos,
1981 2524 2253 2588 circum-

164 2620 663 2697 spectarentque,
716 2634 989 2697 quanam
1050 2632 1165 2698 per
1223 2610 1442 2675 iuncta
1498 2610 1677 2675 coelo
1729 2610 1880 2697 iuga
1929 2609 1997 2673 in
2056 2608 2252 2675 alium

166 2689 371 2758 orbem
440 2711 755 2763 terrarum
818 2698 1177 2773 transirent,
1237 2696 1459 2785 religio
1526 2696 1719 2761 etiam
1793 2695 2018 2773 tenuit,
2079 2696 2261 2782 quod*

166 2773 410 2846 allatum
453 2796 573 2863 est,
614 2782 891 2848 advenas
933 2795 1313 2870 quaerentes
1358 2806 1580 2871 agrum
1627 2784 1708 2848 ab
1753 2780 2013 2871 Salyum
2058 2796 2251 2870 gente

125 2885 152 2933 9
168 2868 527 2954 oppugnari.
622 2868 1051 2934 Massilienses
1085 2882 1267 2935 erant
1300 2869 1388 2948 hi,
1420 2870 1687 2935 navibus
1717 2892 1756 2933 a
1784 2869 2080 2935 Phocaea
2110 2892 2254 2957 pro-

228 3084 253 3144 5
280 3076 479 3146 Raetis]
526 3077 669 3127 Livio
690 3076 889 3139 quidem
910 3077 1092 3125 arridet
1112 3092 1173 3126 ea

168 3146 342 3197 opimo,
372 3158 501 3204 quae
532 3148 731 3205 gentem
771 3142 1030 3190 Etruscam
1065 3157 1172 3203 sep-

169 3200 451 3254 tentrionem
508 3220 673 3254 versus
725 3204 942 3253 colonias
988 3204 1174 3253 misisse

174 3262 283 3311 vult.
332 3267 608 3318 Niebuhrio
630 3270 661 3318 i.
686 3284 734 3331 p.
764 3283 867 3317 111.
892 3271 1037 3318 Raeti
1056 3284 1175 3331 gens

172 3337 227 3371 08
245 3328 385 3381 fixisse
408 3334 619 3393 videtur,
640 3348 764 3393 quse
786 3335 985 3382 Resona
1010 3332 1176 3395 lingue

171 3400 253 3438 sus.
282 3398 527 3457 audiebat,
549 3412 675 3459 quse
707 3396 725 3444 i
794 3396 832 3444 ‘s
866 3395 1062 3457 Alpinis
1093 3396 1172 3443 de-

172 3458 411 3523 scendens,
435 3462 624 3509 Tuscos
650 3462 727 3509 vel
797 3460 1031 3522 yrrhenos
1052 3476 1081 3507 e
1104 3474 1175 3507 re-

171 3520 383 3591 glqnibus
423 3525 639 3574 Pedanis
672 3524 885 3585 expulit,
920 3529 1069 3585 atque
1114 3539 1174 3571 ex

172 3592 302 3632 cums
333 3590 611 3637 colluvione
644 3603 757 3636 cum
798 3588 1018 3637 Etruscis
1058 3602 1177 3648 gens

175 3640 371 3701 Etrusca
392 3653 585 3715 prodiit.
626 3654 774 3701 Raeti
796 3652 943 3715 vulgo
963 3650 1176 3699 um‘bun-

175 3710 246 3755 tur
265 3713 457 3775 Rham,
478 3718 562 3764 sed
596 3716 750 3765 Drak.
773 3716 839 3764 sd
864 3716 913 3764 h.
937 3716 991 3773 1.,
1015 3715 1177 3777 Ryck.

174 3776 217 3817 et
242 3774 389 3829 Wolf.
414 3781 479 3829 ad
505 3780 624 3829 Tac.
651 3782 779 3828 Anu.
802 3780 833 3829 i.
860 3797 937 3841 44.
972 3778 1023 3827 in
1055 3778 1177 3840 lapi-

174 3834 307 3887 dibus
342 3844 543 3907 optimis
588 3846 877 3906 plerumque
917 3843 1107 3890 literam
1144 3844 1180 3891 k
1200 3862 1211 3870 ·

176 3911 265 3948 non
296 3906 388 3970 legi
420 3913 639 3967 monent,
666 3908 799 3968 quod
830 3906 1035 3955 Niebhr.
1066 3922 1173 3968 pro-

176 3962 253 4013 bat
272 3967 300 4016 i.
322 3986 371 4021 n.
396 3985 505 4034 345.

230 4028 270 4101 ,6
300 4036 437 4085 Haec
473 4038 772 4097 accepimus]
832 4034 975 4083 Haec
1012 4032 1179 4083 omnia

178 4088 369 4149 Naebhr.
404 4100 684 4161 displicent,
717 4099 801 4161 qui
836 4098 1011 4147 Gallos
1044 4099 1178 4147 haud

176 4159 322 4209 multo
364 4163 497 4225 prius
534 4178 683 4225 quam
723 4160 951 4213 Clusium
993 4177 1178 4235 oppug-

176 4232 375 4287 nument,
388 4228 545 4289 Alpes
559 4226 824 4286 traiecisse,
840 4231 890 4275 et
908 4226 1039 4274 brevi
1058 4231 1177 4273 tem-

180 4295 285 4341 POre
324 4292 518 4355 regione
553 4290 947 4340 circumPadsna
987 4305 1177 4351 pervas-

178 4352 273 4398 tata
294 4353 418 4405 viam
440 4355 491 4403 in
516 4354 764 4404 Etruriam
790 4369 879 4417 per
893 4352 1182 4416 Apenninos

1236 3084 1428 3127 montes
1448 3077 1540 3127 sibi
1562 3079 1832 3143 aperuisse:
1863 3086 2012 3143 atque
2033 3079 2149 3128 hinc
2173 3064 2272 3128 1.i-'

1238 3142 1407 3255 2325,
1422 3143 1684 3255 ἰὲίῖἒειέἐὶ
1689 3143 2256 3255 ὃυέηένξήβὶπιίἒὲῒὲἓῖἑ,

1238 3285 1390 3317 novas
1418 3272 1604 3317 accolas
1623 3224 1741 3329 eug
1766 3284 1895 3330 supr.
1920 3281 1991 3331 17.
2015 3275 2066 3317 et
2086 3240 2257 3317 invisi³

1240 3339 1339 3380 tato
1371 3339 1517 3393 atque
1551 3334 1775 3381 inaudito
1806 3334 1938 3381 hoste
1969 3334 2030 3379 ab
2065 3334 2258 3382 Oceano

1240 3402 1581 3458 terrarumque
1617 3397 1802 3443 ultimis
1841 3397 1941 3444 oris
1977 3398 2154 3445 bellum
2191 3398 2254 3445 ci-

1240 3466 1367 3518 ente,
1390 3458 1497 3506 infr.
1525 3472 1599 3521 37.
1637 3460 1697 3508 cf.
1723 3459 1873 3507 Dion.
1891 3458 1969 3507 vii.
1990 3474 2034 3521 3.
2057 3466 2108 3507 et
2131 3460 2256 3508 Exc.

1240 3523 1325 3569 xii.
1362 3538 1437 3583 24.
1476 3522 1678 3570 Diodor.
1711 3522 1810 3571 xiv.
1850 3536 1954 3585 113.
1995 3523 2171 3585 Polyb.
2207 3522 2257 3573 ii.

1248 3598 1323 3648 17,
1350 3588 1423 3633 18.
1457 3586 1641 3633 Justin.
1665 3586 1796 3635 xxiv.
1823 3604 1868 3646 4.

1311 3663 1337 3712 7
1372 3652 1514 3707 Quod
1533 3652 1664 3710 eius]
1701 3650 1763 3699 cf.
1787 3650 1929 3711 Supr.
1957 3664 2032 3713 25.

1306 3715 1337 3762 8
1357 3716 1437 3762 De
1457 3714 1676 3763 Hercule
1686 3716 1906 3775 sabulis]
1945 3716 2093 3771 Quae
2113 3716 2260 3767 hodie

1242 3779 1376 3839 apud
1398 3777 1634 3840 agricolas
1657 3778 1810 3827 valles
1830 3779 1920 3827 sub
1942 3780 2152 3842 Alpibus
2173 3782 2258 3831 hs·-

1243 3843 1455 3890 bitsntes
1478 3843 1640 3890 locum
1663 3842 1860 3891 habent.

1316 3922 1348 3969 9
1388 3908 1752 3968 Massilienses]
1818 3908 2076 3957 Coloniam
2129 3908 2260 3957 hanc

1242 3971 1579 4019 Phocaeorum
1617 3972 1818 4033 Olymp.
1853 3986 1971 4020 va.
2009 3972 2258 4020 conditam

1241 4034 1387 4082 fuisse
1408 4034 1575 4083 scribit
1597 4034 1844 4083 Timaeus.
1889 4036 1950 4083 cf.
1976 4035 2182 4083 Niebhr.
2206 4033 2256 4084 ii.

1243 4114 1291 4147 n.
1332 4112 1469 4161 1149.
1518 4098 1691 4147 lustin.
1731 4098 1853 4146 xliii.
1901 4113 1942 4159 3.
1983 4098 2066 4157 qui
2113 4098 2260 4145 verbs

1244 4160 1394 4223 Trogi
1442 4162 1667 4223 Pompeii
1709 4163 1872 4219 refert,
1909 4160 2260 4220 Massilienses,

1243 4241 1276 4273 a
1312 4240 1423 4287 rege
1456 4224 1876 4287 Segobrigensium
1923 4221 2135 4285 hospitio
2177 4238 2260 4272 ex-

1244 4294 1429 4351 ceptos,
1472 4294 1524 4335 et
1571 4289 1704 4337 bello
1758 4286 1962 4336 minime
2015 4286 2264 4338 lacessito·

1245 4352 1395 4401 fuisse
1416 4356 1595 4400 narrat.
