3000 4784
695 169 804 238 58,
1472 163 1698 228 ΤΙΤΙ
1752 162 2023 228 LIVII

695 313 833 365 tum
872 299 1016 400 dat3
1063 321 1302 449 periqpe
1339 321 1444 364 eas
1473 301 1725 387 nuptias
1762 300 1995 366 multos
2022 300 2144 366 sibi
2184 311 2482 388 cognatos
2522 301 2785 368 amicos-

697 409 824 473 que
853 408 990 450 elus
1019 409 1178 450 conc
1247 401 1329 450 at.

469 487 571 546 50.
785 471 920 536 Iam
945 495 1173 559 magna
1195 472 1531 559 Tarquinii
1552 473 1887 537 auctoritas
1909 472 2073 536 inter
2096 472 2471 538 Latinorum
2492 495 2785 560 proceres

697 571 866 634 erat3
910 581 1127 645 quum,
1168 560 1238 622 in
1267 560 1438 623 diem
1468 572 1702 624 certa-m
1744 573 1815 623 ut
1854 559 1937 623 ad
1970 559 2185 624 lucum
2225 559 2605 624 Ferentinae
2635 584 2785 625 con-
2804 575 2829 620 7

697 646 972 722 veniant,
1024 644 1283 709 indicit:
1331 669 1486 722 esse,
1536 669 1701 732 quae
1751 639 1937 732 agere
1983 645 2064 710 de
2107 649 2297 712 rebus
2340 647 2787 712 communibus

371 750 654 798 Conventus
695 732 865 796 velit.
933 727 1344 796 Conveniunt
1369 733 1731 819 frequentes
1759 732 1963 818 prima
1990 733 2149 796 luce.
2220 732 2366 820 Ipse
2399 732 2787 832 Tarquinius

373 812 672 860 Latinorum.
698 818 870 906 diem
893 818 1153 905 quidem
1182 819 1483 894 servavit:
1531 819 1645 883 sed
1674 817 1885 905 paullo
1914 832 2081 896 ante,
2114 842 2305 904 quam
2332 818 2426 883 sol
2447 818 2787 895 occideret,

697 905 888 969 venit.
981 904 1194 969 Multa
1236 905 1328 976 ibi
1373 917 1510 968 tota
1559 905 1663 969 die
1715 906 1783 968 in
1826 905 2093 969 concilio
2147 906 2331 970 variis
2379 906 2608 970 iactata
2656 927 2789 969 ser-

371 1015 566 1062 Turnus
697 991 994 1055 monibus
1032 1004 1227 1055 erant.
1320 991 1577 1056 Turnus
1620 990 1985 1055 Herdonius
2019 994 2101 1056 ab
2148 991 2367 1056 Aricia
2392 991 2690 1056 ferociter
2716 993 2785 1055 in
2803 1003 2830 1050 8

373 1077 654 1153 ‚Herdoniae
697 1078 1023 1142 absentem
1068 1077 1489 1164 Tarquinium
1534 1090 1669 1141 erat
1712 1077 2030 1142 invectus:
2083 1087 2103 1116 6
2134 1077 2329 1142 Haud
2358 1077 2593 1142 mirum
2626 1100 2785 1155 esse,

369 1142 679 1254 ξζνῖᾗᾞυᾞῐι·
700 1172 719 1200 6
741 1163 830 1229 Su
875 1167 1031 1230 erbo
1059 1163 1333 1228 inditum
1365 1163 1610 1228 Romae
1634 1165 2025 1249 cognomen.’
2110 1163 2279 1251 (Iam
2302 1165 2472 1228 enim
2502 1164 2595 1228 ita
2620 1164 2787 1228 clam

696 1251 808 1337 qui
855 1273 958 1315 em
992 1251 1410 1327 mussitanteS,
1441 1249 1629 1336 vulgo
1660 1263 1892 1326 tamen,
1924 1273 2071 1314 eum
2099 1249 2555 1337 appellabant.)
2631 1260 2653 1288 ‘
2676 1250 2787 1314 An

699 1346 719 1375 ‘
781 1338 1077 1424 uicquam
1105 1360 1180 1402 su
1262 1337 1436 1402 rbius
1464 1359 1618 1414 esse,
1650 1359 1841 1423 quam
1872 1336 2181 1401 ludificari
2210 1337 2299 1401 sic
2328 1360 2515 1401 omne
2546 1360 2787 1401 nomen

699 1433 719 1462 ‘
735 1361 1086 1489 {atinumi’
1229 1423 1575 1509 rincipibus
1632 1423 1821 1509 longe
1878 1423 1957 1486 ab
2009 1422 2200 1487 domo
2258 1424 2498 1499 excitiS,
2552 1424 2785 1510 ipsum,

699 1519 719 1548 ‘
735 1511 848 1609 qui
878 1509 1217 1574 concilium
1256 1509 1579 1586 indixerit,
1620 1532 1751 1573 non
1790 1508 2041 1574 adesse:
2092 1511 2321 1574 tentari
2361 1510 2646 1597 profecto
2722 1534 2790 1574 a-

699 1605 718 1634 ‘
737 1597 1044 1672 tientiatn,
1077 1609 1168 1672 ut,
1199 1596 1253 1659 si
1290 1596 1511 1682 iugum
1540 1595 1917 1682 acceperint,
1948 1596 2258 1660 obnoxios
2294 1609 2557 1682 premat.
2722 1595 2789 1660 ui

699 1691 720 1720 ‘
736 1681 909 1746 enim
952 1705 1083 1746 non
1119 1703 1437 1769 apparere,
1469 1681 1762 1746 affectare
1803 1704 1951 1745 eum
1990 1682 2324 1768 imperium
2365 1683 2431 1745 in
2473 1682 2743 1747 Latinos
2759 1684 2789 1746 Ρ

699 1777 720 1806 6
742 1767 938 1842 Quod
965 1768 1016 1830 si
1047 1769 1145 1832 sui
1183 1769 1345 1832 bene
1377 1767 1762 1832 crediderint
1800 1768 1987 1844 cives,
2023 1781 2133 1833 aut
2167 1769 2219 1832 si
2249 1768 2559 1833 creditum
2599 1768 2785 1846 illud,
2803 1789 2832 1836 9

699 1864 719 1895 6
736 1868 802 1919 et
843 1877 974 1920 non
1017 1867 1269 1940 raptum
1311 1853 1645 1940 parricidio
1688 1855 1785 1930 sit,
1833 1854 2088 1918 credere
2132 1868 2198 1918 et
2242 1854 2505 1920 Latinos
2548 1855 2789 1941 (quan-

699 1950 718 1980 ‘
735 1963 927 2028 quam
959 1963 1042 2004 ne
1083 1941 1172 2004 sic
1202 1940 1461 2040 quidem
1491 1939 1914 2027 alienigenae)
1957 1941 2205 2005 debere.
2301 1940 2413 2005 Sin
2458 1963 2605 2006 suos
2648 1943 2789 2006 eius

699 2036 720 2066 ‘
735 2027 1077 2114 poeniteat,
1109 2027 1378 2114 (quippe
1409 2026 1521 2113 qui
1550 2027 1657 2090 alii
1686 2049 1875 2126 super
1908 2026 2063 2090 alios
2092 2027 2503 2104 trucidentur,
2534 2027 2788 2092 exsula-

699 2121 720 2151 ‘
739 2127 874 2178 tum
903 2126 1070 2190 eant,
1094 2115 1264 2178 bona
1301 2113 1646 2200 amittant)
1676 2113 1833 2199 quid
1871 2113 2007 2199 spei
2050 2113 2324 2179 melioris
2362 2113 2611 2178 Latinis
2638 2137 2788 2201 por-

701 2209 720 2238 ‘
737 2199 960 2264 tendi?
1053 2199 1121 2264 Si
1163 2222 1228 2263 se
1259 2200 1538 2275 audiant,
1576 2199 1835 2263 domum
1875 2221 2052 2263 suam
2097 2222 2413 2286 quemque
2454 2200 2606 2264 inde
2650 2202 2787 2265 abi-

699 2295 720 2324 ‘
737 2300 910 2352 turos
925 2311 944 2350 :
991 2308 1201 2373 neque
1226 2285 1424 2372 magis
1445 2286 1878 2349 observaturos
1906 2285 2078 2349 diem
2109 2286 2380 2363 concilii,
2404 2310 2597 2373 quam
2626 2287 2785 2374 ipse,

699 2382 720 2412 ‘
736 2373 850 2460 qui
900 2372 1220 2450 indixerit,
1267 2372 1594 2437 observet?
1682 2371 1863 2436 Haec
1908 2385 2098 2458 atque
2146 2371 2269 2435 alia
2313 2372 2537 2438 eodem
2590 2375 2789 2459 perti-

695 2460 916 2524 nentia
947 2459 1278 2524 seditiosus
1311 2459 1821 2544 facinorosusque
1851 2457 2062 2535 homo,
2094 2457 2317 2544 hisque
2354 2460 2593 2523 artibus
2632 2483 2790 2546 opes

695 2547 868 2611 domi
899 2561 1139 2623 nactuS,
1186 2568 1385 2633 quum
1414 2546 1687 2610 maxime
1732 2545 2082 2621 dissereret,
2124 2544 2465 2619 intervenit
2510 2545 2791 2632 Tarqui-

694 2634 855 2698 nius.
948 2633 1012 2698 Is
1041 2633 1184 2696 finis
1213 2632 1483 2696 orationi
1510 2630 1648 2696 fuit.
1739 2631 1967 2695 Aversi
1995 2653 2214 2695 omnes
2248 2631 2331 2695 ad
2360 2631 2787 2719 Tarquinium

693 2719 1129 2785 salutandum:
1195 2720 1325 2805 qui,
1346 2804 1359 2816 ·
1373 2718 1625 2782 silentio
1675 2717 1862 2816 facte,
1888 2803 1901 2816 .
1916 2717 2191 2816 monitus
2240 2741 2280 2781 a
2334 2719 2659 2834 proximis,
2714 2734 2790 2784 ut

2088 2812 2105 2841 ς
2196 2827 2217 2840 Ἴ
2718 2805 2733 2818 .

695 2803 1412 2976 ἓεῗὲᾙξέἰηῗῗῗιέῗ
1431 2815 2085 2974 ἑὶῗὲἲηωεῖθέῗὶἳὲ,
2122 2803 2787 2956 ῗιῖῖἓΡὶἓὲἰῗὲὶίαἲὲ

700 2986 720 3015 6
737 2999 845 3040 eos
887 2977 955 3039 in
998 2977 1262 3074 gratiam
1303 2988 1615 3039 moratum
1658 2997 1825 3038 esse:
1874 2990 1959 3052 et,
2002 2977 2153 3061 quia
2194 3000 2273 3041 ea
2314 2998 2413 3041 res
2446 2977 2791 3042 exemisset

699 3071 719 3100 ‘
735 3062 912 3126 illum
951 3060 1140 3138 diem,
1171 3074 1423 3148 postero
1452 3061 1557 3125 die
1598 3074 1905 3138 acturum,
1930 3085 2091 3148 quae
2128 3064 2589 3128 constituisset’
2678 3063 2787 3128 Ne

697 3148 764 3214 id
805 3147 1066 3236 quidem
1101 3149 1180 3212 ab
1221 3147 1460 3213 Turno
1484 3147 1697 3212 tulisse
1745 3148 2003 3213 tacitum
2034 3148 2278 3214 ferunt:
2327 3148 2557 3214 dixisse
2589 3149 2786 3228 enim,
2811 3178 2828 3211 1

697 3423 778 3458 ces
798 3415 848 3458 et
871 3409 1048 3458 Ulixes
1069 3408 1186 3458 filio.
1252 3409 1486 3458 Octavius
1506 3424 1705 3470 praeno-

697 3488 825 3521 men.
860 3489 987 3535 supr.
1014 3488 1039 3520 2
1046 3487 1088 3534 3.

765 3548 791 3598 7
822 3539 1010 3585 Lucum
1037 3539 1355 3596 Ferentinae]
1416 3536 1580 3584 Lucus
1620 3537 1707 3585 ille

697 3600 791 3649 fuit
804 3603 868 3649 ad
881 3608 1030 3663 caput
1041 3617 1199 3664 aquen
1211 3603 1522 3659 Ferentinae,
1535 3601 1597 3648 de
1610 3616 1707 3662 quo

697 3665 879 3712 mentio
923 3665 978 3712 fit
1020 3665 1146 3712 infra
1184 3677 1260 3726 51.
1303 3665 1419 3723 sive,
1463 3666 1707 3727 quomodo

696 3729 976 3791 appellatur
1005 3728 1054 3777 ii.
1091 3729 1165 3790 38.
1199 3737 1346 3790 capus
1371 3731 1702 3778 Ferentinum.

700 3793 850 3840 Hunc
873 3797 923 3840 et
944 3793 1128 3840 fontem
1151 3798 1203 3840 et
1222 3792 1388 3840 lucum
1423 3794 1515 3840 sub
1534 3791 1703 3840 radici-

677 3857 786 3904 -bus
816 3856 997 3904 montis
1018 3855 1198 3904 Albani
1219 3855 1382 3914 fuisse,
1403 3871 1575 3916 eoque,
1598 3862 1706 3918 post

696 3920 876 3968 Albam
899 3920 1125 3978 dirutam,
1146 3933 1298 3980 usque
1323 3920 1386 3968 ad
1411 3921 1467 3968 P.
1493 3919 1705 3967 Decium

694 3983 892 4032 Murem
945 3985 1212 4041 consulem,
1255 3986 1463 4044 populos
1506 3983 1707 4032 Latinos

695 4047 950 4096 convenire
982 4047 1163 4105 solitos,
1195 4051 1251 4094 ut
1282 4047 1539 4108 imperium
1574 4063 1701 4096 com-

694 4111 829 4160 muni
848 4111 1048 4160 consilio
1063 4109 1470 4170 administrarent,
1481 4127 1545 4159 ex
1560 4113 1705 4160 Festo

693 4175 923 4226 discimus
943 4177 992 4224 in
1017 4189 1134 4223 voce
1155 4177 1377 4224 Praetor.
1415 4175 1577 4224 Ciu-w.

757 4241 788 4288 8
823 4242 1043 4299 Turnus]
1084 4239 1222 4287 Idem
1243 4254 1416 4287 nomen
1435 4240 1564 4300 quod
1587 4242 1699 4302 Tyr·—

693 4305 894 4364 rhenus,
930 4305 978 4353 N
982 4303 1133 4354 iebhr.
1173 4302 1255 4366 qui
1297 4319 1360 4352 an
1405 4303 1601 4353 Turnus
1642 4303 1701 4352 sit

1770 3423 2083 3470 praenomen,
2136 3409 2401 3457 admodum
2460 3408 2787 3458 dubitandum

1771 3479 1951 3530 censet,
1968 3488 2117 3534 quum
2140 3479 2329 3521 mature
2350 3473 2401 3520 in
2422 3487 2563 3520 usum
2588 3481 2787 3522 venerat

1770 3537 1901 3598 apud
1938 3537 2188 3584 Romanos
2229 3541 2509 3599 coynorm'na
2552 3536 2789 3585 inusitata

1768 3602 2043 3649 minibus
2051 3602 2326 3663 praefigere.
2344 3617 2387 3649 e.
2395 3617 2441 3663 g.
2456 3603 2785 3658 siemundus

1771 3681 1969 3714 rancus.

1830 3744 1863 3792 9
1896 3730 2222 3787 Quodsisui]
2262 3728 2313 3776 Si
2346 3730 2472 3776 bene
2504 3728 2645 3776 cessit
2678 3727 2784 3777 Ro-

1768 3792 1942 3851 manis,
1982 3792 2113 3853 quod
2157 3792 2204 3840 ei
2245 3791 2575 3840 commiserint
2626 3793 2785 3853 impe-

1768 3855 1911 3916 rium,
1926 3863 2013 3904 aut
2033 3855 2074 3903 si
2098 3855 2294 3904 omnino
2311 3856 2653 3904 commiserunt
2668 3891 2682 3904 .
2700 3890 2712 3903 .
2733 3891 2747 3905 .
2768 3893 2785 3908 .

1768 3921 1945 3968 debere
1985 3919 2185 3968 Latinos
2223 3935 2415 3981 quoque
2456 3919 2582 3968 illud
2620 3919 2783 3968 eidem

1770 3983 2102 4032 committere:
2137 3983 2237 4030 imo
2259 3999 2355 4032 non
2377 3984 2569 4039 debere,
2590 3984 2783 4032 etiamsi

1768 4063 1843 4096 res
1862 4047 1931 4095 ita
1946 4063 1998 4096 se
2015 4049 2231 4105 haberet,
2246 4062 2397 4109 quum
2414 4047 2478 4096 sit
2491 4047 2781 4109 alienigena.

1768 4113 1928 4160 (ἷκεν.

1840 4190 1855 4222 1
1894 4179 1975 4225 Ne
1996 4177 2050 4224 id
2068 4177 2259 4238 quidem
2276 4177 2336 4223 ab
2358 4176 2546 4234 Turno]
2586 4173 2667 4222 Ne
2684 4174 2783 4224 hac

1766 4239 1963 4300 quidem
2008 4240 2320 4287 excusatione
2354 4255 2385 4287 a
2420 4239 2587 4286 Turno
2624 4238 2780 4299 impe-

1768 4309 1931 4362 trasse,
1964 4311 2019 4352 ut
2052 4309 2249 4361 taceret,
2271 4305 2470 4352 :acinam
2489 4302 2647 4361 serre,
2672 4317 2779 4365 per-
