3000 4784
382 325 451 375 U.
474 324 534 376 C.

379 391 443 441 A.
474 390 534 440 Ο.

710 183 841 245 560
1490 177 1718 245 ΤΙΤΙ
1770 177 2044 244 LIVII

556 339 670 386 45¹·
708 313 947 378 tavium
976 326 1125 379 sunt
1152 313 1465 391 nuntiata,
1494 313 1778 400 (semper
1813 325 2029 378 autem
2069 333 2180 376 eos
2219 312 2290 374 in
2329 311 2518 375 armis
2555 311 2802 376 accolae

558 403 669 450 ³0¹·
710 399 884 466 Galli
918 400 1267 486 habebant)
1300 401 1371 464 in
1405 400 1564 464 duas
1603 411 1814 486 partes
1851 400 2252 465 iuventutem
2279 397 2596 462 dividunt.
2693 398 2806 462 Al-

706 499 844 552 tera
872 487 939 550 in
968 487 1316 574 regionem,
1348 509 1478 574 qua
1505 487 1708 550 effusa
1733 486 2060 573 populatio
2087 484 2542 560 nuntiabatur;
2589 483 2806 560 altera,

702 595 785 637 ne
826 574 932 638 cui
970 573 1367 660 praedonum
1396 574 1584 638 obvia
1611 573 1812 650 fieret,
1843 571 2042 636 altero
2081 571 2310 636 itinere
2349 570 2434 634 ad
2466 571 2806 635 stationem
2823 599 2844 634 ι

701 660 957 724 navium
1041 659 1241 724 millia
1294 673 1514 726 autem
1565 658 2076 746 quattuordecim
2133 658 2214 721 ab
2263 656 2504 743 oppido
2562 657 2809 741 aberat)

700 745 909 810 ducta.
1132 769 1325 812 naves
1372 769 1616 834 parvas,
1658 745 2026 811 custodibus
2069 743 2340 808 interem
2385 743 2488 820 tis,
2531 743 2811 843 impetus

698 831 941 909 factus3
988 832 1319 920 territique
1349 846 1582 898 nautae
1611 845 1928 918 coguntur
1955 853 2150 894 naves
2187 831 2256 893 in
2295 766 2568 893 alptemm
2603 852 2664 892 ri

698 919 903 982 amnis
933 919 1314 982 transiicere.
1412 919 1502 981 Et
1529 920 1600 980 in
1629 931 1798 980 terra
1867 937 2196 1002 rosperum
2230 937 2434 1000 aeque
2463 915 2536 978 in

697 1003 1101 1090 praedatores
1130 1002 1442 1090 proelium
1465 1002 1705 1067 filet-at:
1739 940 2328 1088 reggientibusque
2349 1000 2436 1064 ad
2461 1002 2808 1067 stationem

702 1087 967 1154 Graecis
1001 1089 1235 1154 Veneti
1262 1089 1596 1154 obsistunt.
1671 1086 1776 1152 Ita
1801 1086 1874 1150 in
1900 1087 2114 1150 medio
2143 1087 2570 1152 circumventi
2595 1087 2808 1154 hostes

696 1177 1027 1264 caesique3
1060 1198 1205 1264 pars
1222 1175 1391 1263 capti
1412 1174 1676 1239 classem
1694 1173 1981 1236 indicant
1997 1195 2342 1260 regemque
2365 1171 2806 1262 Cleonymum

697 1264 819 1328 tria
844 1263 1045 1328 millia
1064 1263 1297 1328 abesse.
1360 1261 1545 1338 Inde,
1569 1259 1833 1347 captivis
1861 1261 2155 1346 proximo
2175 1261 2318 1324 vico
2345 1259 2416 1322 in
2445 1261 2804 1326 custodiam

696 1349 879 1428 datis,
910 1371 1055 1437 pars
1087 1349 1423 1413 fluviatiles
1460 1369 1672 1424 naves,
1704 1345 1788 1410 ad
1831 1345 2190 1433 superanda
2226 1345 2388 1410 vada
2429 1360 2805 1434 stagnorum

694 1449 841 1522 apte
930 1435 1089 1500 lanis
1132 1435 1325 1501 alveis
1367 1435 1718 1510 fabricatae,
1757 1455 1904 1521 pars
1950 1432 2200 1519 captiva
2245 1432 2502 1518 navigia
2549 1437 2806 1499 armatis

692 1459 1056 1609 complent:
1100 1521 1497 1608 profectique
1528 1519 1612 1585 ad
1639 1519 1920 1596 classem,
1953 1517 2312 1583 immobiles
2339 1541 2539 1583 navae
2569 1533 2642 1585 et
2671 1520 2807 1587 looe

693 1607 913 1694 ignota
959 1607 1121 1694 plus,
1176 1631 1368 1694 quam
1420 1608 1687 1684 hostem,
1743 1605 2056 1682 timenteS,
2109 1605 2644 1671 circumvadunt:
2709 1607 2804 1670 fu-

691 1693 1065 1780 gientesque
1114 1696 1185 1757 in
1230 1694 1429 1758 altum
1474 1693 1698 1770 acrius,
1735 1715 1930 1778 quam
1975 1714 2044 1756 re
2089 1703 2422 1778 ugnantes,
2463 1715 2678 1780 usqne
2725 1693 2804 1757 ad

690 1779 925 1856 ostium
964 1779 1168 1842 amnis
1205 1780 1544 1866 persecuti,
1584 1802 1662 1844 ca
1705 1779 1784 1843 tis
1813 1803 1866 1878 q
1907 1778 1968 1842 ‘b
2091 1800 2192 1842 am
2232 1777 2648 1866 incensisque
2692 1803 2802 1844 na·

690 1863 872 1928 vibus
916 1863 1215 1942 hostium,
1256 1887 1415 1951 quas
1460 1866 1626 1952 trepi
1713 1865 1803 1930 tio
1849 1887 1919 1928 m
1957 1864 2119 1929 vada
2163 1863 2488 1940 intulerat,
2521 1865 2800 1931 victores

689 1962 1108 2014 revertuntur.
1204 1951 1622 2040 Cleonymus,
1662 1951 1772 2016 vix
1811 1951 2039 2038 quinta
2074 1963 2260 2037 parte
2307 1951 2576 2016 navium
2623 1953 2797 2016 inco-

689 2036 869 2114 lumi,
910 2036 1087 2102 nulla
1130 2038 1389 2125 regione
1438 2039 1630 2102 maris
1674 2036 2032 2102 Hadriatici
2081 2059 2376 2136 prospere
2423 2037 2624 2115 adita,
2669 2038 2798 2102 dis—
2813 2063 2836 2096 ι

690 2124 895 2189 cessit.
988 2123 1223 2189 Rostra
1238 2125 1497 2189 navium
1515 2123 1842 2212 spoliaque
1862 2123 2216 2200 Laconum,
2235 2145 2304 2186 m
2333 2122 2494 2188 aede
2525 2122 2798 2190 Iunonis

691 2213 889 2275 veteri
922 2212 1070 2288 fixa,
1102 2211 1287 2276 multi
1326 2223 1683 2298 supersunt,
1763 2210 1832 2274 ui
1858 2210 2156 2274 viderunt
2187 2208 2456 2274 Patavii.
2551 2209 2796 2276 Monu-

690 2310 979 2360 mentum
1023 2297 1262 2362 navalis
1304 2319 1556 2384 pugnae
1601 2319 1680 2362 eo
1767 2295 1844 2373 'e,
1881 2319 2012 2396 quo
2056 2309 2409 2383 pugnatum
2453 2309 2572 2374 est,
2607 2311 2794 2384 quot·

690 2382 875 2446 annis
908 2382 1179 2446 sollenni
1215 2382 1560 2448 certamine
1601 2383 1858 2448 navium
1898 2405 1968 2446 m
2011 2382 2276 2446 flumine
2309 2382 2534 2469 oppidi
2577 2384 2794 2449 medio

688 2481 1035 2534 exercetur.

777 2554 1025 2620 Eodem
1054 2578 1223 2620 anno
1249 2555 1495 2620 Romae
1525 2578 1675 2620 cum
1695 2553 1997 2632 Vestinis,
2028 2554 2394 2641 petentibus
2421 2555 2789 2634 amicitiam,

686 2641 889 2705 ictum
915 2654 1015 2706 est
1039 2642 1280 2708 foedus·
1358 2641 1708 2728 Multiplex
1737 2639 1973 2706 deinde
2001 2655 2260 2706 exortus
2291 2654 2508 2706 terror.
2597 2641 2792 2709 Etru-

686 2727 843 2791 riam
903 2728 1226 2806 rebellare,
1279 2730 1360 2794 ab
1414 2729 1859 2794 Arretinorum
1917 2727 2336 2809 seditionibus
2391 2741 2574 2792 motu
2629 2743 2788 2808 orto,

685 2814 1136 2878 nuntiabatur:
1201 2815 1313 2879 ubi
1368 2813 1657 2880 Cilnium
1714 2837 1917 2902 genus
1974 2836 2124 2901 prae
2215 2825 2373 2892 tens,
2421 2814 2829 2889 divitiamm3

685 2897 943 2975 invidia,
1004 2900 1157 2986 pelli
1221 2903 1411 2965 armis
1473 2913 1814 2988 coeptum:
1879 2899 2070 2964 simul
2127 2836 2376 2965 ffiarsos
2439 2923 2670 2988 agrum
2725 2904 2790 2966 vi

685 2983 871 3061 tueri,
904 2985 971 3047 in
1000 3007 1197 3083 quem
1225 2986 1475 3051 colonia
1508 2987 1794 3052 Carseoli
1821 2987 2100 3051 deducta
2125 2999 2279 3064 erat,
2311 3000 2618 3074 quattuor
2645 2989 2788 3052 mil-

357 3084 671 3134 M.Va1erius
684 3067 852 3135 libus
880 3070 1213 3135 hominum
1242 3073 1508 3172 scriptis.
1571 3074 1798 3174 ltaque
1827 3086 2088 3160 propter
2106 3096 2216 3138 eos
2246 3073 2556 3139 tumultus
2575 3074 2788 3139 dictus

358 3149 581 3200 dictator.

687 3155 782 3222 M.
818 3157 1109 3224 Valerius
1161 3157 1491 3224 Maximus
1539 3159 1830 3238 dictator,
1881 3160 2254 3246 magistrum
2311 3161 2608 3247 equitum
2667 3162 2784 3227 sibi

682 3243 840 3330 legit
887 3245 982 3310 M.
1019 3245 1370 3310 Aemilium
1416 3245 1732 3310 Paullum.
1825 3245 1906 3309 Id
1951 3247 2152 3333 magis
2197 3245 2408 3324 credo,
2499 3269 2654 3310 uam
2700 3249 2782 3324 Q.

684 3329 949 3394 Fabium
993 3354 1071 3395 ea
1112 3343 1320 3396 aetate
1364 3345 1558 3418 atque
1602 3332 1679 3395 iis
1723 3331 2069 3396 honoribus
2097 3329 2358 3396 Valerio
2403 3355 2474 3396 su
2523 3333 2782 3399 iectum.

685 3413 990 3482 Ceterum
1031 3440 1113 3482 ex
1146 3417 1421 3482 Maximi
1460 3418 1839 3504 cognomine
1881 3429 2094 3483 ortum
2132 3439 2409 3482 errorem
2451 3417 2631 3484 haud
2677 3422 2785 3487 ab·
2799 3447 2829 3491 4

748 3655 769 3688 r
805 3643 976 3692 Altero
996 3644 1196 3702 itinere]
1238 3643 1524 3704 Legendum
1555 3646 1692 3704 puta-
1759 3641 2022 3704 quicquam
2046 3645 2257 3693 tentavit
2279 3645 2512 3708 Pyrrhus.

678 3705 791 3752 bam
814 3707 943 3752 alio.-
976 3707 1063 3754 sed
1092 3707 1219 3754 hanc
1242 3707 1572 3754 coniecturam
1595 3705 1695 3754 iam
1824 3719 1854 3766 3
1879 3709 2094 3756 Cilnium
2111 3725 2272 3770 gemus
2286 3712 2608 3772 praepotens]
2626 3712 2780 3768 Quod

678 3767 928 3830 praecepit
945 3767 1235 3816 Gronovius.
1259 3769 1474 3818 Srnorn.
1533 3769 1696 3832 Magis
1761 3769 2002 3818 Romanis
2053 3773 2276 3832 partibus
2325 3774 2542 3832 favebat,
2595 3775 2782 3838 quippe

678 3831 818 3880 nobis
848 3830 1029 3879 arridet
1050 3831 1321 3880 Burmanni
1354 3833 1634 3882 coniectura
1664 3849 1696 3882 a
1761 3834 1976 3883 Romani
2011 3835 2252 3885 rationem
2291 3837 2392 3885 iam
2434 3839 2780 3900 adhibuerant,

680 3895 1082 3946 Drakenborchio
1112 3897 1333 3956 probata,
1364 3898 1475 3946 avio
1500 3898 1692 3947 itinere.
1759 3913 1858 3959 qua
1885 3898 2042 3947 socios
2066 3899 2270 3949 Italicos
2297 3917 2390 3964 per
2421 3905 2676 3963 optivum&
2709 3919 2778 3953 re-

680 3961 847 4010 Doss..
1756 3968 1940 4024 gerent.
1995 3963 2144 4014 Cilnii
2164 3979 2277 4012 vero
2294 3965 2611 4015 Lucumones
2625 3973 2776 4016 erant.

744 4041 771 4073 α
804 4027 965 4074 Nulla
995 4025 1213 4087 regione]
1263 4023 1489 4073 Subsidia
1526 4030 1692 4073 tamen
1759 4025 1966 4075 Niebhr.
1990 4027 2022 4076 i.
2045 4043 2093 4076 n.
2120 4029 2228 4090 380.

676 4089 794 4137 belli
820 4089 871 4136 in
893 4091 1107 4152 Corcyra
1127 4089 1287 4137 insula
1307 4089 1537 4146 habebat,
1558 4091 1689 4137 uude
1819 4109 1849 4150 4
1874 4092 2098 4141 ceterum
2119 4107 2181 4140 σε
2203 4094 2446 4153 Maximi]
2487 4093 2592 4142 Hie
2612 4095 2774 4158 magni

675 4155 889 4200 secundo
912 4159 1021 4212 post
1042 4169 1171 4201 anno
1190 4152 1424 4202 discessit.
1478 4153 1687 4215 Cleony-
1755 4169 1938 4202 errores
1955 4154 2216 4216 implicant
2233 4161 2283 4203 et
2301 4157 2575 4217 nominum,
2589 4165 2640 4207 et
2655 4165 2774 4208 tem-

674 4227 809 4260 mum
846 4221 1013 4272 postea
1044 4217 1096 4263 in
1130 4231 1328 4276 regnum
1360 4231 1585 4264 revocare
1607 4231 1686 4264 ne-
1754 4232 1928 4278 porum
1949 4237 1960 4266 ε
1998 4219 2130 4268 unde
2151 4227 2202 4267 et
2223 4219 2390 4280 aliqua
2416 4223 2554 4282 apud
2579 4223 2772 4273 Livium
