3000 4784
814 254 1005 322 LIB.
1056 254 1195 333 vl„
1241 256 1464 323 CAP.
1515 261 1572 322 6.
2127 260 2252 322 355

116 388 341 455 buum
392 414 729 457 numerum
790 393 1144 481 explevere.
1246 392 1351 459 De
1410 414 1562 481 agro
1621 392 1967 480 Pomptino
2025 393 2105 456 ab
2165 392 2242 455 L.
2270 406 2335 456 U.
2359 408 2418 457 c.
2445 408 2554 469 368.

122 474 387 542 Sicinio
404 480 662 543 tribuno
682 479 887 567 plebis
905 494 1118 546 actum
1145 481 1228 546 ad
1244 480 1740 567 fiequentiorem
1765 481 1890 543 iam
1913 478 2242 566 populum,
2263 472 2324 521 A.
2359 472 2418 523 0·
2443 475 2555 535 3⁸4·

114 564 665 653 mobilioremque
711 566 794 630 ad
827 567 1241 653 cupiditatem
1287 568 1438 653 agri,
1485 589 1680 653 quam
1717 566 1939 629 fuerat.
2032 563 2120 627 Et
2163 564 2244 629 de
2391 540 2450 601 6·

116 648 377 715 Latino
423 650 671 735 Hernic
759 675 840 717 ue
885 652 1055 718 bello
1098 653 1342 718 mentio
1382 653 1551 717 facta
1592 652 1660 715 in
1700 665 1944 729 senatu,
1991 650 2244 716 maioris

112 735 288 800 belli
318 759 489 813 cura,
570 737 697 802 uod
789 739 984 803 truria
1010 740 1079 803 in
1109 739 1298 803 armis
1326 752 1480 817 erat,
1513 738 1710 803 dilata
1737 752 1848 803 est.

216 821 363 886 Res
398 823 481 888 ad
577 824 859 889 amillum
904 826 1231 890 tribunum
1262 826 1538 889 militum
1574 824 1888 889 consulari
1927 836 2239 912 potestate
2260 840 2328 892 U.
2353 844 2412 893 c.
2438 844 2548 911 369·

114 907 344 973 rediit.
441 910 745 997 Collegae
791 911 995 976 additi
1040 912 1346 998 quinque,
1398 910 1530 976 Ser.
1575 910 1913 975 Cornelius
1959 910 2239 1010 Malugi-
2255 908 2317 1019 {ei
2351 908 2409 1019 (13,-
2435 910 2546 983 {83-

114 995 369 1072 nensis‚
407 995 489 1071 Q.
517 996 819 1061 Servilius
858 997 1132 1062 Fidenas
1167 1010 1439 1075 sextum,
1483 998 1559 1061 L.
1587 997 1934 1073 Quinctius
1973 995 2239 1062 Cincin·
2255 987 2539 1085 cgmffiYV

114 1094 343 1159 natus,
388 1082 465 1147 L.
489 1082 796 1147 Horatius
842 1084 1169 1161 Pulvillus,
1212 1084 1285 1149 P.
1310 1084 1623 1149 Valerius.
1714 1084 1930 1147 Princi
1976 1083 2041 1147 io
2084 1082 2237 1147 anni
2254 1073 2563 1175 etc.'·1'r.M·i1‘.

114 1188 389 1232 aversae
418 1190 607 1233 curae
648 1169 978 1234 hominum
1008 1182 1159 1235 sunt
1189 1193 1227 1234 a
1264 1170 1434 1235 bello
1465 1169 1756 1246 EtruscO,
1781 1192 1912 1255 quo
1984 1161 2546 1255 fugien-Ant3ates1n

114 1252 298 1316 tium
334 1277 418 1319 ex
455 1278 607 1342 agro
648 1255 992 1343 Pomptino
1036 1279 1265 1343 agmen
1304 1268 1568 1342 repente
1614 1256 1860 1320 illatum
1899 1255 1967 1319 in
2011 1255 2234 1319 urbem
2251 1240 2412 1277 Μ’·

113 1339 368 1417 attulit,
414 1342 711 1406 Antiates
750 1343 820 1406 in
864 1343 1051 1406 armis
1088 1366 1243 1419 esse,
1277 1342 1784 1428 Latinorumque
1825 1340 2094 1428 populos
2136 1341 2234 1404 iu-

114 1440 463 1492 ventutem
492 1428 875 1492 summisisse
903 1428 985 1492 ad
1008 1427 1075 1492 id
1095 1428 1370 1504 bellum3
1417 1452 1495 1493 eo
1527 1430 1878 1493 abnuentes
1951 1426 2232 1491 ublicum

74 1543 91 1575 ε
112 1512 325 1577 fuisse
368 1513 721 1591 consilium,
799 1515 929 1578 uod
974 1537 1105 1578 non
1144 1514 1495 1601 prohibitos
1537 1527 1848 1579 tantumm
1938 1537 1979 1578 0
2006 1512 2234 1578 volun-

116 1599 327 1663 tarios
368 1599 657 1664 dicerent
699 1623 789 1664 ml
815 1601 988 1677 ‘tare,
1036 1601 1146 1665 ubi
1188 1600 1441 1665 vellent.
1535 1600 1879 1666 Desierant
1927 1600 2052 1665 iam
2103 1598 2233 1665 ulla

112 1686 457 1749 contemni
500 1685 683 1751 bella.
775 1686 1002 1773 Itaque
1050 1702 1305 1751 senatus
1350 1687 1473 1751 diis
1520 1710 1708 1774 agere
1759 1687 2008 1775 gratias,
2101 1686 2231 1751 uod
2249 1702 2464 1777 Qamino
2485 1720 2558 1754 re-

120 1770 449 1836 Camillus
477 1773 546 1836 in
570 1773 941 1860 magistratu
970 1787 1171 1838 esset:
1221 1774 1593 1839 dictatorem
1619 1774 1857 1861 quippe
1881 1774 2070 1838 dicen
2118 1797 2227 1838 um
2243 1782 2410 1841 gqmen
2433 1784 2536 1817 ⁰¹¹¹·

113 1880 279 1922 eum
308 1858 519 1937 fuisse,
556 1860 609 1923 si
636 1859 917 1945 privatus
955 1872 1134 1924 esset.
1231 1859 1318 1924 Et
1354 1859 1634 1947 collegae
1663 1860 1865 1940 fateri,
1901 1870 1921 1899 ‘
1940 1861 2227 1948 regimen
2245 1845 2554 1959 ffllffigfemm

116 1952 139 1981 ‘
164 1945 463 2009 omnium
498 1967 730 2023 rerum,
768 1947 879 2010 ubi
921 1945 1079 2032 quid
1116 1946 1330 2012 bellici
1374 1948 1628 2011 terroris
1671 1947 1738 2010 in
1899 1960 1944 2025 t,
1985 1948 2056 2012 in
2091 1946 2226 2013 viro
2243 1960 2554 2023 permittunt.

114 2040 137 2069 ‘
158 2054 301 2095 uno
319 2054 487 2096 esse:
536 2032 781 2131 sibique
812 2031 1197 2097 destinatum
1226 2033 1295 2095 in
1326 2033 1540 2097 auimo
1568 2055 1724 2110 esse,
1813 2033 2028 2098 amillo
2053 2056 2228 2099 sum-

115 2126 140 2155 ‘
165 2118 427 2182 mittere
472 2119 845 2206 impenum3
908 2140 1028 2183 nec
1073 2120 1415 2205 quicquam
1458 2118 1542 2181 de
1587 2119 1911 2183 maiestate
1956 2142 2070 2183 sua
2112 2120 2228 2185 de-

118 2214 141 2242 ‘
162 2216 441 2269 tractum
484 2203 763 2282 eredere,
811 2204 986 2292 quod
1030 2205 1339 2269 maiestati
1382 2204 1522 2268 eius
1571 2204 1689 2267 viri
1733 2205 2226 2270 concessissent)

120 2288 529 2355 Collaudatis
567 2291 648 2356 ab
676 2302 903 2356 senatu
946 2290 1235 2367 tribuniS,
1278 2302 1343 2356 et
1381 2290 1516 2376 ipse
1552 2289 1882 2368 Camillae,
1927 2291 2226 2357 confusus

114 2376 363 2454 animo,
406 2378 637 2464 gratias
684 2378 832 2477 egit.
926 2386 946 2415 ‘
964 2376 1239 2464 Ingens,'
1287 2375 1439 2441 inde
1492 2377 1600 2454 ait,
1650 2386 1846 2441 ‘onus
1893 2400 1932 2441 a
1986 2377 2225 2465 populo

72 2486 91 2529 ι
116 2472 141 2501 6
168 2462 467 2528 Romano
489 2464 630 2541 sibi,
650 2486 763 2550 qm
791 2486 858 2528 se
882 2462 1255 2528 dictatorem
1278 2464 1405 2527 iam
1424 2476 1722 2548 quartum
1741 2476 2028 2539 creasset,
2049 2484 2226 2551 mag-

116 2560 137 2588 ‘
166 2572 328 2613 num
358 2572 397 2613 a
422 2562 647 2615 senatu
678 2550 905 2614 talibus
934 2548 1015 2613 de
1046 2572 1112 2613 se
1144 2549 1395 2613 iudiciis
1424 2549 1562 2612 eius
1591 2548 1849 2624 ordiniS,
1872 2549 2223 2631 maximum

114 2646 139 2675 ‘
162 2650 299 2699 tam
327 2635 777 2701 honoratorum
807 2636 1191 2722 collegarum
1220 2634 1527 2720 obsequio
1555 2635 1820 2722 iniungi.
1914 2634 2138 2723 Itaque
2169 2636 2223 2699 si

114 2732 137 2759 ‘
164 2721 331 2809 quid
372 2722 601 2788 laboris
628 2721 1114 2809 vigiliarumque
1144 2721 1334 2786 adiici
1378 2721 1594 2808 possit,
1626 2734 1974 2786 certantem
2004 2744 2218 2786 secum

114 2820 137 2848 6
158 2809 372 2896 ipsum
400 2809 791 2885 annisum,
823 2820 898 2873 ut
924 2820 1102 2872 tanto
1130 2808 1213 2871 de
1242 2830 1309 2871 se
1339 2829 1649 2873 consensu
1674 2808 1946 2872 civitatis
1973 2808 2222 2895 opinio-

114 2906 137 2933 ‘
162 2918 339 2973 nem,
414 2918 533 2960 uae
578 2894 856 2959 maxima
882 2894 981 2971 sit,
1012 2894 1203 2959 etiam
1243 2906 1640 2959 constantem
1679 2894 1928 2958 efficiat.
2024 2893 2222 2969 Quod

114 2992 139 3022 ‘
158 2982 247 3047 ad
278 2918 515 3046 belllum
536 2994 729 3067 atque
762 2979 1056 3045 Antiates
1078 2981 1359 3057 attineat,
1384 2980 1527 3068 plus
1555 2981 1644 3044 ibi
1668 2980 2002 3058 minarum,
2025 3004 2220 3069 quam

112 3080 137 3109 ‘
160 3066 453 3156 periculi,
494 3090 671 3132 esse:
720 3090 787 3131 se
828 3079 1062 3143 tamen,
1098 3080 1173 3130 ut
1209 3065 1371 3131 nihil
1412 3066 1700 3144 timendi,
1741 3069 1831 3131 sic
1869 3067 2032 3131 nihil
2066 3091 2222 3133 con-

112 3166 135 3195 ‘
162 3153 495 3219 temnendi
518 3166 841 3219 auctorem
865 3174 1017 3217 esse.
1113 3152 1582 3217 Circumsederi
1605 3154 1828 3218 urbem
1860 3153 2220 3217 Romanam

112 3254 133 3282 6
162 3242 247 3307 ab
278 3239 519 3305 invidia
556 3252 623 3304 et
656 3238 806 3304 odio
844 3239 1293 3303 finitimorum:
1343 3238 1562 3323 itaque
1603 3251 1671 3301 et
1709 3238 1978 3302 ducibus
2021 3238 2220 3323 pluri-

112 3339 135 3368 ‘
156 3329 283 3393 bus
310 3339 377 3390 et
396 3325 779 3391 exercitibus
799 3323 1360 3389 administrandam
1382 3322 1838 3409 rempublicam
1861 3345 2015 3387 esse.
2079 3324 2220 3401 Te,'

110 3413 354 3501 inquit,
415 3422 435 3450 ‘
458 3413 531 3477 P.
578 3410 813 3487 Valeri,
874 3410 1115 3475 socium
1174 3409 1423 3497 imperii
1482 3408 1726 3472 consilii
1774 3431 1875 3485 ue,
1935 3408 2218 3495 legiones

111 3513 133 3541 6
162 3522 417 3564 mecum
447 3498 745 3563 adversus
786 3497 1117 3561 Antiatem
1156 3496 1403 3559 hostem
1442 3494 1676 3559 ducere
1715 3516 1760 3593 p
1783 3508 1956 3559 acet:
2008 3509 2091 3571 te,
2129 3494 2211 3570 Q.

113 3599 136 3626 ‘
168 3584 417 3663 Servili,
448 3584 647 3650 altero
676 3583 962 3647 exercitu
990 3583 1301 3647 instructo
1330 3593 1698 3680 paratoque,
1730 3602 1798 3643 m
1828 3581 1982 3645 urbe
2013 3592 2216 3647 castra

114 3685 135 3713 ‘
154 3673 434 3747 habere3
480 3672 819 3746 intentum,
844 3670 973 3733 sive
1017 3667 1275 3733 Etruria
1300 3690 1368 3731 se
1409 3666 1686 3745 interim,
1718 3680 1790 3730 ut
1829 3689 2051 3755 nuper,
2083 3668 2213 3734 sive

114 3772 137 3799 ‘
162 3780 332 3823 nova
375 3757 531 3821 haec
583 3778 753 3834 cura,
809 3754 1028 3819 Latini
1079 3767 1271 3841 atque
1326 3752 1614 3829 Hernici,
1665 3754 1993 3819 moverint.
2085 3754 2214 3822 Pro

114 3858 137 3885 ‘
157 3857 335 3910 certo
372 3842 595 3919 haben,
626 3843 718 3905 ita
756 3864 891 3906 rem
974 3854 1275 3916 esturum,
1318 3854 1391 3904 ut
1432 3853 1632 3927 patre,
1665 3862 1801 3919 av0,
1845 3853 2035 3929 teque
2075 3842 2214 3929 ipso

72 3962 93 4003 ι
116 3944 139 3973 6
158 3955 237 3997 ac
294 3952 405 3994 sex
454 3928 879 3993 tribunatibus
977 3928 1199 4014 ignum
1250 3939 1365 3995 est.
1455 3927 1714 3991 Tertius
1766 3929 2080 3992 exereitus
2131 3950 2213 3993 ex

196 4140 223 4173 α
258 4125 727 4183 Quod...d··00rene]
752 4124 882 4172 Cum
900 4122 1135 4179 dicerent,
1198 4123 1451 4185 augendae
1489 4138 1637 4171 eausa
1679 4128 1730 4170 et
1765 4128 1901 4183 grato
1942 4120 2107 4168 animo
2143 4118 2216 4165 ita

114 4206 222 4239 non
242 4187 335 4235 nisi
358 4188 655 4235 voluntarios
674 4186 903 4245 militare,
930 4186 1013 4247 qui
1030 4186 1133 4247 qui·
1201 4185 1431 4247 loquitur,
1454 4192 1510 4234 ut
1541 4186 1620 4233 eui
1653 4185 1866 4247 regimen
1897 4183 2116 4232 omnium
2141 4195 2212 4228 re-

114 4257 257 4309 dem,
292 4250 375 4298 ubi
410 4251 621 4299 militare
658 4252 857 4307 vellent,
894 4264 991 4297 non
1030 4264 1135 4311 pro-
1202 4264 1308 4296 rum
1331 4265 1361 4296 a
1382 4249 1584 4310 collegis
1603 4250 1820 4296 delatum
1844 4252 1984 4295 esset.

118 4315 267 4367 bibiti
289 4322 461 4363 essent.
498 4314 663 4365 Dosa.
1273 4329 1304 4372 4
1350 4314 1542 4361 Tertius
1584 4314 1824 4360 exercitus
1868 4326 1930 4359 et
1975 4310 2215 4356 causariis

190 4394 219 4441 3
260 4380 555 4429 Dictaturam
592 4382 691 4427 iam
729 4379 987 4440 quartum]
1044 4378 1138 4425 Rei
1202 4378 1589 4436 senioribusque]
1627 4375 1870 4495 Cau-mn}
1885 4372 2059 4433 quibus
2091 4370 2216 4420 iusta

1688 4455 1735 4498 A
1764 4456 1800 4496 8
