3000 4784
846 222 1037 309 Lm.
1086 240 1237 308 vn.
1306 227 1530 309 CAP'.
1580 248 1640 309 6.
2165 247 2299 311 405
2367 296 2376 301 .

206 372 295 437 M.
336 360 657 452 Curtium,
710 376 1009 441 iuvenem
1066 377 1234 442 bello
1290 380 1638 465 egregium,
1693 380 2023 466 castigasse
2080 374 2296 443 ferunt
2313 392 2382 443 U.
2405 392 2466 443 c.
2492 407 2600 457 393-

159 461 581 539 5dubitantes‚
613 484 697 526 an
732 461 934 527 ullum
972 464 1171 551 magis
1202 463 1569 529 Romanum
1609 465 1867 542 bonum,
1899 487 2093 553 quam
2123 486 2296 529 arma
2312 458 2372 507 A.
2407 458 2466 507 0·
2492 470 2601 521 359·

201 547 542 635 virtusque,
583 562 764 615 esset.
861 549 1131 615 Silentio
1168 550 1353 629 fact0,
1392 551 1632 639 templa
1669 553 1932 617 deorum
1973 552 2296 617 immorta-
2313 522 2602 635 {233ssss

200 632 371 711 lium,
418 657 584 720 quae
636 636 773 701 foro
822 636 1178 714 imminent,
1232 636 1754 725 Capitoliumque
1800 638 2182 716 intuentem,
2229 654 2296 703 et
2311 648 2550 699 immittit.

202 742 419 784 manus
458 744 634 787 nunc
668 721 739 787 in
769 723 1038 800 coelum,
1070 746 1244 787 nunc
1285 724 1351 787 in
1391 738 1682 810 patentes
1722 736 1924 788 terrae
1965 724 2174 788 hiatus
2213 724 2296 789 ad

200 806 346 871 deos
378 806 611 872 Manes
648 810 1096 895 porrigentem,
1128 832 1194 873 se
1227 810 1589 875 devovisse:
1639 834 1808 896 equo
1837 811 2072 875 deinde
2103 833 2296 897 quam

198 906 439 991 poterat
462 896 739 959 maxime
764 909 1069 960 exornato
1092 896 1495 973 insidentem,
1519 910 1830 960 armatum
1854 920 1920 960 se
1945 898 2010 959 in
2035 920 2296 996 specum

199 980 542 1058 immisisse,
577 981 873 1068 donaque
908 1004 981 1046 ac
1015 982 1226 1069 fruges
1264 1004 1455 1068 super
1493 1006 1642 1046 eum
1682 1006 1721 1046 a
1759 982 2169 1047 multitudme
2201 984 2297 1046 vi-

198 1088 401 1131 rorum
438 1092 513 1133 ac
545 1068 879 1132 mulierum
912 1083 1278 1155 congestas3
1326 1068 1662 1155 lacumque
1697 1067 2014 1146 Curtium,
2047 1092 2178 1133 non
2213 1071 2293 1133 ab

156 1155 455 1241 6antiquo
494 1155 607 1219 illo
647 1155 726 1219 T.
754 1156 927 1219 Tatii
968 1155 1165 1219 milite
1202 1155 1431 1219 Curtio
1462 1155 1693 1231 Metto,
1735 1154 1848 1218 sed
1890 1156 1970 1219 ab
2014 1156 2137 1219 hoc
2181 1178 2294 1241 ap-

198 1239 513 1325 pellatum.
614 1240 791 1306 Cura
830 1264 963 1306 non
1004 1242 1269 1318 deesset,
1309 1242 1363 1304 si
1395 1264 1524 1327 qua
1565 1240 1648 1304 ad
1685 1264 1903 1305 verum
1939 1242 2042 1304 via
2079 1242 2294 1327 inqui-

198 1338 439 1392 rentem
467 1328 699 1393 ferret:
748 1351 922 1392 nunc
960 1328 1129 1392 fama
1164 1349 1373 1391 rerum
1416 1327 1715 1391 standum
1755 1338 1870 1402 est,
1903 1326 2012 1390 ubi
2055 1342 2294 1391 certam

199 1412 455 1501 derogat
482 1428 762 1479 vetustas
788 1414 1025 1490 fidem3
1074 1426 1141 1478 et
1179 1413 1353 1477 lacus
1391 1435 1628 1477 nomen
1670 1412 1750 1477 ab
1785 1412 1906 1477 hac
1940 1412 2292 1478 recentiore

198 1498 307 1562 ins'
400 1501 553 1565 itius
581 1501 793 1565 fabula
820 1514 931 1565 est.

282 1522 433 1651 ἔξὲε
470 1588 633 1652 tanti
666 1588 941 1675 prodigii
976 1586 1506 1675 procurationem,
1539 1586 1766 1651 eodem
1806 1609 1976 1651 anno
2006 1586 2088 1650 de
2121 1584 2291 1651 Her·
2307 1596 2509 1646 Bellum

198 1672 349 1737 uicis
377 1674 704 1739 consultus
733 1687 1006 1752 senatuS‚
1031 1696 1232 1761 quum
1259 1672 1503 1740 fetiales
1531 1673 1615 1737 ad
1643 1695 1742 1737 res
1771 1672 2148 1760 repetendas
2175 1694 2290 1737 ne·
2305 1676 2418 1735 ΦΨ
2443 1661 2572 1710 Her-

242 1759 533 1847 uicquam
558 1761 843 1837 misisset,
912 1761 1073 1824 rimo
1096 1781 1351 1860 quoque
1374 1760 1480 1823 die
1504 1758 1840 1824 ferendum
1869 1759 1952 1825 ad
2065 1759 2290 1845 pulum
2307 1740 2444 1775 meu.

198 1780 274 1908 de
302 1846 471 1912 bello
500 1847 845 1911 indicendo
866 1784 1177 1911 liernims
1206 1846 1488 1923 censuit;
1608 1845 1924 1933 pulusque
1955 1846 1978 1909 i
2053 1844 2292 1911 bellum

197 1930 487 2019 frequens
547 1933 745 1998 iussit.
855 1932 929 1997 L.
969 1932 1265 1998 Genucio
1314 1932 1559 1997 consui
1617 1955 1696 1996 ea
1750 1932 2076 2019 provincia
2125 1944 2291 1997 sorte

200 2020 418 2084 evenit.
512 2020 594 2085 In
634 2042 715 2085 ex
866 2020 1102 2084 tatione
1139 2020 1357 2083 civitas
1397 2032 1551 2104 erat,
1585 2018 1760 2105 quod
1793 2020 2036 2105 primus
2070 2017 2176 2082 ille
2207 2018 2294 2083 de

200 2102 376 2187 plebe
413 2106 637 2172 consul
671 2106 911 2171 belum
951 2106 1079 2170 suis
1120 2106 1413 2191 auspiciis
1450 2118 1743 2191 gesturus
1773 2120 1977 2179 esset3
2023 2104 2290 2189 perinde

202 2202 269 2253 ut
316 2195 601 2258 eveniret
644 2215 761 2269 rea,
812 2194 902 2256 ita
943 2192 1439 2256 communicatos
1484 2191 1759 2254 honores
1809 2212 1926 2277 pro
1969 2190 2134 2253 bene
2179 2201 2292 2254 aut

201 2296 369 2342 secus
396 2278 690 2345 consulto
720 2278 1027 2344 habitura.
1090 2276 1279 2341 Forte
1310 2278 1401 2341 ita
1430 2275 1576 2340 tulit
1604 2298 1801 2353 casuS,
1833 2290 1906 2340 ut
1939 2274 2288 2353 Genucius,
2308 2288 2560 2339 Genucius

201 2363 277 2426 ad
304 2364 515 2431 hostes
544 2388 775 2453 magno
804 2381 1038 2431 conatu
1065 2364 1402 2450 profectuS,
1425 2363 1495 2426 in
1526 2362 1784 2425 insidias
1810 2361 2286 2449 praecipitaret3
2307 2355 2437 2429 maie
2457 2370 2562 2404 rem

200 2446 547 2535 legionibus
576 2453 958 2539 necopinato
992 2472 1223 2551 pavore
1252 2450 1425 2526 fusiS,
1456 2448 1680 2513 consul
1715 2449 2183 2513 circumventus
2211 2448 2290 2512 ab
2304 2424 2443 2482 ὅπη·

200 2534 417 2617 inseiis,
478 2562 671 2627 quem
727 2538 1209 2614 interfecissent,
1261 2535 1672 2601 occideretur.
1787 2533 1985 2609 Quod
2037 2534 2148 2597 ubi
2198 2547 2296 2599 est

205 2619 473 2691 Romam
500 2626 884 2702 nuntiatum,
916 2644 1321 2710 nequaquam
1362 2634 1612 2686 tantum
1651 2620 1907 2721 publica
1939 2618 2294 2685 calamitate

204 2714 412 2777 maesti
487 2713 727 2789 Patres,
793 2724 1103 2799 quantum
1151 2708 1390 2774 feroces
1440 2706 1682 2771 infelici
1733 2704 2009 2771 consulis
2059 2705 2295 2793 plebeii

202 2794 409 2877 ductu,
440 2799 721 2863 fremunt
750 2799 1044 2863 omnibus
1071 2796 1265 2861 locis:
1312 2803 1333 2833 ‘
1354 2794 1552 2870 Irent,
1577 2808 1864 2858 crearent
1891 2790 2182 2857 consules
2210 2814 2294 2857 ex

206 2887 225 2917 ‘
242 2882 441 2967 plebe,
498 2886 907 2951 transferrent
958 2883 1254 2969 auspicia,
1308 2903 1439 2968 quo
1490 2880 1668 2945 nefas
1718 2893 1900 2944 esset.
2000 2878 2294 2943 Potuisse

207 2974 226 3004 ‘
247 2969 463 3038 Patres
492 2972 823 3058 plebiscito
853 2969 1005 3058 pelli
1036 2969 1381 3034 honoribus
1410 2968 1578 3031 suis:
1632 2989 1790 3031 num
1819 2966 2011 3031 etiam
2039 2965 2110 3029 in
2139 2965 2294 3030 deos

207 3054 624 3125 ‘immortales
696 3058 1151 3145 inauspicatam
1216 3054 1423 3141 legem
1484 3052 1800 3119 valuisse?
1918 3050 2292 3117 Vindicasse

208 3140 403 3229 ‘ipsos
452 3166 638 3209 suum
684 3166 944 3221 numen,
982 3165 1096 3206 sua
1141 3142 1455 3227 auspicia:
1508 3164 1670 3225 quae
1719 3152 1792 3203 ut
1871 3138 2104 3201 rimum
2139 3160 2296 3202 con-

208 3232 225 3263 ‘
246 3240 405 3297 tacta
432 3232 563 3295 sint
590 3231 668 3295 ab
699 3254 795 3307 e0,
822 3252 861 3294 a
889 3251 1019 3315 quo
1048 3250 1167 3291 nec
1198 3228 1297 3291 ius
1326 3248 1446 3291 nec
1476 3225 1570 3289 fas
1597 3224 1804 3299 fuerit,
1877 3222 2115 3287 cletum
2145 3244 2294 3287 cum

208 3318 227 3348 ‘
245 3312 400 3383 duce
462 3318 813 3382 exercitum
872 3316 1258 3379 documento
1316 3312 1529 3387 fuisse,
1583 3332 1666 3373 ne
1727 3307 1984 3384 deinde,
2039 3308 2292 3373 turbato

167 3404 226 3467 7‘
244 3406 527 3485 gentium
566 3404 723 3480 iure,
760 3401 1015 3466 comitia
1054 3396 1475 3463 haberentur)
1563 3394 1688 3459 His
1714 3393 1974 3457 vocibus
2013 3393 2189 3457 curia
2225 3406 2292 3458 et
2309 3406 2502 3485 Appius

205 3482 402 3555 forum
452 3501 764 3578 personat.
857 3487 985 3574 Ap.
1023 3484 1388 3559 Claudium,
1432 3481 1586 3568 quia
1634 3480 2011 3544 dissuaserat
2060 3479 2288 3566 legem,
2307 3472 2548 3585 gimu-

208 3574 433 3641 maiore
468 3599 643 3641 nunc
678 3574 1052 3639 auctoritate
1094 3582 1395 3636 eventum
1430 3566 1800 3655 reprehensi
1835 3566 1914 3630 ab
1941 3588 2009 3631 se
2045 3564 2292 3630 consilii
2490 3552 2528 3588 Γ·

206 3654 611 3739 incusantem,
674 3661 1051 3725 dictatorem
1121 3678 1435 3721 consensu
1506 3652 1916 3741 patriciorum
1993 3650 2296 3720 Servilius

207 3749 419 3813 consul
446 3749 621 3827 dicit,
652 3746 1062 3833 delectusque
1094 3756 1159 3809 et
1189 3741 1495 3807 iustitium
1527 3739 1860 3806 indictum.

268 3998 295 4047 s
326 3990 637 4049 Dumna,
660 3989 755 4047 an]
815 3987 955 4036 Adeo
988 3986 1211 4045 incertos,
1274 3982 1479 4045 intelligi
1523 3980 1812 4051 suspicatur,
1851 3980 1990 4030 cuius
2004 3977 2289 4055 ‘spiramen-

210 4052 261 4094 ut
275 4064 421 4116 prope
434 4055 697 4103 crederent.
724 4050 960 4101 Similiter
970 4052 1129 4099 nescio
1142 4064 1213 4097 cm
1272 4052 1381 4096 tum
1403 4047 1676 4097 mutatione
1693 4046 1905 4108 quadam
1927 4044 2019 4093 soh
2039 4043 2290 4090 occlusum

210 4122 292 4171 ΡΙῸ
308 4130 459 4180 prope
478 4124 639 4168 cerm
659 4132 781 4165 sum.
820 4116 1011 4163 Basca.
1274 4117 1365 4161 est.
2169 4166 2181 4178 ⁸
2263 4166 2274 4177 ⁸

269 4176 300 4225 6
336 4182 461 4230 Tatii
480 4182 657 4241 milite]
690 4180 858 4237 Quem
880 4192 1061 4226 nomen
1082 4176 1213 4223 lacni
1352 4187 1379 4236 7
1414 4176 1645 4225 Gentium
1683 4172 1818 4231 iure]
1853 4232 1864 4244 .
1880 4169 1998 4217 Iure
2035 4182 2094 4215 ac
2131 4166 2298 4214 discn-

210 4234 429 4295 indidisse
445 4247 560 4295 Piso
575 4252 746 4294 auctor
760 4249 847 4292 est.
873 4242 934 4290 cf.
948 4256 1079 4303 supr.
1092 4238 1125 4288 i.
1142 4252 1213 4301 13.
1278 4238 1411 4287 mine
1442 4237 1632 4301 generis
1663 4242 1714 4285 et
1745 4234 2062 4289 familiarum,
2083 4235 2140 4278 ut
2165 4244 2298 4293 supr.

214 4300 507 4375 Pion.ii.4a.
548 4308 841 4372 Heyniusin
862 4304 1217 4369 Opuso.Acad.
1283 4302 1345 4350 iv.
1376 4316 1421 4351 ι.
2321 4320 2340 4337 ·

212 4367 275 4418 ni.
308 4386 353 4433 p.
393 4376 497 4424 118.
530 4374 849 4436 sulphureum
886 4368 1096 4419 halitum
1140 4365 1221 4413 hic
