3000 4784
793 217 988 287 LIB.
1033 220 1158 287 IX.
1227 222 1450 291 CAP.
1495 229 1602 291 45.
2120 232 2247 296 553

101 356 494 435 :onsulem,
533 379 684 422 cum
711 356 973 421 vulnere
1013 357 1190 445 gravi
1227 356 1503 423 relatum
1542 358 1613 422 in
1650 369 1871 436 castra,
1902 373 2247 441 mortuum,
2268 379 2337 430 U.
2360 378 2420 429 ο.
2445 380 2556 440 448.

101 444 409 531 quidam
452 456 740 508 auctores
781 456 954 521 sunt,
989 457 1057 507 et
1097 442 1194 507 M.
1228 443 1527 509 Fulvium
1564 445 1635 509 in
1672 444 1885 510 locuin
1924 447 2062 511 eius
2095 470 2251 513 con·
2268 446 2328 493 Δ·
2362 445 2423 494 0·
2449 458 2558 507 304·

101 531 350 595 mlem
394 531 772 595 suffectum:
821 543 888 594 et
933 530 1014 595 ab
1061 553 1158 608 eo,
1197 553 1400 617 quum
1444 530 1531 595 ad
1574 533 1929 597 exercitum
1970 532 2250 599 Minucii

101 619 370 682 missus
413 630 598 695 esset,
629 616 989 681 Bovianum
1033 630 1307 705 captum.
1401 617 1652 683 Eodem
1696 640 1865 683 anno
1914 618 2089 699 Sora,
2120 622 2251 685 Ar-

101 706 389 791 pinum,
425 704 812 780 Censennia,
844 717 1102 791 recepta
1127 705 1208 768 ab
1243 704 1650 769 Samnitibus
1744 704 2045 771 Herculis
2075 729 2251 794 mag-

99 814 300 855 num
330 790 738 855 simulacrum
766 789 838 853 in
871 788 1194 877 Capitolio
1339 791 1500 855 itum
1530 790 2043 880 dedicatumque.

197 878 303 945 P.
343 875 625 965 Sulpicio
667 876 1060 955 Saverrione,
1098 876 1172 941 P.
1249 878 1581 965 cmpronio
1616 877 1833 965 Sopho
1860 879 2247 958 consulibuS,
2371 876 2477 937 45·

99 963 484 1041 Samnites,
525 986 640 1027 seu
677 964 894 1039 finem,
935 985 1050 1027 seu
1096 962 1468 1028 dilationem
1516 962 1667 1029 belli
1715 978 2113 1051 quaerenteS,
2154 966 2248 1031 le-
2270 958 2336 1008 U.
2359 960 2419 1008 0·
2442 974 2555 1023 449·

99 1064 324 1135 gatos
361 1049 442 1115 de
486 1072 644 1137 pace
683 1048 960 1113 Romam
1001 1047 1247 1113 misere.
1345 1049 1600 1123 Quibus
1644 1049 2016 1137 suppliciter
2054 1076 2247 1139 agen-
2264 1024 2327 1135 ²13⁶
2340 1024 2429 1135 32²1
2444 1037 2559 1135 ³523

99 1138 314 1201 tibus
360 1157 732 1222 responsum
776 1148 891 1211 est,
947 1141 968 1173 ‘
989 1133 1112 1197 nisi
1159 1156 1346 1220 saepe
1393 1134 1633 1198 bellum
1678 1148 1973 1220 parantes
2023 1160 2243 1223 pacem
2267 1125 2324 1199 P]
2341 1102 2578 1213 Seui'pro-⁹

99 1231 120 1261 ‘
145 1223 496 1309 petissent
528 1221 862 1297 Samnites,
887 1220 1172 1285 oratione
1201 1220 1370 1284 ultro
1400 1221 1688 1306 citroque
1718 1221 1951 1299 habita,
1976 1222 2057 1287 de
2088 1246 2245 1310 pace
2263 1214 2347 1262 ¹²³⁰
2363 1216 2503 1265 0⁰⁸⁸·

99 1318 118 1347 ‘
149 1308 450 1395 transigi
475 1307 791 1394 potuisse:
838 1328 1032 1383 nunc,
1057 1306 1316 1392 quando
1341 1307 1539 1371 verba
1564 1330 1726 1372 vana
1754 1307 1838 1372 ad
1864 1307 1934 1371 id
1963 1308 2245 1374 locorum
2262 1279 2553 1391 ssffffl

99 1404 124 1433 ‘
149 1395 444 1471 fuerint,
491 1395 680 1460 rebus
725 1392 1024 1457 standum
1073 1415 1225 1457 esse.
1318 1392 1391 1456 P.
1424 1392 1873 1481 Sempronium
1919 1395 2247 1460 consulem
2262 1406 2405 1455 nites.

100 1491 124 1521 ‘
153 1504 343 1547 cum
381 1480 668 1545 exercitu
707 1480 885 1545 brevi
923 1479 994 1543 in
1027 1478 1286 1543 Samnio
1315 1478 1488 1544 fore:
1539 1502 1709 1557 eum,
1740 1480 1823 1544 ad
1856 1480 2097 1545 bellum
2133 1506 2248 1569 pa-

103 1578 128 1607 ‘
153 1590 412 1633 cemne
451 1566 762 1631 inclinent
796 1565 1013 1642 animi,
1043 1565 1176 1629 falli
1219 1587 1351 1631 non
1394 1588 1617 1653 posse:
1666 1580 1991 1653 comperta
2032 1569 2249 1633 omnia

103 1664 127 1694 ‘
155 1654 436 1719 senatui
493 1653 880 1718 relaturum:
959 1651 1380 1717 decedentem
1451 1675 1535 1717 ex
1598 1652 1860 1718 Samnio
1917 1654 2247 1719 consulem

107 1750 130 1779 ‘
155 1741 382 1829 legati
425 1763 492 1805 se
539 1740 881 1804 uerentur.’
969 1737 1070 1803 Eo
1109 1761 1278 1803 anno
1363 1762 1521 1804 uum
1566 1753 1861 1827 pacatum
1914 1738 2245 1805 Samnium

105 1827 462 1893 exercitus
557 1848 842 1902 omanus,
871 1825 1148 1912 benigne
1233 1848 1338 1890 rae
1385 1827 1475 1891 ito
1512 1840 1889 1904 commeatu,
1920 1850 2247 1915 peragras-

105 1930 251 1992 set,
285 1914 516 1979 foedus
545 1914 884 2013 antiquum
917 1911 1186 1977 Samniti
1233 1935 1308 1977 us
1334 1912 1679 1978 redditum.

215 1999 344 2065 Ad
398 2000 662 2087 Aequos
717 1998 869 2063 mde
920 2012 1169 2063 veteres
1220 1998 1452 2077 hostes,
1506 2014 1786 2064 ceterum
1838 2022 1955 2087 per
2012 2000 2248 2064 multos

109 2109 346 2153 annos
391 2088 508 2151 sub
671 2085 769 2149 cie
820 2085 1056 2149 infidae
1229 2085 1280 2147 is
1331 2086 1601 2170 quietOS,
1652 2108 1834 2149 versa
1883 2107 2059 2149 arma
2110 2086 2247 2150 Ro-

113 2196 371 2239 mana:
447 2195 536 2259 qu
623 2219 642 2248 ,
711 2170 1016 2235 incolumi
1155 2169 1370 2233 emico
1445 2170 1726 2246 nomine,
1788 2169 2247 2234 missitaverant

115 2259 330 2325 simu]
361 2282 508 2323 cum
544 2258 624 2322 iis
655 2256 928 2322 Samniti
963 2255 1246 2331 auxilia3
1293 2268 1378 2331 et,
1409 2268 1555 2355 post
1582 2254 1899 2318 Hernicos
1934 2256 2244 2332 subact03,

119 2348 440 2411 universa
465 2366 664 2432 prope
692 2365 870 2431 genS,
902 2342 1038 2407 sine
1068 2341 1567 2406 dissimulatione
1598 2339 1843 2405 consilii
1871 2340 2130 2428 publici,
2162 2341 2245 2405 ad

117 2432 360 2498 hostes
398 2430 787 2495 desciveratz
835 2442 903 2495 et
943 2440 1300 2515 postquam,
1338 2428 1466 2493 icto
1510 2426 1756 2493 Romae
1800 2448 1949 2491 cum
1998 2426 2248 2491 Samni·-

123 2521 316 2585 tibus
341 2517 617 2595 foedere,
640 2516 886 2581 fetiales
906 2528 1214 2580 venerant
1239 2537 1340 2579 res
1366 2513 1730 2601 repetitum,
1766 2522 1785 2552 ‘
1802 2514 2248 2578 tentationem'

121 2607 400 2671 aiebant
443 2612 464 2643 ‘
485 2626 641 2681 esse,
680 2616 774 2680 ut,
815 2616 1052 2667 terrore
1099 2601 1352 2666 incusso
1397 2599 1571 2677 belli,
1619 2599 1947 2665 Romanos
1992 2622 2058 2663 se
2105 2599 2247 2663 fieri

125 2702 149 2732 ‘
267 2702 594 2757 terentur:
643 2688 819 2776 quod
861 2700 1256 2775 quantopere
1301 2686 1657 2787 optandum
1697 2686 1879 2764 foret,
1927 2684 2247 2749 Hernicos

129 2788 151 2817 ‘
227 2778 516 2844 ocuisse:
586 2798 808 2863 quum,
861 2774 1094 2874 quibus
1149 2773 1419 2851 licuerit,
1479 2795 1623 2837 suas
1680 2771 1855 2859 leges
1912 2772 2243 2836 Romanae

131 2875 152 2904 ‘
175 2864 430 2931 civitati
487 2874 1038 2950 praeoptaverint:
1109 2861 1340 2947 quibus
1397 2858 1676 2947 legendi,
1735 2858 1895 2959 quid
1958 2857 2241 2934 mallent,

130 2961 154 2991 ‘
177 2952 374 3039 copia
415 2972 548 3015 non
588 2948 800 3026 fuerit,
839 2969 956 3034 pro
1127 2970 1212 3011 na
1249 2940 1670 3011 ‘necessariam
1709 2946 2033 3010 civitatem
2070 2944 2245 3009 fore?

135 3039 252 3105 Ob
295 3036 454 3103 haec
491 3035 683 3121 vulgo
721 3035 792 3098 in
835 3056 1015 3099 conci
1039 3034 1116 3099 iis
1159 3033 1407 3111 iactata,
1437 3033 1713 3121 populus
1743 3032 2075 3098 Romanus
2109 3030 2245 3096 bel-
2263 3047 2463 3096 Bellum

131 3126 279 3189 lum
311 3124 448 3188 fieri
481 3122 729 3209 Aequis
755 3120 975 3185 iussit:
1024 3120 1440 3206 consulesque
1471 3121 1679 3196 ambe,
1710 3119 1793 3183 ad
1827 3140 2065 3182 novum
2098 3140 2245 3202 pro-
2262 3126 2376 3186 ⁰¹¹9
2400 3111 2493 3158 Ae-

131 3211 296 3277 fecti
325 3209 584 3286 bellum,
616 3219 918 3294 quattuor
945 3205 1144 3269 millia
1171 3228 1210 3269 a
1237 3205 1455 3270 castris
1489 3205 1770 3269 hostium
1798 3202 2241 3267 consederunt.
2261 3190 2385 3236 qma.

95 3299 524 3383 7Aequorum
559 3292 893 3369 exercitus,
930 3292 1034 3377 (ut
1063 3290 1176 3377 qui
1215 3314 1330 3355 suo
1369 3290 1629 3355 nomine
1664 3286 2012 3375 permultos
2047 3308 2249 3351 annos

135 3382 432 3448 imbelles
465 3378 774 3468 egissent)
816 3376 1226 3443 tumultuario
1265 3374 1508 3452 similis,
1549 3374 1685 3439 sine
1725 3372 1997 3438 ducibus
2035 3373 2245 3450 certis,

135 3471 282 3534 sine
339 3467 628 3555 imperio,
681 3464 1016 3551 trepidare.
1112 3461 1244 3527 Alii
1303 3460 1673 3527 exeundum
1730 3459 1799 3523 in
1855 3458 2079 3534 aciem,
2139 3458 2249 3523 alii

140 3570 350 3621 castra
399 3553 640 3619 tuenda
689 3563 992 3617 censent:
1063 3561 1276 3613 movet
1332 3546 1667 3635 plerosque
1720 3545 1985 3609 vastatio
2034 3543 2251 3610 futura

143 3662 462 3729 agrorum,
503 3663 578 3705 ac
617 3639 922 3723 deinceps
961 3657 1108 3701 cum
1148 3633 1394 3699 levibus
1431 3631 1762 3733 praesidiis
1802 3630 2057 3695 urbium
2100 3631 2249 3697 reli-

144 3742 394 3794 ctarum
438 3725 704 3791 excidia.
796 3722 1046 3810 Itaque,
1077 3732 1413 3807 postquam
1441 3731 1612 3783 mter
1639 3717 1869 3783 multas
1898 3719 2248 3785 sententias

146 3837 295 3892 una,
327 3836 516 3901 quae,
545 3811 778 3879 omissa
805 3832 958 3875 cura
984 3806 1440 3885 communium,
1471 3805 1554 3871 ad
1592 3818 1953 3893 respectum
1992 3828 2249 3873 suarum

215 4040 248 4091 6
278 4044 343 4093 P.
363 4042 648 4103 Sempronio
687 4039 848 4101 Sopho
923 4036 1061 4086 Huic
1103 4052 1166 4086 ex
1232 4038 1296 4085 ob
1349 4035 1581 4085 eximiam
1638 4036 1937 4085 Graecarum
1996 4032 2246 4080 literarum

151 4106 378 4154 omnibus
411 4104 653 4177 Romanis
683 4102 770 4151 uni
935 4120 960 4151 s·
993 4116 1170 4164 cogno-
1234 4099 1488 4149 scientiam
1510 4101 1573 4148 ab
1594 4096 2111 4175 aequalibus-inditum
2128 4100 2152 4143 Ρ

153 4170 566 4282 ωῗῦηῗωὶοῗὲἑῖ
595 4166 1166 4279 ζ’ὲῗζῗῑῗωῗόῗνξηῖἶ
1231 4160 2133 4288 ωέοζῖῗᾞῗο.“ἷῖζῖιέΐέθῖ.’ῗιῖ,]ο
2164 4158 2249 4269 ἓιῖ

156 4250 482 4359 ΐὸιωοῡής.
501 4294 641 4344 Iuris.
663 4295 824 4344 (ἔην.
883 4266 1034 4342 Unde
1057 4306 1169 4341 vero
1235 4306 1354 4339 num
1387 4290 1451 4338 de
1487 4289 1673 4351 Aequis
1711 4288 1895 4336 siletur.
1930 4286 1991 4336 cf.
2022 4302 2154 4349 supr.
2188 4284 2247 4336 vi.

160 4362 401 4411 Graecum
439 4372 728 4421 cognomen,
759 4357 855 4406 nisi
892 4356 1017 4405 forte
1055 4354 1171 4403 huic
1237 4372 1282 4413 4.
