3000 4784
678 206 797 267 148
1450 196 1677 264 ΤΙΤΙ
1737 197 1914 265 LIV
1927 196 2006 263 II

350 342 421 393 U.
444 343 501 394 ο.
528 344 637 405 287.
674 362 777 404 ros
809 356 985 438 ‘agro
1043 336 1255 402 dando
1305 348 1478 403 creat
1525 336 1604 401 T.
1664 335 2064 413 Quinctium,
2116 334 2199 401 A.
2252 335 2648 437 Virginium,
2694 334 2762 399 P-

350 408 413 518 ᾗ·
432 409 505 519 ξ·
530 406 639 469 465“
677 424 957 489 Furium.
1048 422 1211 487 Iussi
1254 423 1517 487 nomina
1559 422 1729 500 dare,
1768 424 1881 509 qui
1925 446 2148 510 agrum
2189 445 2474 509 accipere
2511 421 2764 485 vellent.

350 486 557 583 corioxiliff
680 510 857 575 Fecit
884 510 1115 587 statim,
1140 522 1215 575 ut
1241 509 1335 586 fit,
1366 508 1689 577 fastidium
1718 509 1928 595 copia3
1977 508 2264 594 adeoque
2339 508 2483 571 auci
2514 509 2770 572 nomina

349 598 622 648 deducitur.
677 596 931 673 dedere,
978 608 1052 660 ut
1094 596 1173 659 ad
1218 594 1612 681 explendum
1663 617 2000 659 numerum
2048 594 2259 661 coloni
2295 531 2533 659 R'olsci
2578 594 2770 657 adde-
2783 610 2814 658 6

674 694 927 746 rentur:
992 694 1203 747 cetera
1260 680 1603 746 multitudo
1654 703 1913 767 poscere
1977 680 2221 745 Romae
2281 702 2506 767 agrum
2565 679 2770 756 malle,

676 790 867 855 quam
898 768 1042 833 alibi
1086 768 1389 854 accipere.
1483 766 1700 853 Aequi
1741 790 1780 830 a
1823 766 1904 841 Q
1945 766 2142 831 Fabio
2170 767 2254 853 (is
2283 789 2360 830 eo
2401 789 2553 830 cum
2595 789 2774 830 exer-

678 854 809 918 citu
844 854 1132 941 venerat)
1160 876 1381 940 pacem
1410 854 1674 939 petiere,
1705 853 2073 939 irritamque
2116 876 2256 917 eam
2285 852 2408 939 ipsi
2435 854 2654 917 subita
2679 854 2772 917 in-

679 939 967 1005 cursione
1000 940 1068 1004 in
1099 962 1318 1026 agrum
1351 938 1657 1002 Latinum
1685 938 1912 1003 fecere.

477 1028 535 1087 2.
769 1025 850 1100 Q
890 1025 1189 1091 Servilius
1218 1025 1581 1111 insequenti
1611 1047 1779 1090 anno
1801 1025 1885 1111 (is
1913 1025 2084 1089 enim
2115 1048 2264 1089 cum
2299 1024 2405 1111 Sp.
2439 1024 2774 1089 Postumio

350 1110 419 1160 U·
444 1111 503 1160 0·
528 1110 635 1160 288.
676 1112 899 1176 consul
918 1112 1070 1197 fuit)
1094 1112 1161 1176 in
1192 1112 1458 1197 Aequos
1480 1111 1724 1188 misene,
1749 1110 1819 1173 in
1849 1112 2083 1176 Latino
2107 1134 2258 1211 agro
2281 1111 2511 1175 stativa
2527 1111 2770 1175 habuit.

350 1175 417 1294 a:
436 1173 641 1287 scerffifd
675 1197 855 1263 Intra
893 1210 1095 1263 castra
1133 1198 1314 1284 quies
1354 1197 1704 1261 necessaria
1737 1198 1958 1262 morbo
1997 1197 2376 1283 implicitum
2418 1197 2775 1261 exercitum

350 1304 425 1352 ΙΙ.
442 1304 656 1365 sp.Pos-
674 1286 897 1350 tenuit.
992 1284 1367 1369 Extractum
1396 1284 1463 1346 in
1490 1283 1748 1348 tertium
1779 1306 2016 1348 annum
2047 1283 2286 1348 bellum
2315 1296 2430 1359 est,
2461 1282 2548 1357 Q
2577 1282 2774 1347 Fabio

346 1365 502 1417 tumio
520 1369 656 1417 Coss.
674 1383 740 1435 et
776 1371 853 1436 T.
904 1370 1213 1446 Quinctio
1248 1368 1628 1434 consulibus·
1721 1368 1916 1433 Fabio
1952 1382 2133 1433 extra
2175 1368 2487 1446 ordinem,
2529 1370 2688 1455 quia
2725 1371 2776 1433 is

347 1430 416 1544 Η·
440 1432 500 1545 g
525 1434 635 1545 ²29·
671 1457 875 1522 victor
930 1480 1153 1544 pacem
1213 1456 1461 1541 Aequis
1512 1454 1792 1532 dederat,
1847 1478 1924 1520 ea
1973 1456 2300 1542 provincia
2349 1456 2516 1519 data.
2621 1455 2772 1532 Qui,
2792 1481 2818 1529 7

350 1532 416 1615 d
443 1512 637 1608 Fadio&
671 1542 845 1607 haud
888 1542 1084 1607 dubia
1132 1565 1243 1628 spe
1286 1541 1624 1627 profectus,
1670 1541 1902 1605 famam
1946 1542 2221 1605 nominis
2263 1542 2362 1605 sui
2405 1553 2774 1628 pacaturam

348 1622 423 1671 11.
441 1623 509 1697 ,Τ·
546 1686 559 1699 .
673 1628 957 1715 AequOS,
989 1628 1228 1715 legatos
1257 1628 1325 1691 in
1366 1626 1709 1691 concilium
1737 1628 1944 1713 gentis
1975 1629 2194 1691 missos
2223 1627 2520 1692 nuntiare
2554 1628 2769 1693 iussit:

349 1686 617 1801 ssssnffiss·
675 1722 695 1751 ‘
717 1713 798 1788 Q
834 1714 1101 1779 Fabium
1130 1712 1455 1778 consulem
1484 1713 1718 1790 dicere,
1751 1736 1818 1779 se
1849 1723 1930 1778 e'x
1961 1714 2210 1800 Aequis
2234 1735 2459 1800 pacem
2492 1712 2772 1778 Romam

344 1814 621 1875 Aequicum
676 1808 695 1837 ‘
713 1800 948 1876 tulisse,
994 1802 1074 1865 ab
1129 1798 1339 1864 Roma
1390 1800 1640 1885 Aequis
1685 1800 1925 1865 bellum
1976 1801 2218 1876 afferre,
2265 1799 2490 1864 eadem
2545 1800 2772 1865 dextra

344 1876 547 1927 benum.
677 1893 698 1923 ‘
714 1900 972 1963 armata,
1020 1908 1213 1972 quam
1256 1897 1542 1971 pacatam
1587 1886 1710 1949 illis
1754 1898 1942 1950 antea
1983 1886 2262 1950 dederat.
2361 1884 2666 1959 Quorum
2707 1886 2785 1957 id

676 1978 696 2009 ⁶
714 1970 981 2058 perfidia
1023 1986 1089 2037 et
1122 1970 1401 2058 periurio
1436 1971 1567 2048 fiat,
1605 1971 1760 2035 deos
1801 1994 1974 2035 nunc
2016 1983 2206 2036 testes
2243 1994 2397 2048 esse,
2437 1994 2594 2036 mox
2640 1974 2774 2037 fore

675 2065 695 2095 ‘
713 2057 965 2123 ultores·
1062 2057 1144 2123 Se
1187 2070 1422 2135 tamen,
1454 2069 1782 2144 utcunque
1827 2058 1928 2136 sit,
1971 2059 2161 2122 etiam
2208 2081 2397 2135 nunc,
2565 2058 2772 2123 nitere

675 2152 825 2208 ‘sua
852 2156 1077 2230 sponte
1109 2144 1391 2229 Aequos,
1425 2166 1618 2229 quam
1659 2145 1791 2229 pati
1825 2144 2096 2221 hostilia,
2141 2144 2342 2208 malle.
2488 2145 2507 2206 i
2547 2146 2774 2231 poeni-

675 2237 695 2267 ‘
712 2241 861 2306 teat,
896 2244 1106 2295 tutum
1144 2244 1475 2316 receptum
1515 2228 1598 2294 ad
1638 2242 1966 2316 expertam
2005 2229 2404 2295 clementiam
2445 2230 2622 2294 fore:
2673 2231 2772 2295 sin

675 2324 696 2354 ‘
709 2315 988 2401 periurio
1016 2315 1355 2402 gaudeant,
1388 2316 1510 2379 diis
1539 2338 1604 2379 m
1685 2318 1738 2379 is
1769 2316 1960 2393 iratis,
1995 2340 2186 2402 quam
2216 2316 2520 2392 hostibus,
2553 2330 2772 2403 gestu-

558 2450 569 2459 .
649 2393 808 2465 '‘ros
838 2402 1117 2467 bellum.'
1204 2400 1387 2466 Haec
1410 2400 1583 2466 dicta
1609 2426 1647 2467 a
1693 2425 1770 2467 eo
1801 2401 1962 2466 nihil
1992 2416 2326 2467 moverunt
2401 2424 2768 2489 uemquam,

666 2500 741 2553 ut
768 2487 827 2553 le
872 2489 960 2555 ati
988 2510 1185 2575 prope
1216 2488 1431 2554 violati
1460 2488 1607 2565 sint,
1641 2489 2080 2639 exercitusssue
2111 2489 2178 2552 in
2209 2488 2362 2575 Algi
2411 2511 2521 2552 um
2545 2488 2770 2553 adver·
2787 2510 2818 2556 s

666 2597 773 2639 sus
886 2598 1145 2640 omanos
1196 2574 1437 2639 missus·
1536 2574 1720 2649 Quae
1771 2575 1883 2639 ubi
2003 2598 2213 2638 omam
2259 2586 2406 2638 sunt
2453 2575 2770 2652 nuntiata,

665 2660 1011 2748 indignitas
1040 2662 1153 2737 rei,
1178 2661 1377 2747 magis
1406 2684 1599 2747 quam
1629 2660 2002 2747 periculum,
2027 2660 2349 2725 consulem
2383 2660 2660 2724 alterum
2690 2663 2768 2726 ab

666 2748 823 2811 urbe
864 2748 1115 2811 excivit.
1208 2745 1309 2809 Ita
1336 2746 1465 2809 duo
1500 2746 1863 2811 consulares
1903 2748 2221 2812 exercitus
2249 2746 2330 2810 ad
2370 2746 2624 2810 hostem
2665 2770 2772 2813 ac·

666 2854 907 2896 cessere
939 2833 1071 2895 acie
1102 2831 1425 2913 instructa,
1458 2844 1533 2894 ut
1562 2832 1892 2897 confestim
1915 2832 2307 2896 dimicarent.
2403 2831 2531 2895 Sed
2564 2856 2772 2919 quum

662 2916 825 2980 forte
856 2916 1029 2979 haud
1059 2915 1329 2979 multum
1354 2916 1483 2980 diei
1513 2930 1884 3003 superesset,
1909 2941 2074 2982 unus
2097 2919 2176 2981 ab
2194 2917 2460 2981 statione
2485 2918 2771 2983 hostium

666 3001 1011 3066 exclamatz
1064 3008 1083 3037 ⁶
1104 3000 1443 3092 Ostentare
1473 3001 1596 3065 hoc
1626 3014 1740 3079 est,
1769 3002 2065 3081 Romani,
2090 3026 2222 3067 non
2294 3025 2469 3067 erere
2501 3003 2766 3068 bellum.

668 3095 688 3125 ‘
704 3086 785 3151 In
821 3100 1075 3151 noctem
1110 3086 1553 3151 imminentem
1598 3088 1799 3153 aciem
1834 3089 2159 3153 instruitis,
2352 3089 2576 3175 ngiore
2623 3090 2770 3163 luce

668 3180 688 3212 ‘
704 3173 785 3237 ad
816 3173 884 3236 id
914 3186 1253 3249 certamen,
1279 3172 1455 3271 quod
1483 3173 1696 3251 instat,
1725 3175 1910 3239 nobis
1932 3198 2091 3261 opus
2121 3187 2232 3239 est.
2329 3173 2628 3241 Crastino
2657 3177 2768 3240 die

670 3260 949 3326 ‘oriente
996 3260 1127 3325 sole
1174 3257 1377 3323 redite
1416 3260 1495 3323 in
1547 3260 1783 3324 aciemt
1847 3261 1970 3325 erit
2019 3261 2203 3347 copia
2247 3262 2616 3347 pugnandi3
2681 3284 2767 3326 ne

669 3353 689 3383 ‘
707 3345 966 3409 timete.'
1055 3345 1179 3410 His
1208 3345 1467 3409 vocibus
1503 3346 1782 3415 irritatus
1811 3346 1992 3411 miles
2026 3347 2096 3409 in
2125 3346 2298 3411 diem
2325 3359 2653 3433 posterum
2695 3348 2768 3411 in

664 3443 865 3495 castra
892 3430 1233 3507 reducitur,
1266 3430 1522 3581 ¹⁰¹³ssssOE
1563 3432 1778 3495 venire
1819 3444 2071 3497 noctem
2102 3444 2292 3509 ratuS,
2325 3456 2487 3519 quae
2517 3455 2764 3497 moram
2781 3466 2811 3515 9

664 3516 993 3581 certamini
1042 3516 1291 3581 faceret.
1447 3538 1558 3581 um
1606 3517 1868 3604 quidem
1916 3540 2178 3605 corpora
2220 3519 2362 3584 cibo
2407 3541 2765 3607 somnoque

726 3676 758 3725 6
801 3680 975 3738 Volsci]
1014 3678 1223 3727 Fallitur
1242 3676 1323 3725 hic
1347 3677 1534 3737 Livius,
1557 3693 1674 3739 quo-
1738 3682 1905 3726 utrum
1956 3678 2313 3737 Romanorum,
2355 3694 2420 3726 an
2465 3678 2762 3728 Volscorum

660 3740 793 3789 niam
838 3741 1043 3789 Antium
1086 3742 1362 3791 Siculorum
1405 3742 1509 3789 sive
1553 3742 1674 3803 Tyr—
1739 3741 1863 3789 haec
1883 3742 2014 3803 regio
2036 3748 2180 3801 esset,
2199 3742 2384 3805 quippe
2405 3757 2533 3803 quae
2555 3743 2766 3793 Latinos

658 3803 919 3851 rhenorum
953 3805 1189 3866 oppidum
1216 3805 1327 3862 fuit,
1349 3806 1481 3865 quod
1506 3804 1676 3852 Volsci
1737 3806 1802 3852 ab
1830 3805 2078 3866 Hernicis,
2101 3806 2310 3853 Volscos
2340 3808 2402 3854 ab
2426 3806 2614 3868 Aequis
2645 3807 2764 3855 diri-

660 3868 879 3915 edvenee
900 3867 949 3915 vi
974 3872 1311 3929 occupassent,
1332 3867 1433 3915 iam
1455 3882 1569 3915 vero
1589 3883 1672 3915 ex·
1738 3874 1910 3929 meret,
1931 3884 2024 3917 nec
2055 3869 2146 3917 nisi
2183 3869 2387 3917 circuitu
2420 3871 2567 3932 longo
2595 3872 2760 3919 mutui

658 3930 789 3991 pulsi
812 3945 995 3992 poenas
1014 3932 1275 3981 dedissent.
1735 3932 1907 3980 auxilii
1923 3933 2132 3981 invicem
2155 3932 2316 3981 aditus
2340 3933 2401 3981 iis
2419 3933 2648 3996 gentibus
2669 3950 2761 3996 pa—

728 4004 754 4053 7
784 3996 1028 4053 Dederat]
1052 3994 1265 4055 Obliqua
1282 3994 1455 4053 oratic,
1471 4001 1528 4041 ut
1543 3996 1670 4045 bene
1735 4000 1875 4045 teret.

658 4057 880 4106 observat
919 4058 1127 4117 Duker.,
1164 4058 1437 4107 deddeme
1480 4057 1673 4107 videtur
1807 4074 1840 4122 9
1878 4062 2098 4122 Lonaam
2140 4062 2307 4110 venire
2355 4068 2541 4110 noctem
2583 4063 2756 4121 ratu-⁸]

655 4123 855 4171 dederit.
892 4122 1059 4171 Dona.
1124 4121 1223 4171 Sed
1254 4121 1433 4185 passim
1456 4137 1538 4183 ap.
1563 4122 1669 4171 Liv.
1735 4122 1878 4171 Adeo
1899 4124 2070 4173 avidus
2091 4138 2301 4187 pugnae,
2323 4130 2380 4172 ut
2401 4130 2614 4183 noctem,
2629 4140 2760 4187 quae

657 4190 708 4232 et
729 4184 890 4234 Tacit.
911 4185 1199 4235 indicativo-
1228 4185 1281 4234 in
1310 4185 1531 4235 emtione
1552 4185 1674 4235 obli-
1735 4186 2039 4246 adventaret,
2061 4188 2257 4249 longam
2279 4187 2370 4235 eibi
2397 4186 2620 4249 fingeret,
2640 4187 2762 4250 quia

656 4263 759 4308 qua
776 4248 960 4310 poeitae
980 4250 1233 4299 habemus.
1500 4288 1507 4296 l
1735 4264 1924 4299 moram
1947 4251 2202 4301 certamini
2222 4256 2351 4300 emet
2371 4251 2576 4301 factura.

728 4312 759 4361 8
797 4314 1057 4374 Alpidum]
1119 4312 1379 4375 Permagni
1422 4313 1672 4373 intererat,

1504 4550 1520 4579 Ι
