3000 4784
698 226 819 287 198
1474 214 1698 281 TITI
1751 212 2025 279 LIVII

372 380 439 430 U.
463 382 521 429 c,
550 390 655 441 305·
695 372 887 442 atque
918 354 1007 418 ibi
1038 354 1117 417 ab
1140 351 1310 416 lanio
1338 351 1544 416 cultro
1567 363 1838 437 arrepto,
1873 359 1894 387 ⁶
1914 347 2060 413 Hoc
2085 360 2147 413 te
2171 370 2323 426 uno,
2347 372 2481 435 quo
2501 349 2820 436 pomumj

370 446 432 493 A.
466 446 525 493 C·
549 454 659 517 54⁷·
697 443 806 519 ait,
861 450 882 478 ‘
904 439 1114 516 modo,
1160 438 1309 515 filia,
1356 438 1426 500 in
1475 436 1836 501 libertatem
1897 435 2190 499 vindico.'
2277 434 2516 499 Pectus
2561 434 2818 499 deinde

374 507 674 619 ᾉξζὸἓζξζί
696 526 945 615 puellae
976 524 1327 611 transfigit3
1376 536 1863 621 respectansque
1893 521 1978 585 ad
2007 521 2306 599 tribunal,
2354 530 2375 559 ⁶
2395 521 2538 598 Te‚’
2567 521 2820 607 inquit,

374 634 461 685 dit.
701 623 720 652 ⁶
745 612 942 698 Appi,
973 624 1282 695 tuumque
1328 620 1520 695 caput
1558 629 1865 695 sanguine
1905 608 2028 671 hoc
2067 607 2406 671 consecro.’
2497 606 2822 671 Clamore

700 700 783 763 ad
833 710 963 761 tam
1015 708 1195 760 atrox
1246 694 1489 759 facinus
1541 706 1681 758 orto
1727 693 1973 757 excitus
2021 694 2294 779 Appius,
2343 692 2824 778 comprehendi

701 782 1067 870 Virginium
1094 782 1290 846 iubet.
1381 780 1499 844 Ille
1529 779 1714 857 ferro,
1744 800 2130 865 quacunque
2171 780 2322 857 ibat,
2352 778 2521 843 viam
2547 778 2818 842 facere:

702 870 927 946 donec,
952 867 1361 931 multitudine
1392 868 1584 930 etiam
1613 865 2135 952 prosequentium
2164 876 2408 941 tuente,
2439 864 2518 927 ad
2549 876 2824 949 portam

787 954 1001 1018 rrexit.
1114 951 1332 1017 Icilius
1392 951 1922 1036 Numitoriusque
1981 970 2304 1037 exsangue
2362 971 2608 1049 corpus
2653 949 2823 1012 sub-

703 978 905 1104 iaetum
954 1050 1277 1103 ostentant
1323 1036 1601 1124 populo:
1666 1036 1871 1101 scelus
1911 1035 2131 1122 Appii,
2177 1034 2427 1123 puellae
2477 1033 2822 1099 infelicem

703 1127 989 1201 formam,
1010 1123 1450 1188 necessitatem
1466 1121 1663 1207 patris
1679 1121 2030 1207 deplorant.
2097 1120 2452 1207 Sequentes
2473 1118 2824 1185 clamitant

706 1223 1050 1287 matronae,
1090 1217 1109 1247 ⁶
1128 1208 1372 1272 Eamne
1394 1207 1738 1271 liberorum
1759 1206 2292 1293 procreandorum
2317 1206 2768 1272 conditionem
2785 1206 2820 1270 ἶ)

708 1306 728 1335 ⁶
749 1320 829 1362 ea
852 1295 1197 1395 pudicitiae
1227 1294 1510 1380 praemia
1537 1314 1670 1356 esse
1688 1293 1744 1355 ?’
1773 1305 2130 1377 ceteraque,
2151 1312 2315 1379 quae
2337 1293 2408 1356 in
2425 1292 2538 1357 tali
2565 1314 2638 1356 re
2659 1312 2818 1355 mu-

707 1382 923 1447 liebris
951 1381 1153 1458 dolor,
1184 1402 1314 1466 quo
1348 1392 1445 1444 est
1478 1378 1774 1443 maestior
1811 1378 2130 1442 imbecillo
2169 1377 2403 1456 animo,
2433 1400 2513 1442 eo
2541 1378 2818 1441 misera-

707 1467 861 1531 bilia
918 1466 1119 1552 magis
1175 1464 1588 1551 querentibus
1645 1463 1916 1528 subiicit.
2037 1462 2341 1527 Virorum
2399 1480 2466 1527 et
2521 1462 2819 1527 maxime

708 1551 877 1617 Icilii
922 1574 1048 1615 vox
1096 1563 1248 1627 tota,
1296 1549 1670 1649 tribuniciae
1717 1548 2056 1649 potestatis·
2089 1570 2171 1649 aq
2213 1549 2680 1648 proyocationis
2729 1548 2822 1613 ad

488 1744 593 1801 49,
709 1634 2108 1807 &ffiffimeffiffadfgfflffifflssffl
2117 1634 2818 1808 ..5¹¹51'2‘522‘3np‘233m2232

386 1826 509 1873 otta
526 1824 641 1898 infla
792 1829 826 1870 r
854 1808 1245 1871 occasionem
1276 1807 1663 1893 repetendae
1691 1806 2014 1871 libertatis
2108 1806 2359 1893 Appius
2387 1828 2560 1871 nunc
2587 1808 2820 1871 vocari

384 1894 667 1936 certamina.
744 1892 983 1970 cilium,
1014 1914 1189 1955 nunc
1234 1904 1679 1956 retractantem
1726 1892 1957 1978 arripi3
2003 1904 2342 1992 postremo,
2379 1914 2580 1979 quum
2626 1891 2820 1957 locus
2837 1908 2868 1959 5

592 2001 595 2004 ·
708 1978 991 2043 adeundi
1032 1977 1493 2063 apparitoribus
1535 2000 1669 2043 non
1713 1978 1987 2055 daretur,
2017 2000 2173 2064 ipse,
2203 2000 2352 2043 cum
2395 1978 2650 2063 agmine
2695 2000 2822 2064 pa-

710 2064 1035 2129 triciorum
1093 2064 1395 2128 iuvenum
1537 2086 1572 2127 r
1623 2064 1870 2128 turbam
1920 2064 2180 2141 vadem,
2229 2063 2296 2127 in
2347 2063 2605 2127 vincula
2651 2063 2820 2129 duci

710 2151 905 2215 iubet.
996 2148 1137 2214 Iam
1164 2149 1333 2214 circa
1360 2086 1615 2214 Iciffim
1655 2172 1786 2213 non
1825 2149 2032 2213 solum
2071 2149 2435 2228 multitudo,
2464 2149 2578 2213 sed
2607 2149 2821 2215 duces

710 2258 967 2385 quoqu
998 2234 1429 2385 multitudiniss·
1454 2248 1636 2336 erant
1665 2236 1742 2299 L.
1757 2234 2052 2335 Valerius
2079 2247 2148 2383 g}
2169 2234 2266 2299 M.
2283 2234 2591 2300 Horatius
2607 2236 2818 2336 ‘fini’

1320 2330 1339 2359 6

710 2344 1008 2471 5331...
1019 2333 1364 2483 stffissffam
1414 2344 1663 2471 2533„
1682 2333 1915 2471 3⁶32
1945 2342 2299 2484 02²5&ss
2327 2344 2420 2471 iffi
2469 2335 2820 2493 “uoffiassss

711 2502 732 2530 ⁶
754 2492 928 2558 haud
974 2494 1244 2580 impares
1282 2492 1455 2557 fore?
1545 2492 1722 2557 Hinc
1759 2505 1941 2555 atrox
1979 2493 2122 2556 rixa
2165 2492 2382 2557 oritur.
2537 2492 2819 2557 alerium

714 2577 1183 2665 Horatiumque
1223 2578 1408 2643 lictor
1445 2578 1790 2643 decemviri
1833 2577 2114 2642 invadit:
2159 2578 2197 2642 f
2387 2591 2540 2643 ntur
2567 2600 2608 2643 a
2641 2579 2820 2643 mul-

714 2665 986 2730 titudine
1016 2664 1228 2729 fasces.
1308 2664 1387 2728 In
1409 2664 1782 2729 concionem
1807 2662 2062 2763 Appius
2091 2686 2276 2728 ascen
2325 2664 2409 2729 ’tt
2452 2678 2820 2763 sequuntur

716 2748 1023 2814 Horatius
1052 2749 1491 2835 Valeriusque.
1587 2748 1716 2814 Eos
1758 2771 1981 2813 conclo
2024 2750 2241 2814 audit:
2291 2750 2652 2815 decemviro
2693 2752 2817 2815 ob—

714 2836 1029 2920 strepitur.
1122 2833 1259 2898 Iam
1302 2856 1419 2919 pro
1462 2836 1730 2921 imperio
1774 2834 2068 2899 Valerius
2111 2835 2437 2901 discedere
2479 2860 2520 2900 a
2559 2834 2818 2923 privato

389 2936 581 2999 Appius
590 2938 697 2997 pul·
714 2918 967 2982 lictores
1009 2920 1304 2983 iubebat:
1354 2941 1575 3004 quum,
1607 2920 1819 2984 fractis
1862 2920 2106 2998 animis,
2141 2920 2413 3007 Appius,
2459 2922 2624 2985 vitae
2673 2942 2819 2987 me-

388 3016 469 3049 ⁸¹¹¹⁵
492 3004 608 3050 ¹¹0¹·0·
714 3016 916 3079 tuens,
967 3004 1033 3066 in
1075 3003 1336 3067 domum
1384 3026 1451 3068 se
1498 3007 1922 3103 propinquam
1958 3006 2116 3085 foro,
2159 3007 2372 3071 insciis
2417 3008 2816 3085 adversar-iia,

712 3088 918 3176 capite
964 3088 1281 3167 obvoluto,
1320 3102 1576 3175 recep1t.
1674 3090 1779 3177 Sp.
1818 3092 2086 3177 Oppius,
2125 3104 2198 3156 ut
2241 3092 2482 3157 auxilio
2525 3092 2815 3180 collegae

712 3189 893 3252 esset,
915 3175 982 3239 in
1013 3174 1220 3239 forum
1249 3198 1333 3240 ex
1360 3175 1561 3239 altera
1587 3191 1764 3262 parte
1795 3178 2128 3264 irrumpit:
2167 3178 2345 3242 videt
2367 3178 2710 3265 imperium
2741 3180 2810 3242 vi

711 3264 969 3325 victum.
1063 3262 1362 3348 Agitatus
1390 3262 1626 3325 deinde
1668 3262 1967 3338 consilii8‚
1997 3264 2079 3326 ad
2109 3286 2272 3348 quae
2309 3286 2391 3327 ex
2421 3264 2596 3327 omni
2626 3281 2812 3350 parte
2829 3284 2860 3333 6

712 3347 1114 3413 assentiendo
1162 3347 1378 3411 multis
1436 3349 1796 3412 auctoribus
1843 3348 2286 3434 trepidaverat,
2341 3360 2632 3413 senatum
2692 3342 2813 3436 po-

711 3444 943 3494 stremo
986 3432 1193 3495 vocari
1238 3432 1434 3496 iussit.
1531 3432 1629 3497 Ea
1669 3456 1788 3509 res,
1821 3434 1995 3519 quod
2037 3456 2300 3520 magnae
2343 3436 2512 3521 parti
2540 3434 2810 3499 Pati-um

710 3515 1041 3614 displicere
1084 3530 1225 3581 acta
1249 3518 1750 3583 decemvirorum
1779 3518 2178 3597 videbantur,
2211 3542 2320 3605 spe
2361 3542 2477 3606 per
2514 3534 2810 3585 senatum

714 3601 1030 3666 timendae
1062 3604 1389 3689 potestatis
1418 3604 1555 3668 eius
1583 3604 2060 3668 multitudinem
2091 3604 2350 3669 sedavit.

801 3686 1069 3752 Senatus
1098 3710 1221 3753 neo
1248 3689 1500 3775 plebem
1531 3688 1898 3753 irritandam
1927 3691 2218 3767 censuit3
2265 3705 2332 3755 et
2372 3688 2576 3755 multo
2605 3690 2812 3778 magis

779 3952 805 3999 5
860 3941 1249 3998 Beer-uocantem]
1359 3940 1722 3986 Detrectautem
1791 3936 2158 3985 Drakenborch.
2173 3938 2364 3999 legend.
2381 3940 2502 3987 vult.
2543 3942 2811 4001 Trepidam

714 4004 823 4050 vult
852 4002 1067 4051 Gronov.
1098 4002 1184 4049 sed
1218 4000 1341 4048 nihil
1377 4016 1503 4061 opus
1537 4006 1624 4049 est.
1660 4000 1721 4048 cf.
1787 3999 1870 4047 hic
1894 4015 1992 4048 non
2025 4000 2368 4061 accipiendum
2401 4008 2476 4049 est
2507 4017 2596 4064 pro
2623 4010 2811 4054 tenore

710 4066 820 4115 infr.
845 4078 921 4129 52.
992 4066 1128 4127 Virg.
1151 4066 1275 4114 Aen.
1299 4063 1381 4113 xii.
1406 4064 1517 4127 889.
1787 4066 1994 4123 concuti,
2037 4066 2122 4112 sed
2167 4066 2230 4112 de
2276 4080 2336 4113 eo
2373 4065 2570 4124 dicitur,
2605 4067 2692 4127 qui
2737 4068 2807 4115 in-

775 4129 807 4180 6
838 4132 925 4179 Aa
964 4144 1089 4191 quae
1128 4145 1192 4177 ea·
1236 4130 1366 4175 muni
1404 4128 1576 4188 parce]
1639 4128 1719 4174 Ita
1783 4132 1944 4175 certus
1983 4126 2154 4186 animi,
2191 4130 2338 4177 modo
2377 4128 2509 4187 huic,
2541 4132 2693 4179 modo
2735 4131 2810 4178 illi

710 4208 905 4253 quoque
940 4192 1121 4240 Stroth.
1172 4198 1319 4251 atqua
1350 4226 1361 4238 .
1386 4224 1398 4238 .
1423 4226 1436 4238 .
1462 4226 1473 4238 .
1505 4192 1716 4250 trepida·
1784 4190 1984 4239 oonsilio
2026 4191 2311 4249 assentiens,
2350 4193 2400 4239 in
2445 4198 2610 4253 partes
2657 4194 2811 4241 varias

710 4264 862 4304 verat.
890 4255 1101 4302 Bekker.
1138 4260 1283 4315 atq-uo
1305 4289 1317 4301 .
1340 4288 1353 4301 .
1380 4288 1391 4301 .
1418 4288 1429 4299 .
1454 4255 1646 4313 trepida
1667 4256 1723 4301 in
1785 4254 1984 4315 rapitur.
2065 4258 2417 4317 Trepidaverat
2436 4296 2444 4301 .
2471 4256 2520 4305 in
2579 4257 2808 4306 omnibus

711 4332 783 4375 re,
834 4318 911 4365 vel
962 4324 1217 4379 postquam
1238 4350 1253 4364 .
1278 4350 1290 4363 .
1312 4348 1329 4365 .
1352 4351 1365 4365 .
1390 4318 1722 4376 trepidaverat
1786 4317 1933 4366 MSS.
2765 4318 2770 4323 “
