3000 4784
395 594 564 644 Potitii
587 603 638 645 et

393 659 592 710 Pinarii.

511 1450 550 1511 8

727 187 802 247 12
1497 183 1722 250 ΤΙΤΙ
1782 182 2053 249 LIVII

719 320 820 385 Ibi
850 334 988 384 tum
1016 321 1292 421 primum
1321 321 1483 386 bove
1520 321 1755 386 eximia
1792 334 1976 407 capta
2013 320 2097 384 de
2362 341 2609 384 sacrum
2643 316 2831 384 Her·-

718 405 864 484 culi,
895 406 1194 472 adhibitis
1221 407 1304 472 ad
1332 408 1751 473 ministerium
1772 407 2129 494 dapemque
2211 407 2405 471 otitiis
2424 429 2499 472 ac
2516 405 2827 482 Pinariis,

763 517 882 558 uae
935 507 1074 558 tum
1122 494 1394 558 familiae
1445 494 1721 559 maxime
1772 494 2049 559 inclutae
2102 517 2179 558 ea
2232 493 2374 558 loca
2427 491 2827 569 incolebant,

716 516 971 644 gotum.
1031 580 1218 646 Forte
1237 582 1326 646 ita
1342 583 1577 660 evenit,
1600 594 1675 646 ut
1696 581 1919 645 Potitii
1938 580 2021 645 ad
2039 593 2289 668 tempus
2310 593 2559 681 praesto
2580 591 2827 656 essent,

716 666 924 753 iisque
954 681 1104 732 exta
1130 682 1628 755 apponerentur3
1668 666 1928 744 Pinarii,
1970 667 2135 731 extis
2163 667 2387 743 adesls,
2424 666 2507 730 ad
2536 679 2828 731 ceteram

719 755 1011 818 venirent
1039 753 1286 842 dapem.
1383 754 1547 819 Inde
1576 754 1939 818 institutum
1966 754 2217 831 mansit,
2248 753 2454 818 donec
2482 752 2829 817 Pinarium
2846 759 2879 810 6

763 862 920 904 enus
961 840 1102 917 fuit,
1147 863 1230 905 ne
1273 841 1438 905 extis
1495 841 1877 906 sollennium
1932 852 2355 905 vescerentur.
2444 839 2689 916 Potitii,
2736 839 2827 903 ab

717 863 1020 992 §Evandro
1049 927 1278 1004 edocti,
1311 928 1622 992 antistites
1655 927 1815 992 sacri
1843 927 1981 991 eius
2007 948 2125 1014 per
2152 926 2381 992 multas
2408 938 2649 992 aetates
2676 925 2829 990 fue-

719 1026 897 1078 runt=
936 1013 1162 1091 donec,
1199 1013 1431 1078 tradito
1465 1015 1659 1078 servis
1696 1013 1967 1100 publicis
1994 1013 2265 1078 sollenni
2292 1012 2565 1078 familiae
2595 1012 2825 1076 minis-

719 1099 903 1178 terio,
952 1121 1155 1186 genus
1201 1123 1390 1165 omne
1442 1100 1825 1165 Potitiorum
1866 1099 2129 1165 interiit.
2221 1098 2403 1164 Haec
2453 1112 2590 1164 tum
2640 1120 2827 1164 sacra

723 1185 1038 1250 Romulus
1067 1209 1197 1252 una
1221 1210 1306 1252 ex
1333 1186 1629 1252 omnibus
1656 1187 1991 1274 peregrina
2027 1186 2333 1273 suscepit3
2370 1186 2497 1250 iam
2526 1199 2667 1250 tum
2694 1185 2825 1250 im-

721 1273 1118 1422 zortalitatis
1143 1275 1376 1339 virtute
1405 1286 1643 1361 partae,
1674 1273 1757 1338 ad
1786 1295 1978 1361 quam
2005 1295 2155 1338 eum
2184 1293 2299 1337 sua
2324 1273 2453 1338 fata
2472 1272 2821 1352 ducebant,

785 1372 944 1424 utor.

810 1445 1032 1511 Rebus
1069 1446 1300 1516 divinis
1349 1447 1470 1511 rite
1600 1446 1911 1546 rpem-ada,
1958 1459 2305 1546 vocataque
2346 1445 2429 1510 ad
2474 1443 2823 1511 concilium

393 1493 684 1596 Rempinbli-
721 1531 1154 1611 multitudine,
1186 1556 1350 1620 quae
1389 1555 1466 1597 co
1526 1555 1737 1597 escere
1777 1555 1846 1596 m
1888 1533 2111 1620 popuh
2148 1555 2337 1597 umus
2372 1553 2603 1620 corpus
2638 1531 2825 1596 nulla

394 1613 504 1646 cam
515 1598 707 1647 ordinat
725 1617 748 1629 τ

395 1663 656 1713 Romulus.

395 2488 584 2539 Urbem
605 2507 690 2541 au-

721 1639 812 1694 re,
871 1631 1296 1706 praeterquam
1353 1617 1622 1706 legibue,
1681 1631 1951 1706 poterat,
2011 1619 2152 1683 iura
2215 1618 2429 1684 dedit:
2502 1641 2667 1705 quae
2726 1619 2824 1683 ita

719 1717 937 1769 sancta
961 1706 1184 1805 generi
1212 1705 1544 1770 hominum
1572 1706 1805 1792 agresti
1832 1705 1965 1771 fore
1994 1719 2185 1783 ratuS,
2216 1705 2271 1770 si
2298 1729 2366 1770 se
2394 1705 2531 1793 ipse
2552 1727 2823 1771 venera-

718 1790 915 1856 bilem
961 1791 1314 1879 insignibus
1363 1792 1616 1880 imperii
1656 1791 1926 1870 fecisset,
1974 1815 2177 1879 quum
2218 1805 2431 1857 cetero
2480 1792 2707 1858 habitu
2748 1815 2823 1856 se

719 1877 1168 1978 augustiorem,
1225 1891 1362 1944 tum
1416 1878 1692 1944 maxime
1745 1879 2073 1944 lictoribus
2124 1878 2466 1944 duodecim
2524 1879 2819 1966 sumptiS,
2842 1896 2877 1948 7

719 1963 888 2029 feclt.
981 1964 1120 2029 Alii
1161 1966 1241 2031 ab
1284 1988 1553 2030 numero
1586 1966 1819 2042 avium,
1849 1987 2013 2052 quae
2057 1965 2323 2052 augurio
2360 1988 2629 2053 regnum
2669 1987 2823 2052 por·

719 2050 1076 2129 tenderant,
1135 2074 1285 2116 eum
1341 2065 1630 2117 secutum
1698 2073 2036 2116 numerum
2102 2063 2346 2139 putant.
2468 2051 2585 2116 Me
2642 2051 2823 2116 haud

767 2137 1011 2203 oenitet
1060 2160 1279 2203 eorum
1329 2139 1683 2204 sententiae
1730 2161 1886 2216 esse,
1928 2138 2160 2225 quibus
2202 2152 2269 2204 et
2312 2138 2701 2239 apparitores
2750 2151 2822 2203 et
2838 2152 2873 2200 8

769 2246 846 2288 oo
884 2246 1086 2310 genus
1131 2225 1212 2290 ab
1257 2225 1543 2290 Etruscis
1588 2224 1894 2302 finitimis,
1935 2224 2108 2289 unde
2154 2224 2309 2290 sella
2345 2225 2601 2302 curuhs,
2640 2225 2819 2290 unde
2838 2245 2873 2297 9
2975 2229 2976 2234 ’

721 2322 871 2396 toga
905 2322 1239 2396 praetexta
1279 2334 1420 2376 sum
1467 2324 1533 2376 ta
1581 2323 1697 2388 est,
1737 2332 2075 2376 numerum
2114 2334 2245 2399 quo
2290 2335 2373 2376 ue
2412 2313 2621 2400 ipsum
2658 2312 2822 2377 duc-
2844 2331 2865 2366 1

722 2409 860 2461 tum
948 2396 1146 2462 lacet:
1195 2410 1264 2462 et
1299 2399 1392 2462 ita
1421 2333 1723 2463 babuisse
1755 2396 2075 2476 Etruscos,
2116 2421 2206 2485 qu
2291 2445 2310 2476 ,
2347 2421 2431 2464 ex
2474 2398 2819 2463 duodecim
2837 2427 2869 2462 α

719 2506 854 2635 1)ουὶ
923 2483 937 2497 ”
1033 2485 1460 2550 communiter
1524 2497 1736 2550 creato
1804 2507 1873 2549 re
1953 2532 1974 2563 ,
2037 2484 2319 2572 singulos
2392 2485 2626 2572 singuli
2700 2507 2821 2573 po-

719 2593 764 2658 p
836 2571 850 2585 ‘
912 2570 1164 2636 lictores
1206 2571 1521 2638 dederint.
1644 2570 1878 2638 Cresce
1924 2583 1989 2638 at
2049 2572 2307 2636 interim
2370 2573 2539 2651 urbs,
2606 2572 2820 2637 muni-

721 2658 1000 2723 tionibus
1059 2657 1184 2722 alia
1229 2671 1422 2746 atque
1472 2659 1598 2724 alia
1642 2657 2003 2745 appetendo
2048 2658 2207 2738 loca,
2258 2680 2459 2745 quum
2516 2659 2584 2723 in
2636 2681 2819 2747 spem

719 2745 919 2831 magis
961 2743 1210 2809 futurae
1255 2744 1702 2821 multitudini&
1780 2767 1927 2808 uam
1970 2743 2053 2808 ad
2092 2743 2181 2823 id,
2219 2745 2397 2832 quod
2436 2757 2571 2809 tum
2612 2745 2820 2810 homi-

717 2853 876 2894 num
919 2843 1074 2907 erat,
1127 2829 1470 2894 munirent.
1562 2830 1739 2894 Dein
1783 2853 1841 2907 e,
1885 2853 1969 2894 ne
2013 2853 2178 2895 vana
2221 2832 2396 2897 urbis
2445 2831 2819 2919 magnitudo

717 2928 902 2993 esset,
927 2914 1299 2980 alliciendae
1330 2914 1757 2980 multitudinis
1786 2939 1991 2994 causa,
2013 2929 2227 2982 vetere
2251 2917 2515 2984 consilio
2536 2918 2819 2984 conden-

719 3002 881 3066 tium
910 3003 1117 3078 urbes,
1159 3002 1292 3088 qui,
1325 3002 1655 3066 obscuram
1694 3015 1887 3089 atque
1918 3002 2226 3068 humilem
2255 3004 2608 3070 conciendo
2636 3005 2723 3070 ad
2750 3029 2816 3072 se

716 3087 1213 3166 multitudinem,
1256 3101 1472 3154 natam
1512 3111 1549 3153 e
1601 3101 1768 3154 terra
1806 3089 1925 3154 sibi
1978 3090 2223 3177 prolem
2274 3092 2812 3170 ementiebantur3

715 3174 948 3252 locum,
990 3175 1103 3262 qui
1149 3198 1325 3241 nunc
1367 3187 1624 3264 saeptus
1662 3175 2197 3242 descendentibus
2232 3177 2401 3242 inter
2438 3177 2599 3242 duos
2637 3177 2815 3245 lucos
2832 3195 2863 3244 3

780 3311 812 3362 6
844 3315 1037 3374 Donec]
1076 3313 1192 3363 vid.
1215 3313 1324 3363 infr.
1346 3313 1412 3363 ix,
1437 3329 1518 3378 29,
1538 3319 1589 3362 et
1610 3329 1736 3376 quae
1800 3312 2023 3362 Gellium
2038 3311 2105 3362 iii.
2130 3315 2203 3362 18.
2224 3329 2256 3362 a
2275 3329 2431 3363 curru
2448 3335 2464 3364 .·
2502 3315 2618 3376 quia
2638 3329 2817 3379 nempe

719 3375 926 3428 Niebhr.
949 3379 1012 3426 de
1033 3378 1128 3426 hac
1147 3393 1202 3427 re
1222 3377 1431 3427 coniecit
1452 3378 1483 3427 i.
1508 3393 1556 3440 p.
1581 3379 1658 3440 87.
1799 3377 1836 3425 ii
1852 3379 2028 3438 quibus
2046 3377 2137 3426 illa
2155 3379 2325 3427 utendi
2348 3379 2423 3426 ius
2443 3385 2564 3438 erat,
2580 3393 2689 3428 eam
2713 3395 2815 3430 cur-

788 3453 815 3503 7
846 3443 1140 3502 lictoribus]
1189 3444 1402 3492 motum
1435 3441 1739 3502 dicebantur,
1800 3441 1875 3490 rui
1918 3457 2017 3504 quo
2061 3442 2361 3491 vehebantur
2399 3443 2653 3506 imponere
2692 3446 2814 3494 sole-

718 3511 844 3554 teste
869 3507 1034 3565 Festo,
1058 3507 1190 3568 quod
1221 3507 1375 3555 fasces
1408 3506 1649 3568 virgarum
1681 3509 1737 3554 12·-
1800 3511 1923 3556 rent.
1956 3507 2117 3556 Cnnv.

710 3577 850 3633 yacus
883 3571 1219 3632 praeferebant
1249 3571 1457 3633 regibus,
1476 3585 1537 3618 ac
1559 3570 1737 3620 deinde
1869 3583 1889 3618 1
1931 3571 2060 3631 Toya
2093 3571 2375 3632 praetexta]
2448 3573 2583 3634 Taya·
2622 3573 2817 3636 propria

715 3634 1076 3697 magistratibus
1104 3635 1165 3683 iis
1184 3635 1270 3696 qui
1300 3634 1563 3697 imperium
1588 3634 1735 3682 habe-
1800 3633 2135 3683 Romanorum
2158 3635 2321 3693 vestis,
2341 3635 2455 3684 albo
2479 3637 2654 3685 colore.
2715 3637 2813 3686 Tu-

716 3699 852 3748 bant.
885 3699 1046 3749 Can-v.
1796 3699 1937 3746 nicae
1971 3697 2433 3760 super-inficiebatur.
2506 3699 2646 3763 Toga
2679 3715 2813 3763 prae-

781 3763 813 3811 8
833 3765 904 3810 Et
922 3764 1245 3826 apparitores,
1267 3769 1314 3811 st
1336 3763 1423 3811 hoo
1439 3763 1624 3838 penus]
1665 3761 1736 3810 Et
1795 3767 1934 3810 texta
1993 3777 2257 3825 purpuram
2316 3762 2369 3810 in
2428 3779 2512 3812 ora
2564 3763 2776 3814 habebat
2798 3785 2812 3816 :

717 3825 1034 3888 apparitores,
1071 3832 1123 3875 et
1155 3827 1250 3875 hoc
1286 3831 1619 3888 apparitorum
1652 3841 1732 3888 ge-
1796 3826 1929 3874 unde
1944 3841 2054 3874 eam
2072 3825 2251 3874 Graeci
2270 3833 2447 3876 vocant
2465 3826 2813 3892 περιπόρφυρον.

717 3905 827 3948 nus,
879 3906 1058 3953 nempe
1110 3891 1320 3939 lictores,
1411 3891 1737 3952 Appan'eores
1798 3891 2069 3940 Praetexta
2110 3890 2363 3939 dicebatur
2403 3907 2436 3939 a
2472 3897 2813 3954 praetaxanda,

717 3955 966 4003 communi
985 3955 1222 4003 vocabulo
1243 3954 1558 4016 appellantur
1578 3954 1612 4001 ii
1634 3969 1735 4001 om·
1798 3955 1915 4016 quia
1944 3954 2174 4002 nimirum
2216 3969 2434 4018 purpura
2474 3956 2520 4004 ei
2562 3963 2813 4019 praetexta

718 4035 822 4078 nes,
843 4018 926 4080 qui
949 4025 1141 4080 praesto
1162 4023 1276 4067 sunt
1299 4017 1516 4080 imperiis
1547 4033 1631 4066 sen
1664 4033 1735 4066 re-
1799 4023 1917 4066 erat.
1966 4017 2043 4066 Ea
2058 4021 2319 4067 utebantur
2338 4020 2665 4082 magistratus,
2680 4023 2811 4084 pueri

715 4097 852 4146 gum,
889 4097 975 4132 seu
1015 4083 1386 4145 magistratuum
1423 4081 1735 4144 exequendis.
1799 4082 2014 4144 ingenui,
2034 4088 2129 4131 etc.
2165 4083 2327 4133 ΟΜΝ.

716 4150 930 4197 lictores
950 4163 1104 4195 unum
1127 4147 1374 4210 quoddam
1401 4145 1737 4209 apparitorum
1864 4161 1895 4195 α
1929 4149 2013 4195 Ita
2042 4148 2289 4207 habuisse]
2366 4147 2519 4196 Hunc
2557 4163 2809 4200 numerum

716 4227 884 4274 genus.
918 4213 1078 4262 Gazv.
1800 4211 1935 4274 apud
1952 4210 2184 4259 Etruscos
2199 4212 2361 4258 locum
2378 4211 2617 4262 habuisse.
2647 4213 2807 4264 Dona.

781 4292 814 4339 9
845 4278 978 4326 Sella
997 4276 1210 4335 eurulis]
1249 4273 1334 4322 Ex
1356 4277 1516 4323 ebore.
1572 4274 1736 4323 Sellae
1866 4289 1894 4336 3
1926 4276 2121 4334 Locum,
2142 4277 2227 4338 qui
2246 4291 2381 4324 nunc
2411 4285 2608 4339 saeptus
2626 4279 2807 4328 ἀσκω-

719 4341 898 4388 curulis
929 4339 1197 4404 appellatio
1220 4339 1477 4389 deducitur
1509 4339 1641 4401 apud
1672 4340 1733 4389 A,
1799 4339 2021 4390 dentibus
2035 4341 2165 4388 mer
2179 4340 2299 4388 duos
2314 4341 2445 4389 Itanos
2458 4342 2555 4401 est]
2596 4341 2806 4392 Obscura
