3000 4784
696 160 778 225 76
1457 157 1683 224 ΤΙΤΙ
1743 156 2013 224 LIVII

372 301 440 350 U·
463 301 523 350 C·
548 314 656 363 245·
694 293 961 358 aliorum
982 293 1052 357 in
1067 315 1247 358 suam
1268 295 1527 362 vertisse
1550 297 1915 362 servitutem
1937 296 2107 359 inter
2126 315 2194 358 se
2210 285 2809 378 conquerebantur.

370 367 430 415 A.
464 366 524 415 C.
547 377 658 428 507.

371 907 656 958 Coniuratio

370 975 434 1021 de
455 972 644 1034 regibus

369 1037 666 1087 revocandis.

697 390 718 418 6
736 380 986 467 Regem
1019 379 1344 445 hominem
1374 405 1531 462 esse,
1562 407 1609 448 a·
1627 406 1759 470 quo
1786 383 2103 470 impetres,
2126 379 2239 444 ubi
2264 379 2382 455 ius,
2412 376 2527 442 ubi
2556 374 2815 438 iniuria

697 475 894 553 ‘opus
935 467 1049 531 sit:
1097 489 1232 532 esse
1270 469 1507 554 gratiae
1548 469 1779 547 locum,
1814 491 1951 534 esse
1995 465 2340 540 benefici03
2386 475 2455 529 et
2494 461 2697 526 irasci
2740 473 2813 524 et

699 561 720 591 ‘
736 553 1058 640 ignoscere
1088 576 1304 640 posse:
1352 555 1521 620 inter
1548 556 1821 620 amicum
1852 566 2041 642 atque
2082 551 2413 618 inimicum
2440 547 2811 613 discrimen

699 648 718 678 ‘
735 661 934 704 nosse.
1013 637 1222 727 Leges
1248 663 1384 706 rem
1413 641 1687 721 surdam,
1717 639 2170 706 inexorabilem
2190 661 2345 715 esse,
2374 635 2809 701 salubriorem

699 735 720 765 ‘
736 725 1062 790 meliorem
1109 749 1189 791 ue
1236 727 1433 815 inopi,
1526 751 1674 793 uam
1716 727 1999 815 potenti:
2061 725 2227 790 nihil
2268 721 2619 788 laxamenti
2676 741 2811 784 nec

698 822 718 852 ‘
733 813 954 878 veniae
998 811 1084 877 ha
1125 835 1250 891 ere,
1295 814 1350 878 si
1391 837 1458 878 m
1545 837 1655 878 um
1698 813 2055 880 excesseris.
2147 810 2585 876 Periculosum
2630 829 2807 906 epe,

698 908 718 938 ‘
734 899 804 963 in
835 913 928 964 tot
954 898 1248 965 humanis
1275 901 1590 966 erroribus
1618 901 1750 966 sola
1776 899 2142 966 innocentia
2168 897 2417 964 vivere.’
2504 893 2633 972 Ita,
2668 915 2809 956 iam

695 1009 810 1051 sua
851 998 1075 1074 sponte
1121 986 1324 1075 aegris
1371 987 1615 1066 animis,
1661 987 1851 1075 legati
1894 988 1975 1052 ab
2016 985 2268 1072 regibus
2310 981 2807 1071 superveniunt,

695 1072 830 1136 sine
889 1072 1212 1138 mentione
1271 1073 1511 1138 reditus
1560 1075 1731 1139 bona
1776 1086 2021 1139 tantum
2074 1083 2447 1159 repetentes·
2542 1067 2807 1132 Eorum

694 1159 888 1224 verba
919 1170 1253 1246 postquam
1291 1161 1361 1224 in
1399 1173 1625 1225 senatu
1662 1159 1879 1226 audita
1917 1172 2085 1236 sunt,
2197 1180 2231 1221 r
2262 1156 2507 1243 aliquot
2540 1154 2706 1253 dies·
2722 1175 2807 1217 ea

696 1245 1073 1311 consultatio
1120 1246 1360 1311 tenuit:
1423 1269 1507 1312 ne
1550 1270 1683 1312 non
1725 1246 1992 1324 reddita,
2036 1247 2117 1310 be
2168 1245 2183 1258 ⁹
2232 1265 2451 1318 causa3
2512 1238 2801 1340 reddlta,

697 1333 848 1397 belli
893 1333 1156 1398 materia
1200 1345 1268 1398 et
1315 1333 1757 1399 adiumentum
1805 1345 2031 1398 essent.
2122 1331 2391 1396 Interim
2433 1327 2459 1392 l
2578 1328 2629 1392 ti
2686 1325 2801 1390 alii

697 1418 820 1484 alia
847 1419 1074 1497 moliri,
1105 1432 1320 1506 aperte
1349 1423 1523 1486 bona
1548 1432 1927 1508 repetenteS,
1958 1419 2121 1484 clam
2150 1351 2579 1504 recuperaneffi
2604 1411 2799 1500 regni

697 1505 958 1570 consilia
997 1519 1255 1570 struere.
1349 1505 1454 1584 Et,
1491 1519 1795 1595 tanquam
1837 1506 1920 1572 ad
1953 1506 2042 1584 id,
2078 1504 2254 1592 quod
2286 1503 2391 1590 agi
2428 1501 2795 1576 videbatur,
2810 1510 2841 1562 6

698 1591 1050 1657 ambientes
1095 1590 1410 1656 nobilium
1452 1592 1948 1658 adolescentium
1996 1591 2240 1656 animos
2287 1599 2693 1677 pertentant:
2754 1609 2799 1650 a

699 1678 934 1764 quibus
959 1677 1206 1764 placide
1245 1679 1446 1744 oratio
1479 1694 1743 1780 accepta
1770 1692 1885 1756 est,
1916 1679 2015 1744 his
2053 1678 2267 1742 literas
2294 1679 2379 1742 ab
2416 1673 2798 1760 Tarquiniis

697 1762 1009 1840 reddunt3
1057 1776 1124 1828 et
1165 1761 1246 1829 de
1291 1765 1425 1830 acci
1469 1765 1677 1830 iendis
1718 1766 1882 1831 clam
1916 1779 2103 1831 nocte
2147 1765 2217 1829 in
2260 1765 2487 1830 urbem
2529 1760 2797 1848 regibus

697 1849 1161 1937 colloquuntur.
1252 1850 1403 1916 Vite
1456 1852 1494 1866 '⁹
1570 1851 1997 1940 Aquilliisque
2038 1850 2332 1916 fratribus
2415 1849 2576 1912 rimo
2614 1868 2795 1912 com-
2814 1867 2843 1915 ⁷

697 1936 887 2001 missa
913 1959 1012 2002 res
1041 1949 1153 2002 est.
1245 1936 1652 2004 Vitelliorum
1680 1961 1853 2004 soror
1880 1937 2124 2004 consuli
2152 1949 2355 2024 nupta
2440 1947 2587 1999 rum
2614 1946 2789 1998 erat:
2951 1949 2952 1958 ¹

697 2024 950 2110 iamque
980 2046 1063 2088 ex
1103 2046 1182 2090 eo
1219 2025 1621 2090 matrimonio
1664 2024 2094 2090 adolescentes
2132 2035 2313 2089 erant
2354 2021 2564 2098 liberi,
2597 2018 2791 2085 Titus

701 2109 1162 2198 Tiberiusque:
1209 2133 1318 2176 eos
1363 2134 1623 2199 quoque
1668 2112 1739 2176 in
1788 2112 2155 2178 societatem
2200 2109 2445 2175 consilii
2490 2105 2791 2173 avunculi

699 2209 1041 2262 assumunt.
1132 2196 1470 2262 Praeterea
1487 2217 1554 2263 et
1575 2198 1817 2266 nobiles
1839 2198 2082 2299 aliquot
2102 2196 2533 2264 adolescentes
2548 2193 2789 2259 conscii

697 2283 1020 2370 assumpti,
1050 2306 1324 2371 quorum
1351 2297 1663 2350 vetustate
1693 2307 1997 2350 memoria
2022 2285 2199 2351 abiit.
2289 2281 2555 2347 Interim
2586 2301 2787 2367 quum

697 2370 770 2434 in
797 2381 1022 2435 senatu
1057 2370 1308 2436 vicisset
1334 2372 1669 2450 sententia,
1701 2393 1865 2458 quae
1894 2373 2192 2437 censebat
2218 2367 2546 2435 reddenda
2578 2369 2784 2442 bona3

700 2478 967 2544 eamque
998 2456 1200 2545 ipsam
1229 2481 1482 2524 causam
1512 2481 1723 2524 morae
1752 2457 1823 2522 in
1850 2461 2011 2525 urbe
2039 2455 2351 2523 haberent
2376 2453 2587 2542 legati,
2611 2451 2789 2540 quod

699 2543 971 2631 spatium
1001 2543 1085 2609 ad
1115 2543 1408 2610 vehicula
1433 2543 1859 2633 comparanda
1884 2567 1927 2610 a
1962 2543 2323 2610 consulibus
2358 2540 2783 2628 sumpsissent,

699 2631 932 2717 quibus
961 2651 1184 2718 regum
1204 2643 1598 2719 asportarent
1624 2653 1760 2708 res3
1808 2653 1997 2696 omne
2024 2630 2095 2696 id
2122 2643 2371 2717 tempus
2398 2651 2547 2693 cum
2568 2626 2787 2692 coniu-

699 2717 850 2781 ratis
871 2716 1286 2782 consultando
1303 2722 1668 2796 absumunt,
1692 2718 2121 2805 evincuntque
2144 2716 2457 2792 instando,
2480 2727 2555 2779 ut
2568 2713 2784 2778 literae

699 2803 820 2866 sibi
848 2803 931 2866 ad
960 2801 1343 2889 Tarquinios
1371 2803 1706 2870 darentur:
1752 2825 1904 2868 nam
1930 2803 2116 2868 aliter
2143 2803 2255 2890 qui
2282 2801 2629 2867 credituros
2656 2822 2783 2877 eos,

701 2911 834 2954 non
883 2910 1045 2953 vana
1101 2892 1183 2953 ab
1240 2888 1463 2976 legatis
1521 2911 1711 2977 super
1766 2894 1957 2956 rebus
2014 2890 2207 2955 tantis
2262 2887 2518 2954 afferri?
2576 2885 2782 2950 Datne

700 2973 940 3052 literae,
971 2987 1046 3038 ut
1073 2973 1305 3060 pignus
1339 2975 1490 3039 fidei
1522 2986 1751 3053 essent,
1782 2977 2181 3041 manifestum
2208 2977 2452 3040 facinus
2480 2972 2779 3038 fecerunt.

704 3059 874 3125 Nam
921 3081 1138 3148 quum,
1177 3059 1382 3148 pridie
1467 3085 1615 3126 uam
1657 3062 1852 3154 legati
1885 3063 1969 3127 ad
2011 3062 2395 3149 Tarquinios
2432 3059 2783 3148 proficisce-
2796 3073 2826 3121 8

701 3164 940 3227 rentur,
971 3160 1040 3211 et
1066 3160 1402 3213 coenatum
1422 3085 1593 3214 {orte
1622 3149 1797 3250 apud
1824 3148 2117 3214 Vitellios
2144 3161 2327 3228 esset,
2350 3145 2782 3296 coniuratitffig

701 3234 813 3310 ibi,
845 3233 1100 3299 remotis
1127 3235 1398 3313 arbitris,
1429 3235 1636 3300 multa
1662 3248 1831 3300 mter
1864 3257 1931 3300 se
1962 3235 2043 3300 de
2071 3257 2259 3313 novo,
2289 3248 2364 3300 ut
2400 3235 2495 3312 fit,
2524 3255 2675 3298 cons
2722 3233 2735 3246 '

703 3321 1012 3407 egissent3
1059 3343 1414 3386 sermonem
1436 3345 1659 3387 eorum
1686 3345 1769 3388 ex
1798 3322 1991 3387 servis
2018 3345 2185 3387 unus
2213 3323 2487 3409 excepit,
2518 3319 2629 3408 qui
2656 3318 2781 3382 iam

703 3419 890 3471 antea
917 3407 986 3471 id
1014 3420 1292 3472 senserat
1318 3409 1447 3496 agi.
1495 3409 1611 3474 sed
1631 3431 1771 3474 eam
1800 3409 2212 3488 occasionem,
2232 3423 2305 3474 ut
2332 3408 2548 3473 literae
2567 3405 2780 3492 legat’m

700 3493 1019 3572 darentur,
1052 3517 1216 3580 quae
1241 3494 1677 3583 deprehensae
1709 3518 1842 3560 rem
1864 3517 2203 3583 coarguere
2231 3507 2508 3582 possent,
2527 3514 2779 3580 exspec-

703 3583 894 3646 tabat.
986 3581 1332 3668 Postquam
1383 3581 1561 3647 datas
1618 3583 1831 3668 sensit,
1879 3605 2017 3658 rem
2072 3581 2155 3647 ad
2200 3580 2488 3647 consules
2538 3579 2773 3646 detulit.

766 3792 798 3842 6
829 3795 917 3854 Et,
937 3801 1172 3856 tanquam
1191 3795 1258 3842 ad
1275 3794 1352 3853 id]
1391 3793 1478 3852 Et,
1500 3809 1588 3856 per
1606 3809 1713 3856 spe-
1778 3801 1828 3842 et
1860 3794 2239 3844 coniurationem
2272 3796 2513 3844 mimi-um
2538 3809 2604 3844 sc.
2636 3795 2777 3845 Luce—

703 3856 826 3905 ciem
860 3857 964 3905 eius
993 3857 1174 3920 negotii
1195 3857 1325 3918 quod
1359 3872 1526 3906 curare
1552 3858 1714 3906 crede-
1776 3873 1902 3918 rum,
1925 3873 2013 3921 pro
2042 3857 2374 3908 coniuratione
2404 3859 2777 3910 αᾶοἰωοοπεέυπι.

702 3924 895 3980 bantur,
917 3920 1269 3969 circumeuntes
1289 3921 1472 3969 domos.
1508 3921 1667 3971 Cazv.
1778 3921 1981 3971 Niebhr.
2004 3923 2036 3972 i.
2060 3938 2107 3984 p.
2134 3934 2242 3985 507.

772 4000 798 4048 7
831 3987 1032 4034 Vitelliis
1043 3986 1392 4048 Aquilai-eque]
1419 3984 1591 4034 Sorore
1600 3986 1712 4035 Col·
1840 3987 1871 4035 8
1904 3988 2077 4036 Pridie
2092 4003 2238 4051 quam
2258 3987 2431 4050 ἱεραί]
2466 3987 2665 4038 Nemini
2685 4003 2777 4038 non

705 4049 843 4100 latini
881 4048 1070 4111 genitis,
1103 4055 1159 4097 ut
1197 4049 1344 4102 Dion.
1379 4054 1430 4097 et
1464 4049 1714 4099 Plutarch.
1780 4049 1831 4099 in
1872 4057 2087 4100 mentem
2127 4051 2323 4100 venient
2364 4052 2415 4100 iu
2460 4053 2778 4102 coniuratione

707 4117 885 4178 placet,
914 4119 965 4162 et
995 4128 1058 4160 ex
1093 4113 1372 4173 Luceribus,
1394 4113 1487 4162 hoc
1520 4119 1610 4173 est,
1630 4117 1715 4180 mc}
1779 4115 1868 4163 illa
1920 4113 2205 4165 Catilinaria
2258 4116 2427 4165 literae
2468 4117 2776 4180 Allobrogum

703 4195 879 4228 norum
906 4179 1127 4240 yentium
1163 4177 1392 4240 patribus.
1460 4176 1597 4226 Hinc
1630 4193 1713 4240 po-
1779 4179 1949 4241 legatis
1975 4181 2137 4240 datae,
2164 4185 2216 4228 et
2246 4181 2518 4242 praemium
2548 4196 2683 4230 servo
2710 4182 2774 4231 in-

704 4243 818 4295 steri
861 4257 944 4291 eos
986 4257 1073 4304 pro
1114 4243 1372 4291 iuvenibus
1425 4241 1715 4301 habuerunt,
1779 4242 1875 4296 dici
1896 4242 2107 4296 libertas.
2142 4245 2204 4312 gf.
2228 4244 2425 4296 sallust„
2448 4245 2558 4296 Cat.
2584 4259 2659 4308 34.

705 4308 836 4370 quod
879 4322 940 4356 ex
976 4307 1240 4358 minoribus
1281 4305 1499 4370 patribus
1540 4314 1715 4367 essent,
