3000 4784
767 222 890 288 134
1537 219 1762 287 ΤῙΤΙ
1822 217 2093 286 LIVII

439 377 507 430 υ.
530 379 591 431 c.
613 381 725 432 281.
761 371 1046 437 monent,
1114 365 1135 396 ⁴
1158 355 1528 424 Honoribus
1584 371 1652 423 et
1707 358 2248 424 administratione
2307 355 2690 446 reipublicae
2745 356 2876 421 ab-

434 443 496 494 A.
530 445 591 521 9·
612 457 675 508 47
683 457 725 494 ¹·
764 453 786 484 ‘
805 445 1117 522 stineant3
1164 445 1526 510 consulares
1563 466 1712 512 vero
1753 446 1968 523 fascea,
1999 457 2414 533 praetextam,
2444 443 2874 529 curulemque

436 509 746 622 ffiffuztad
764 539 786 570 ‘
805 531 1042 610 sellam,
1072 532 1237 596 nihil
1266 531 1458 609 aliud,
1527 555 1674 597 uam
1789 555 1998 620 mpam
2029 532 2286 608 funeriS,
2309 543 2554 618 putent.
2651 528 2876 594 Clari-s

436 639 679 700 populum
766 626 787 657 ‘
805 618 1158 705 insignibus
1178 619 1355 684 velut
1382 556 1598 684 18111118
1618 642 1695 684 ve
1721 632 1856 684 atos
1878 619 1962 684 ad
1982 633 2250 682 mortem
2274 617 2593 683 destinari.
2661 615 2876 692 Quod

436 702 522 752 rei.
767 704 859 768 ‘'si
898 705 1259 770 consulatus
1297 717 1476 770 tanta
1503 705 1775 771 dulcedo
1813 707 1914 783 sit,
1945 706 2072 769 iam
2115 727 2290 769 81188
2331 705 2422 768 ita
2462 705 2532 767 in
2573 703 2876 767 animum

767 799 788 830 ‘
807 791 1133 870 inducant,
1166 792 1562 856 consulatum
1602 807 1856 880 captum
1901 804 1967 856 et
2009 813 2378 879 oppressum
2413 792 2492 856 ab
2522 789 2876 854 tribunicia

768 885 788 916 ‘
807 891 1119 965 potestate
1149 901 1320 955 esse3
1371 878 1632 956 consuli,
1663 879 1840 944 velut
1877 878 2216 979 apparitori
2255 877 2614 953 tribunicio,
2645 877 2877 940 omnia

768 975 789 1006 ‘
810 966 893 1030 ad
921 979 1149 1031 nutum
1188 966 1654 1052 imperiumque
1691 966 1928 1030 tribum
2081 965 2212 1028 nda
2245 987 2395 1030 esse.
2491 963 2559 1028 Si
2587 985 2656 1026 se
2687 985 2878 1027 com-

766 1061 788 1092 ‘
809 1053 1094 1130 moverit,
1126 1053 1177 1117 si
1218 1053 1568 1140 respexerit
1596 1052 1834 1129 Patres,
1871 1052 1924 1116 si
2024 1049 2154 1128 iud,
2186 1073 2380 1139 quam
2417 1050 2691 1137 plebem,
2725 1071 2872 1114 esse

768 1147 789 1178 ‘
809 1140 877 1203 in
942 1139 1267 1226 republica
1336 1136 1696 1216 crediderit,
1757 1138 2050 1202 exsilium
2111 1136 2188 1202 C.
2253 1137 2504 1215 Marcii,
2563 1135 2878 1200 Menenii

768 1233 789 1265 ‘
808 1225 1281 1291 damnationem
1309 1237 1377 1290 et
1404 1237 1692 1302 mortem,
1724 1225 1842 1290 sibi
1871 1237 2184 1312 proponat
2213 1237 2360 1288 ante
2391 1223 2645 1288 oculos)
2738 1221 2874 1286 His

764 1313 1013 1378 accensi
1054 1313 1315 1378 vocibus
1355 1312 1578 1377 Patres
1621 1311 1881 1376 consilia
1923 1311 2093 1388 inde,
2139 1333 2269 1374 non
2313 1309 2585 1397 publica,
2630 1309 2746 1373 sed
2793 1309 2870 1372 in
2895 1329 2930 1378 5

765 1401 1028 1487 privam,
1078 1400 1463 1486 seductaque
1518 1422 1557 1463 a
1603 1399 1883 1486 plurium
1929 1397 2331 1475 conscientia,
2380 1397 2630 1462 habere.
2726 1395 2870 1459 Ubi

766 1509 965 1574 quum
1008 1486 1078 1550 id
1121 1486 1311 1550 modo
1354 1497 1689 1562 constaret,
1737 1486 1873 1549 11118
1918 1507 2001 1548 88
2043 1485 2274 1549 iniuria
2319 1482 2679 1570 eripiendos
2723 1505 2872 1547 esse

762 1595 923 1650 reos,
956 1573 1342 1636 atrocissima
1368 1594 1661 1672 quaeque
1703 1571 1976 1635 maxime
2011 1570 2304 1658 placebat
2339 1570 2690 1635 sententia:
2739 1591 2872 1633 nec

764 1671 985 1724 auctor
1012 1659 1299 1745 quamvis
1344 1657 1572 1722 audaci
1603 1657 1868 1722 facinori
1914 1657 2150 1722 deerat.
2241 1655 2447 1744 Igitur
2479 1655 2700 1720 iudicii
2730 1656 2869 1732 die,

763 1766 963 1832 quum
1014 1744 1194 1830 plebs
1250 1744 1317 1808 in
1374 1744 1514 1809 foro
1572 1757 1784 1808 erecta
1841 1745 2312 1830 exspectatione
2371 1755 2583 1819 staret,
2645 1743 2873 1806 mirari

761 1831 986 1918 prim0,
1019 1830 1195 1916 quod
1222 1853 1354 1894 non
1383 1829 1798 1895 descenderet
1824 1831 2155 1895 tribunus:
2203 1830 2458 1907 deinde,
2499 1851 2701 1916 quum
2732 1829 2869 1893 iam

762 1939 940 1980 mora
966 1917 1316 2003 suspectior
1342 1917 1544 1995 fieret,
1575 1916 1948 1981 deterritum
1987 1939 2026 1980 a
2063 1917 2444 2004 primoribus
2481 1915 2762 1993 credere,
2797 1927 2873 1980 et

763 2003 1077 2067 desertam
1121 2026 1195 2067 88
1236 2003 1554 2090 proditam
1597 2027 1849 2068 causam
1892 2002 2211 2104 publicam
2251 2003 2448 2090 queri.
2539 2003 2868 2079 Tandem,

763 2091 876 2177 qui
934 2090 1245 2155 obversati
1300 2089 1612 2155 vestibulo
1677 2091 1916 2155 tribum
1973 2089 2243 2167 fuerant,
2303 2089 2620 2166 nuntiant,
2683 2089 2868 2152 domi

762 2189 1082 2241 mortuum
1126 2199 1260 2241 esse
1308 2177 1656 2241 inventum.
1753 2176 1949 2250 Quod
1988 2178 2098 2240 ubi
2136 2177 2206 2239 in
2245 2188 2445 2241 totam
2483 2176 2866 2240 concionem
2885 2189 2920 2239 6

761 2264 1025 2350 pertulit
1052 2285 1306 2340 rumor-3
1354 2263 1518 2327 sicut
1546 2265 1712 2327 acies
1737 2262 2032 2327 funditur
2057 2262 2222 2327 duce
2252 2264 2479 2340 occiso,
2509 2263 2601 2326 ita
2629 2261 2866 2348 dilapsi

765 2351 996 2436 passim
1025 2350 1132 2414 alii
1162 2349 1305 2415 8110.
1366 2349 1756 2436 Praecipuus
1783 2371 1980 2435 pavor
2003 2350 2287 2414 tribunos
2309 2342 2638 2426 invaserat,
2663 2371 2866 2435 quam

766 2436 928 2501 nihil
958 2435 1177 2501 auxilii
1198 2449 1472 2501 sacratae
1496 2437 1669 2523 leges
1691 2435 2017 2513 haberent,
2039 2449 2238 2500 morte
2257 2435 2536 2521 collegae
2561 2436 2863 2499 monitos.

768 2521 912 2589 Nec
959 2524 1181 2589 Patres
1226 2523 1373 2588 satis
1419 2523 1744 2588 moderate
1790 2522 1954 2588 ferre
1983 2523 2345 2586 laetitiam:
2409 2521 2697 2609 adeoque
2745 2543 2867 2586 ne-

762 2611 1003 2676 minem
1042 2610 1271 2675 noxiae
1312 2611 1700 2697 poenitebat,
1731 2621 1805 2673 ut
1847 2609 2039 2674 etiam
2083 2609 2365 2674 insontes
2398 2609 2618 2672 fecisse
2653 2607 2864 2672 videri
2885 2633 2916 2682 7

760 2697 1017 2776 vellent,
1070 2697 1405 2785 palamque
1456 2696 1745 2773 ferretur,
1797 2695 1966 2761 malo
2017 2695 2402 2760 domandam
2452 2694 2864 2760 tribuniciam

758 2795 1156 2869 potestatem.

854 2869 985 2933 Sub
1044 2867 1163 2932 1188
1221 2868 1475 2954 pessimi
1533 2867 1810 2955 exempli
1875 2868 2137 2933 victoria
2193 2868 2480 2933 delectus
2541 2866 2857 2933 edicitur:
2879 2887 2910 2934 8

758 2955 1261 3041 paventibusque
1322 2954 1612 3031 tribunis,
1671 2955 1807 3018 sine
1865 2954 2316 3020 intercessione
2375 2954 2506 3018 ulla
2564 2953 2862 3018 consules

760 3061 897 3104 rem
924 3052 1255 3127 peragunt.
1347 3039 1520 3104 Tum
1547 3062 1698 3104 vero
1735 3041 1917 3106 irasci
1955 3041 2192 3129 plebes,
2225 3042 2627 3107 tribunorum
2655 3041 2862 3128 magis

437 1502 687 1553 Tribunus

540 2879 623 2942 55

438 2924 739 3014 Discondiae.

1835 3273 1993 3323 τάτων
2037 3275 2288 3338 ἐφόνευονε
2345 3279 2478 3326 unde
2521 3277 2860 3340 cognominans

1836 3339 2056 3402 plebeios
2075 3342 2257 3390 multos
2273 3341 2454 3390 ferocia
2474 3341 2704 3404 insignes,
2723 3343 2860 3392 clan-

1833 3403 2025 3452 destino
2057 3410 2252 3466 patrum
2283 3405 2499 3455 facinore
2529 3405 2678 3455 fuisse
2711 3406 2858 3456 inter-

1835 3473 2062 3580 οεὲωὲἱιὸ
2099 3533 2193 3582 hau
2215 3568 2229 3581 .
2253 3569 2268 3584 .
2288 3568 2302 3582 .
2324 3535 2556 3594 vietor-ia]
2598 3533 2678 3582 Ea
2713 3535 2858 3597 quasi

758 3275 1045 3325 revocanda.
1080 3275 1141 3326 cf.
1162 3291 1292 3338 supr.
1316 3287 1392 3339 35.
1427 3274 1511 3324 ubi
1533 3274 1770 3324 incertum

759 3354 863 3387 esse
904 3339 1097 3398 dicitur,
1132 3355 1259 3388 anne
1298 3341 1437 3402 plebs
1477 3340 1529 3388 in
1565 3339 1773 3388 comitiis

758 3402 952 3451 tributis
986 3407 1101 3451 ante
1141 3403 1300 3466 legem
1341 3403 1607 3452 Publiliam
1647 3403 1771 3452 iudi-

760 3465 909 3526 cium,
940 3466 1031 3515 nisi
1064 3466 1113 3514 in
1146 3469 1291 3515 rebus
1321 3467 1496 3530 privati
1527 3467 1662 3527 iuris,
1681 3483 1770 3516 181-

757 3543 905 3591 quam
928 3531 1208 3580 exercuerit.

825 3605 852 3656 5
888 3595 1128 3655 Consilia]
1177 3597 1393 3646 concilia
1427 3611 1489 3644 ex
1525 3597 1770 3644 emendat.

761 3657 995 3707 Gronovii
1027 3659 1239 3708 Bekker.
1263 3660 1313 3708 in
1343 3665 1536 3708 textum
1569 3659 1772 3722 recepit,

760 3721 859 3769 fide
882 3724 1021 3771 codd.
1045 3725 1346 3773 adversante.

824 3783 855 3834 6
888 3788 1145 3836 xuortuum
1174 3805 1275 3838 esso
1302 3787 1580 3851 inventum]
1618 3787 1773 3836 Haud

758 3849 902 3898 aliter
928 3851 1211 3912 Ephialtem
1244 3853 1377 3914 apud
1399 3851 1621 3901 Athenas
1653 3867 1770 3912 pau-

760 3911 829 3960 cis
861 3919 970 3974 post
1006 3915 1146 3964 annis
1182 3915 1311 3964 cives
1347 3915 1421 3963 sui
1458 3917 1770 3964 sustulerunt.

762 3977 895 4025 Plut.
922 3979 1096 4028 Pericl.
1121 3995 1169 4028 x.
1205 3979 1407 4028 Diodor.
1430 3979 1496 4028 xi.
1525 3991 1598 4041 77.

828 4052 854 4102 7
886 4044 1054 4090 Etiam
1086 4045 1320 4103 insontes]
1358 4043 1592 4092 Similiter
1623 4042 1766 4091 inter-

756 4105 886 4154 fecto
920 4107 1127 4156 Caesare
1160 4107 1411 4166 dictatore,
1444 4108 1503 4156 G.
1533 4107 1768 4156 Octavius

756 4174 808 4217 et
832 4169 1014 4219 Lucius
1036 4170 1283 4232 Spinther,
1305 4171 1421 4219 licet
1442 4171 1673 4228 insontes,
1693 4170 1766 4218 in·-

756 4233 1000 4282 terfecisse
1022 4233 1162 4281 illum
1186 4234 1335 4281 videri
1358 4235 1601 4285 volebant.
1631 4235 1766 4286 Plut.

756 4296 899 4344 Caes.
922 4297 1001 4358 67.
1046 4299 1107 4346 cs.
1132 4296 1279 4344 Dion.
1307 4297 1431 4345 Exc.
1455 4311 1531 4345 22.
1564 4297 1608 4345 οἱ
1633 4297 1767 4346 εὔπα-

755 4357 1133 4420 τρίδαι,-λάθρα
1162 4357 1215 4409 δὲ
1246 4358 1449 4421 συχνοὺς
1478 4363 1576 4410 τῶν
1605 4363 1768 4424 θρασυ-

1834 3595 2026 3644 subnixi
2053 3597 2224 3645 Patres
2245 3599 2492 3647 delectum
2515 3597 2719 3646 edicunt
2739 3617 2753 3657 ς
2775 3601 2856 3648 vel

1835 3660 1998 3708 statim
2039 3665 2151 3722 post
2187 3661 2359 3711 illam:
2411 3662 2504 3710 nisi
2541 3667 2650 3710 tum
2689 3663 2859 3725 potius

1837 3739 1946 3772 cum
1983 3722 2136 3772 Gron.
2171 3727 2264 3788 leg.
2301 3728 2392 3775 mh
2420 3727 2552 3774 hanc
2584 3728 2856 3777 victoriam.

1837 3789 1935 3836 Sed
1974 3787 2166 3836 Livium
2204 3790 2309 3839 sine
2341 3790 2624 3838 discrimine
2657 3793 2728 3851 τῷ·
2763 3794 2858 3840 sub

1835 3867 1966 3900 nunc
2008 3857 2254 3913 quartum,
2296 3869 2429 3903 nunc
2471 3861 2668 3902 sextum
2717 3855 2856 3904 addi-

1835 3915 1960 3964 disse
2003 3931 2188 3977 (rasum,
2227 3923 2278 3966 et
2320 3934 2353 3966 a
2391 3917 2742 3968 Grammaticis
2781 3919 2859 3969 ita

1835 3979 1996 4042 potius
2017 3979 2266 4043 distingui,
2286 3990 2344 4030 ut
2363 3985 2454 4031 sub
2475 3984 2740 4032 adventum
2768 3999 2856 4032 no-

1829 4049 1904 4092 tet
1946 4045 2116 4106 paullo
2153 4052 2272 4094 ante
2314 4047 2602 4105 adventum,
2639 4047 2856 4097 instante

1829 4109 2064 4166 adventu,
2082 4111 2172 4158 sub
2203 4112 2420 4160 ademta
2447 4125 2601 4172 quum
2635 4111 2736 4159 18111
2769 4115 2854 4162 ad-

1833 4172 1982 4230 venit,
2005 4177 2116 4234 post
2137 4175 2438 4233 adventumg
2469 4175 2556 4223 sed
2579 4191 2758 4224 vanam
2781 4193 2856 4226 es-

1831 4249 1883 4283 se
1931 4236 2058 4284 hanc
2103 4235 2464 4287 distinctionem
2509 4245 2646 4288 recte
2685 4241 2858 4290 docuit

1831 4299 2060 4349 celeberr.
2096 4301 2368 4354 Burmann.
2401 4303 2469 4366 811β
2491 4303 2630 4354 Veli.
2661 4305 2854 4356 Patere.

1835 4362 1882 4414 ii.
1909 4377 1985 4425 24.
2022 4364 2198 4415 Dux.
