3000 4784
800 226 991 295 LIB.
1040 226 1191 293 VII.
1262 228 1483 303 CAR.
1535 235 1592 296 9.
2133 230 2258 295 407

138 372 161 401 ‘
186 376 265 427 et
298 360 509 427 alieno
538 376 897 449 pugnarent
925 362 1065 427 loco
1086 364 1143 427 ?'
1210 362 1335 429 His
1362 364 1532 433 inter
1557 388 1626 431 se
1648 364 1910 429 vocibus
1937 362 2258 440 concitati,
2281 372 2350 423 U.
2373 374 2432 423 e.
2458 386 2568 437 ³93·

136 450 437 515 clamore
472 461 793 525 renovat0‚
824 448 1105 515 inferunt
1144 450 1415 537 pedem:
1464 464 1532 516 et
1569 452 1848 539 primum
1886 448 2091 536 gradu
2124 470 2260 515 mo·
2279 437 2338 487 A·
2373 440 2432 489 C·
2457 450 2566 500 359·

136 550 395 601 verunt
448 534 716 611 hostem,
768 533 1003 599 deinde
1052 536 1476 623 pepulerunt3
1541 550 1858 625 postremo
1909 534 2035 601 iam
2086 535 2262 601 haud

140 622 359 687 dubie
400 634 708 686 avertunt.
803 620 1057 708 Neque,
1090 636 1219 687 tam
1249 624 1415 689 vires
1452 646 1636 711 pares
1665 646 1830 709 quae
1870 622 2260 709 superaverit
2277 640 2559 689 Vincuntur

138 732 277 785 res,
314 708 497 772 facile
532 707 711 771 dictu
754 721 870 786 est,
910 708 1033 773 nisi
1070 709 1245 795 quod
1287 726 1598 797 perpetua
1633 709 1888 775 fortuna
1929 709 2258 796 utriusque
2278 703 2500 755 Hernici.

140 794 385 883 populi
427 808 493 859 et
528 794 833 859 extollere
872 795 1133 872 animm,
1164 808 1231 860 et
1274 798 1562 861 minuere
1601 797 1830 883 potuit.
1925 794 2149 881 Usque
2179 795 2262 862 ad

140 896 369 947 castra
416 881 731 967 fugientes
779 880 1096 947 Hernicos
1150 882 1477 949 Romanus
1528 884 1854 969 sequitur=
1916 895 2265 947 castrorum
2295 920 2308 929 ·

91 994 121 1029 2
142 968 661 1055 oppugnatione,
692 968 843 1054 quia
886 989 1097 1031 serum
1139 983 1274 1034 erat
1309 968 1457 1047 diei,
1490 970 1868 1034 abstinuere.
1961 967 2096 1031 Diu
2133 990 2266 1032 non

142 1054 532 1141 perlitatum
576 1065 867 1119 tenuerat
902 1052 1292 1131 dictatorem,
1324 1078 1407 1121 ne
1442 1068 1596 1121 ante
1637 1054 1970 1120 meridiem
2009 1054 2264 1141 signum

142 1142 333 1205 dare·
349 1153 595 1227 posset:
641 1164 718 1205 eo
748 1140 817 1203 in
846 1153 1099 1205 noctem
1132 1154 1401 1207 tractum
1430 1155 1566 1207 erat
1597 1154 1938 1207 certamen.
1999 1140 2264 1205 Postero

143 1228 261 1291 die
296 1227 553 1291 deserta
579 1226 729 1313 fuga
748 1239 950 1291 castra
974 1224 1421 1305 Hernicorum,
1448 1241 1515 1293 et
1543 1227 1738 1292 saucii
1767 1226 1966 1291 relicti
2003 1226 2262 1313 quidam

96 1342 125 1389 3
144 1311 453 1389 inventi;
500 1335 855 1399 agmenque
891 1312 1273 1399 fugientium
1320 1314 1399 1377 ab
1440 1313 1740 1400 SigniniS,
1771 1335 1973 1399 quum
2015 1324 2266 1399 praeter

96 1400 421 1473 4moenia
458 1422 679 1463 eorum
714 1398 1141 1484 infrequentia
1178 1412 1518 1486 conspecta
1551 1399 1732 1486 signa
1769 1412 2000 1473 essent,
2031 1397 2261 1473 fusum,

144 1510 225 1551 ac
264 1508 390 1573 per
424 1508 605 1571 agros
645 1484 891 1571 trepida
917 1484 1071 1571 fuga
1108 1485 1391 1571 palatum
1429 1500 1544 1551 est.
1639 1484 1704 1549 N
1709 1508 1782 1551 ec
1816 1483 2123 1549 Romanis
2165 1484 2261 1547 in·

145 1584 431 1637 cruenta
457 1571 720 1635 victoria
750 1570 911 1635 fuit:
962 1584 1188 1669 quarta
1224 1595 1369 1659 pars
1408 1572 1684 1637 militum
1725 1572 1988 1647 amissa3
2037 1584 2121 1646 et,
2153 1569 2265 1633 ubi

146 1656 341 1725 haud
368 1658 579 1721 minus
613 1657 891 1723 iacturae
918 1656 1059 1735 fuit,
1094 1658 1337 1745 aliquot
1365 1659 1618 1746 equites
1647 1658 1926 1723 Romani
1956 1656 2260 1721 cecidere.

242 1744 627 1830 Insequenti
660 1766 849 1819 ann0,
882 1766 1083 1830 quum
1126 1742 1203 1809 C.
1236 1744 1552 1831 Sulpicius
1589 1758 1656 1809 et
1689 1744 1766 1809 C.
1791 1744 2079 1809 Licinius
2113 1740 2266 1807 Cal·
2398 1745 2455 1805 9.

148 1854 275 1897 vus
326 1830 613 1895 consules
656 1830 725 1893 in
764 1828 1079 1895 Hernicos
1122 1832 1475 1897 exercitum
1519 1831 1871 1908 duxissent,
1907 1852 2120 1930 neque
2165 1829 2264 1893 in·
2283 1828 2352 1877 U.
2375 1828 2433 1877 0·
2459 1840 2570 1891 394·

150 1916 373 1983 ventis
402 1917 471 1979 in
499 1938 648 2003 agro
678 1916 981 1992 hostibus,
1014 1916 1427 1983 Ferentinum
1464 1920 1686 1983 urbem
1716 1941 1938 1983 eorum
1967 1940 2030 1981 v1
2060 1915 2262 2002 cepis-
2281 1892 2573 2016 gsssfilssffu

150 2018 329 2079 sent,
366 2003 823 2067 revertentibus
860 2003 1017 2067 inde
1062 2004 1141 2067 iis
1176 2004 1477 2069 Tibmtes
1521 2018 1733 2091 portas
1777 2005 2074 2069 clausere.
2167 2001 2264 2065 Ea
2283 2022 2356 2069 11.
2382 2021 2438 2069 c.
2468 2018 2594 2067 Lici-

152 2091 393 2155 ultima
429 2089 553 2153 fuit
596 2112 801 2167 causa,
843 2112 1045 2176 quum
1089 2090 1325 2155 multae
1376 2104 1568 2155 antea
1611 2090 2042 2176 querimoniae
2095 2087 2263 2151 ultro
2280 2084 2594 2133 n1011.00ss.

154 2178 453 2263 citroque
500 2177 763 2241 iactatae
814 2189 1045 2253 essent,
1095 2199 1226 2253 cur,
1275 2200 1392 2263 per
1435 2176 1680 2240 fetiales
1727 2176 1914 2241 rebus
1959 2174 2262 2260 repetitis»,
2282 2150 2596 2261 ffgussbm,

154 2264 411 2327 bellum
442 2262 695 2329 Tiburti
735 2262 973 2349 populo
1014 2262 1416 2327 indiceretur.
1511 2262 1908 2326 Dictatorem
1951 2260 2028 2325 T.
2057 2259 2266 2335 Quin-
2280 2277 2424 2325 tibus.

158 2351 367 2415 etium
398 2350 693 2413 Pennum
731 2372 809 2413 eo
854 2372 1023 2413 anno
1061 2348 1273 2425 fuisse,
1306 2348 1455 2413 satis
1493 2360 1758 2423 constat,
1792 2361 1858 2411 et
1898 2370 1960 2409 m
2045 2338 2523 2415 ‘struxn'l'20115n·

160 2436 463 2523 equiturn
506 2435 638 2499 Ser.
671 2432 1045 2499 Cornelium
1089 2434 1620 2521 Maluginensem.
1717 2432 1940 2497 Macer
1964 2369 2266 2496 ficimus
2283 2404 2556 2517 ζᾞᾈξῖζ

160 2520 574 2587 comitiorum
612 2520 1052 2585 habendorum
1091 2543 1297 2597 causa,
1330 2533 1397 2585 et
1436 2520 1516 2583 ab
1548 2519 1800 2584 Licinio
1841 2518 2097 2582 consule
2133 2517 2268 2581 dic-
2283 2538 2375 2584 tor.

116 2637 143 2683 5
165 2621 313 2673 tum
340 2608 575 2685 scribit,
601 2606 772 2693 quia,
803 2605 1046 2693 collega
1074 2607 1335 2671 comitia
1366 2606 1536 2671 bello
1565 2604 1878 2693 praeferre
1909 2604 2265 2681 festinante,

162 2709 237 2759 ut
286 2694 687 2759 continuaret
728 2692 1145 2769 consulatum,
1188 2692 1435 2757 obviam
1481 2692 1768 2758 eundum
1815 2713 2043 2777 pravae
2091 2690 2272 2776 cupi-

164 2781 357 2846 ditati
395 2780 603 2845 fuerit.
700 2778 1010 2854 Quaesita
1047 2802 1123 2843 ea
1160 2779 1451 2867 propriae
1480 2778 1754 2843 familiae
1796 2776 1931 2843 laus
1969 2776 2269 2840 leviorem

164 2880 495 2933 auctorem
544 2865 867 2931 Licinium
913 2864 1079 2931 facit.
1176 2866 1397 2940 Quum
1449 2864 1842 2929 mentionem
1886 2862 2024 2929 eius
2065 2862 2159 2927 rei
2201 2861 2490 2947 inBellum

164 2953 621 3018 vetustioribus
670 2951 1002 3017 annalibus
1052 2950 1292 3016 nullam
1344 2952 1685 3027 inveniam,
1733 2949 1952 3037 magia,
1999 2962 2070 3013 ut
2120 2947 2272 3014 belli
2290 2938 2557 2987 Gallicum.

171 3039 411 3103 Gallici
442 3062 629 3103 causa
656 3038 1027 3103 dictatorem
1064 3052 1343 3103 creatum
1384 3038 1668 3115 arbitrer,
1701 3036 1966 3100 inclinat
2005 3035 2268 3099 animus.

121 3140 151 3189 6
170 3126 275 3190 Eo
318 3138 487 3191 certe
531 3148 698 3191 anno
732 3124 905 3189 Galli
948 3123 1031 3187 ad
1074 3125 1331 3189 tertium
1374 3124 1654 3211 lapidem
1699 3122 1938 3187 Salaria
1963 3122 2066 3185 via
2103 3134 2273 3185 trans

126 3236 151 3285 7
168 3224 439 3297 pontem
470 3210 741 3275 Anienis
770 3224 971 3275 castra
998 3210 1293 3275 habuere.
1386 3209 1712 3307 Dictator,
1733 3230 1933 3292 quum
1965 3204 2274 3269 tumultus

172 3297 414 3363 Gallici
438 3320 625 3363 causa
645 3297 957 3363 iustitium
986 3296 1306 3373 edixisset,
1332 3316 1553 3358 omnes
1581 3294 1861 3357 iuniores
1883 3302 2274 3355 sacramento

238 3547 269 3579 ἰ
306 3533 415 3579 Diu
452 3546 551 3579 mm
582 3529 894 3591 perlitatum]
948 3527 1009 3576 cf.
1047 3527 1189 3589 Supr.
1256 3526 1435 3575 habere
1472 3530 1740 3587 antequam
1781 3524 1847 3573 ad
1884 3523 2071 3573 bellum
2111 3522 2274 3571 iretur.

172 3596 238 3645 iv.
264 3608 345 3658 49.
374 3597 631 3645 Tenedum
650 3595 713 3641 ab
728 3595 787 3641 L.
800 3594 965 3641 Sca-tio
987 3627 999 3640 .
1024 3626 1036 3639 .
1061 3626 1074 3639 .
1097 3592 1190 3639 dio—
1257 3592 1417 3640 Cazv.

172 3674 373 3709 cunum
410 3664 497 3707 ost.
574 3656 766 3707 Gmce
802 3654 861 3703 τὸ
896 3654 962 3713 μὴ
1004 3662 1191 3703 καλλισ-
1320 3652 1354 3703 6
1386 3654 1590 3703 Salaria
1610 3653 1720 3711 via]
1761 3652 1962 3701 Salaria
1995 3652 2078 3700 via
2110 3653 2260 3713 appel

170 3724 352 3783 ρεΰσαι.
1258 3718 1362 3765 lata
1399 3724 1487 3776 est,
1523 3722 1722 3765 auctore
1755 3716 1922 3775 Festo,
1953 3717 2072 3779 quia
2101 3716 2275 3765 Sabini

306 3786 385 3833 Ab
407 3786 652 3847 Siym’nin]
692 3781 941 3833 Palmaria
962 3781 1195 3831 Crevier-ii
1260 3798 1351 3830 ver
1376 3798 1483 3831 eam
1509 3782 1588 3831 eal
1612 3796 1646 3829 a
1677 3782 1804 3829 mari
1826 3781 2122 3841 deferebant.
2193 3780 2275 3833 In·

176 3857 227 3899 et
298 3886 309 3897 .
332 3850 417 3897 W.
438 3848 596 3899 Reizii
618 3847 915 3905 coniectura,
932 3862 1059 3908 quae
1076 3845 1193 3895 Nie-
1260 3844 1472 3907 cipiebat
1494 3860 1526 3893 a
1549 3850 1689 3907 porta
1711 3844 1924 3895 Collina.
1959 3845 2120 3894 Cur.
2375 3882 2382 3889 .

178 3912 355 3963 buhrio
386 3913 603 3961 maxime
634 3910 829 3961 arridet.
894 3910 1061 3973 Signia
1092 3914 1196 3959 erat
1328 3921 1354 3971 7
1394 3910 1652 3959 Tumultus
1674 3910 1880 3969 Gallici]
1923 3908 2062 3967 Quid
2083 3908 2148 3957 sit
2169 3921 2276 3969 pro-

177 3977 375 4027 colonia
396 3976 643 4037 Romana,
664 3991 763 4025 non
786 3974 956 4037 procul
979 3974 1043 4023 ab
1069 3974 1194 4023 Her·
1262 3972 1365 4035 prie
1401 3976 1658 4032 tumultus,
1689 3974 1836 4021 docet
1869 3972 1976 4021 Cic.
2012 3970 2143 4019 Phil.
2179 3969 2276 4020 viii.

178 4042 401 4091 nieorum
432 4040 582 4089 terris.
623 4040 685 4089 cf.
714 4054 847 4101 supr.
869 4037 901 4086 i.
934 4036 1011 4100 56.
1044 4036 1093 4086 ii.
1120 4052 1193 4087 οι.
1264 4051 1309 4097 2,
1334 4052 1376 4099 3.
1400 4037 1475 4086 his
1498 4037 1670 4086 verbis.
1727 4038 1758 4063 ‘⁶
1780 4038 1950 4085 Potest
1968 4035 2154 4081 bellum
2175 4046 2278 4081 osse

181 4105 319 4155 Olim
342 4106 403 4154 ab
424 4105 579 4165 scynis
602 4104 867 4166 legebatur.
1262 4100 1365 4149 sine
1384 4102 1625 4149 tumultu:
1651 4100 1892 4149 tumultus
1907 4110 2012 4147 csse
2027 4096 2134 4145 aine
2147 4094 2280 4143 bello

245 4187 278 4229 4
298 4170 643 4231 Infamia
660 4204 673 4217 .
688 4202 701 4215 .
720 4202 735 4217 .
756 4167 926 4229 cinna]
960 4180 1027 4215 ιο.
1052 4164 1199 4222 Quae
1264 4180 1363 4213 non
1394 4170 1570 4227 potest.
1639 4162 1778 4219 Quid
1801 4160 1932 4209 enim
1954 4164 2028 4207 eet
2048 4157 2184 4207 aliud
2207 4162 2281 4204 tu-

174 4232 421 4293 ,militibus
470 4246 569 4281 non
608 4231 1059 4293 frethentabantur,
1094 4228 1126 4277 i.
1154 4244 1197 4277 e.
1264 4230 1469 4287 multus,
1490 4226 1581 4275 nisi
1604 4224 1903 4289 perturbatio
1925 4226 2084 4295 unta,
2105 4226 2161 4269 ut
2181 4235 2282 4271 ma-

184 4294 505 4357 stipabantur.
1264 4291 1337 4340 ior
1359 4291 1505 4339 timor
1525 4290 1707 4339 oriatur
1722 4293 1744 4337 Ρ
1780 4288 1912 4335 unde
1935 4290 2082 4333 enam
2105 4298 2284 4333 nomen

250 4372 277 4421 5
303 4361 507 4408 Comitia
528 4361 647 4411 bello
664 4359 949 4422 praeferre]
987 4354 1201 4405 Comitia
1267 4356 1471 4405 ductum
1515 4360 1592 4403 est
1635 4351 1926 4401 tumultus.”
1993 4346 2286 4415 (Tumultus
