3000 4784
836 199 1031 266 LIB.
1079 198 1202 267 IX.
1263 200 1477 267 CAP.
1527 205 1631 269 37.
2160 210 2285 270 541

101 336 358 415 fessus,
414 336 750 424 brevique
801 338 1018 404 omnia
1058 352 1236 405 certa
1279 338 1634 405 allaturum.
1730 338 1937 405 Caere
1983 340 2293 407 educatus
2311 362 2379 413 U.

101 422 308 511 apud
341 423 686 511 hospites,
721 422 1008 491 Etruscis
1045 424 1198 491 inde
1237 424 1438 491 literis
1473 426 1762 491 eruditus
1790 440 1945 505 erat,
1976 426 2295 515 linguam-
2310 428 2372 478 Α·

155 534 252 575 ue
291 508 678 575 Etruscam
707 511 906 598 probe
935 524 1219 577 noverat.
1309 511 1543 577 Habeo
1580 525 1889 591 auctores,
1920 513 2113 602 vulgo
2155 527 2295 579 tum

101 534 512 661 Romanos
560 619 812 697 pueros,
859 597 1026 663 sicut
1071 620 1246 663 nunc
1297 598 1581 676 Graecis,
1626 598 1719 664 ita
1762 598 2046 665 Etruscis
2092 600 2293 666 literis

105 682 396 746 erudiri
443 682 696 748 solitos.
793 682 922 749 Sed
959 684 1222 771 propius
1257 698 1357 748 est
1388 708 1559 764 vero,
1595 685 2009 773 praecipuum
2050 686 2299 773 aliquid

105 769 337 833 fuisse
377 768 470 833 in
503 791 606 847 eo,
638 769 750 856 qui
779 792 848 834 se
879 782 1011 835 tam
1040 769 1266 835 audaci
1301 770 1705 837 simulatione
1739 771 2027 837 hostibus
2054 773 2299 837 immis-

111 855 378 919 cuerit.
503 854 738 921 Servus
775 856 838 921 ei
873 854 1110 921 dicitur
1143 878 1356 921 comes
1396 880 1563 922 unus
1592 858 1802 935 fuisse,
1832 858 2110 923 nutritus
2146 882 2297 935 una,

113 963 364 1027 eoque
407 940 605 1007 haud
639 942 896 1029 ignarus
931 941 1188 1029 linguae
1219 942 1544 1007 eiusdem:
1592 965 1715 1007 nec
1744 944 2089 1030 quicquam
2124 944 2300 1009 aliud

115 1026 679 1113 proficiscentes,
703 1050 899 1114 quam
919 1029 1284 1094 summatim
1305 1028 1601 1116 regionis,
1627 1052 1792 1116 quae
1822 1029 2123 1094 intranda
2142 1043 2299 1107 erat,

121 1126 480 1179 naturam
512 1136 586 1178 ac
615 1115 878 1179 nomina
902 1114 1268 1202 principum
1296 1115 1366 1179 in
1395 1115 1649 1203 populis
1678 1137 2017 1202 accepere3
2064 1138 2147 1180 ne
2171 1139 2303 1202 qua

124 1199 324 1263 inter
355 1199 703 1285 colloquia
728 1200 964 1301 insigni
992 1213 1146 1267 nota
1173 1201 1557 1267 haesitantes
1585 1201 1667 1267 de
1714 1200 1981 1265 rehendi
2020 1214 2297 1287 possent.

129 1283 298 1349 Iere
360 1286 684 1373 pastorali
735 1286 978 1365 habitu,
1031 1287 1382 1373 agrestibus
1433 1286 1595 1364 telis,
1668 1286 1909 1352 alcibus
1966 1287 2299 1374 gaesisque

129 1370 330 1435 binis
379 1372 638 1437 armati.
736 1372 866 1437 Sed
903 1395 1117 1460 neque
1159 1373 1613 1437 commercium
1653 1372 1743 1436 lin
1908 1420 1929 1449 ,
1960 1395 2081 1437 nec
2110 1374 2303 1439 vestis

137 1478 588 1523 armorumve
617 1458 870 1523 habitus
903 1459 996 1523 sic
1029 1481 1140 1523 eos
1169 1459 1351 1535 texit,
1384 1481 1579 1559 quam
1608 1481 1737 1545 quo
1813 1458 2192 1523 abhorrebat
2220 1460 2301 1524 ab

139 1542 314 1619 fide,
387 1566 596 1629 quem
641 1566 792 1608 uam
851 1557 1190 1609 externum
1256 1543 1571 1609 Ciminios
1636 1544 1829 1609 saltus
1895 1545 2299 1609 intraturum.

143 1626 414 1715 Usque
449 1630 536 1695 ad
629 1642 902 1695 amertes
932 1630 1212 1695 Umbros
1239 1644 1603 1717 penetrasse
1634 1630 1952 1697 dicuntur.
2031 1629 2153 1707 Ibi,
2189 1631 2303 1718 qui

149 1728 416 1793 essent,
451 1716 638 1780 fateri
676 1715 1042 1781 Romanum
1087 1739 1350 1782 ausum:
1399 1716 1963 1804 introductumque
2006 1716 2077 1781 in
2119 1740 2305 1783 sena.-

152 1812 312 1865 tum
357 1801 653 1867 consulis
679 1802 888 1866 verbis
928 1802 1130 1890 egisse
1167 1804 1248 1867 de
1279 1804 1581 1869 societate
1612 1804 2057 1891 amicitiaque:
2108 1817 2303 1891 atque

107 1895 140 1943 8
158 1886 330 1952 inde
385 1888 564 1953 comi
610 1888 886 1974 hospitio
937 1904 1291 1975 acceptum,
1340 1890 1635 1955 nuntiare
1685 1890 1993 1955 Romanis
2040 1890 2301 1967 iussum,

157 1987 620 2039 commeatum
663 1973 974 2039 exercitui
1020 1974 1270 2039 dierum
1321 1974 1583 2061 triginta
1615 1988 1877 2073 praesto
1921 1976 2077 2053 fore,
2125 1976 2181 2040 si
2226 1998 2307 2039 ea

159 2057 320 2123 loca
371 2060 714 2137 intrasset3
769 2060 1298 2146 iuventutemque
1349 2058 1747 2123 Camertium
1797 2060 2187 2124 Umbrorum
2233 2062 2304 2125 in

165 2146 380 2209 armis
411 2158 696 2233 paratam
725 2146 995 2232 imperio
1024 2146 1320 2211 futuram.
1386 2143 1571 2209 Haec
1601 2166 1802 2231 quum
1828 2146 2029 2209 relata
2055 2145 2305 2209 consuli

171 2245 427 2309 essent,
481 2232 567 2295 im
653 2232 955 2297 dimentis
1003 2232 1211 2319 prima
1254 2230 1472 2317 vigilia
1522 2230 1897 2317 praemissis,
1946 2230 2305 2316 legionibus

171 2330 332 2464 post
363 2318 542 2405 impe
591 2318 830 2383 'menta
855 2318 949 2382 ire
979 2317 1182 2395 iussis,
1206 2316 1342 2403 ipse
1372 2316 1653 2381 substitit
1680 2337 1827 2380 cum
1856 2316 2181 2402 equitatu:
2214 2330 2303 2394 et,

200 2426 330 2467 uce
364 2415 528 2480 orta,
560 2417 814 2490 postero
843 2403 950 2468 die
981 2403 1374 2490 obequitavit
1402 2402 1779 2467 stationibus
1807 2402 2107 2479 hostium,
2139 2426 2305 2501 quae

179 2502 378 2554 extra
401 2489 634 2555 saltum
663 2488 1004 2576 dispositae
1039 2500 1258 2554 erant:
1307 2502 1390 2566 et,
1422 2510 1626 2575 quum
1665 2488 1815 2551 satis
1843 2487 1959 2552 diu
1998 2499 2306 2552 tenuisset

179 2572 468 2651 hostem,
515 2575 587 2639 in
633 2588 836 2641 castra
881 2597 1018 2640 sese
1065 2574 1346 2661 recepit3
1395 2586 1708 2661 portaque
1755 2572 1953 2638 altera
1999 2596 2302 2660 egressus,

183 2672 342 2725 ante
387 2673 646 2726 noctem
687 2682 918 2747 agmen
956 2661 1327 2747 assequitur.
1419 2658 1686 2724 Postero
1725 2659 1852 2737 die,
1888 2658 2033 2724 luce
2076 2659 2305 2745 prima,

186 2744 346 2833 iuga
381 2745 666 2811 Ciminii·
680 2746 916 2811 montis
944 2747 1218 2812 tenebat.
1295 2744 1480 2822 Inde,
1512 2745 1977 2833 contemplatus
2004 2744 2308 2831 opulenta

191 2830 498 2898 Etruriae
527 2855 693 2910 arva,
726 2832 959 2898 milites
993 2832 1245 2897 emittit.
1337 2831 1593 2919 Ingenti
1632 2832 1759 2897 iam
1794 2832 2017 2897 abacta
2048 2830 2303 2919 praeda,

192 2918 654 2985 tumultuariae
711 2919 1053 3019 agrestium
1108 2918 1521 2984 Etruscorum
1578 2919 1887 2996 cohortes,
1946 2930 2209 3006 repente
2268 2940 2308 2983 a

191 3004 597 3105 principibus
645 3005 922 3105 reglonis
967 3006 1104 3069 eius
1153 3006 1525 3081 concitatae,
1577 3004 1885 3071 Romanis
1942 3016 2304 3081 occurrunt,

197 3090 369 3156 adeo
397 3104 874 3178 mcomposltae‚
903 3102 979 3155 ut
1005 3090 1290 3156 vindices
1316 3091 1695 3178 praedarum
1778 3113 1933 3177 rope
1972 3091 2093 3177 ipsi
2124 3112 2303 3175 prae-

199 3174 324 3241 dae
368 3175 625 3243 fuerint.
721 3174 944 3241 Caesis
987 3176 1346 3262 fugatisque
1391 3176 1489 3251 iis,
1534 3174 1659 3239 late
1748 3174 2090 3273 epopulato
2134 3196 2305 3260 agro,

203 3262 409 3327 victor
461 3262 812 3339 Romanus,
863 3262 1330 3349 opulentusque
1381 3282 1595 3324 rerum
1646 3281 1934 3323 ommum
1984 3259 2185 3346 copia,
2238 3259 2309 3323 in

157 3369 190 3417 9
205 3361 412 3413 castra
436 3347 646 3413 rediit.
726 3347 828 3413 Eo
853 3348 1015 3413 forte
1047 3348 1333 3433 quinque
1363 3344 1557 3431 legati
1586 3366 1733 3409 cum
1762 3344 2011 3409 duobus
2038 3344 2311 3411 tribunis

207 3432 412 3519 plebis
467 3445 796 3512 venerant,
857 3432 1306 3499 denuntiatum
1372 3430 1569 3495 Fabio
1626 3441 1883 3495 senatus
1937 3430 2166 3507 verbis,
2226 3452 2311 3496 ne

209 3518 440 3585 saltum
491 3517 848 3585 Ciminium
901 3519 1209 3585 transiret.
1302 3516 1555 3582 Laetati
1606 3516 1804 3581 serius
1852 3538 1940 3593 se,
2038 3538 2187 3581 uam
2238 3530 2313 3583 ut

211 3603 522 3691 impedire
565 3605 804 3671 bellum
849 3616 1126 3693 possent,
1155 3602 1421 3680 venisse,
1453 3602 1665 3665 nuntii
1699 3602 1997 3667 victoriae
2100 3626 2311 3669 omam

214 3702 629 3758 revertuntur.

303 3774 445 3843 Hac
485 3777 894 3865 expeditione
934 3774 1208 3843 consulis
1247 3787 1490 3841 motum
1532 3773 1721 3841 latius
1758 3788 1910 3855 erat,
1944 3800 2139 3865 quam
2165 3798 2315 3865 pro·
2436 3776 2537 3841 37.

2498 372 2505 379 0

2402 361 2463 413 0.
2585 352 2609 413 .’

2404 428 2465 479 C.
2490 428 2609 489 30&

294 4012 321 4062 7
367 4002 522 4062 Vulyo
573 4008 678 4049 mm
727 4002 971 4049 Romanor
1020 4002 1226 4062 pueros]
1298 4001 1539 4051 Umbriae
1562 4004 1823 4065 populum,
1844 4002 2038 4051 iunctos
2056 3999 2315 4051 cernimus.

227 4062 472 4136 Principes
509 4063 714 4139 scilicet,
751 4064 814 4112 cf.
844 4063 950 4141 Cic.
983 4064 1230 4141 εἰει-12633..
1296 4065 1408 4114 infr.
1430 4065 1600 4114 xxviii.
1625 4078 1703 4127 45.
1974 4128 1985 4141 ο
2166 4128 2177 4138 ·

225 4128 1232 4251 ἷξὶὲαέὶὲᾚῖιᾷἳῗὲῗῗὲεῗωρ“”
1301 4144 1397 4239 mi}
1419 4128 2067 4249 fflmffifffflffii
2074 4127 2179 4239 ‘1²3¹'
2180 4142 2319 4241 mma·

289 4255 316 4302 8
337 4256 564 4317 Hospitio
583 4256 862 4317 acceptum]
886 4254 1144 4303 Camertes
1157 4268 1236 4302 ae-
1301 4258 1382 4303 tus
1403 4256 1551 4303 verba
1572 4254 1881 4313 consentiret,
1902 4255 1967 4304 cf.
1988 4269 2119 4317 supr.
2142 4256 2191 4305 8.

235 4330 320 4375 quo
353 4318 552 4366 foedere
589 4331 702 4365 cum
743 4317 1000 4375 Romanis,
1037 4316 1238 4365 unicum
2084 4332 2091 4343 ·
