<?xml version="1.0" encoding="UTF-8"?>
<!DOCTYPE html PUBLIC "-//W3C//DTD XHTML 1.0 Transitional//EN"
    "http://www.w3.org/TR/xhtml1/DTD/xhtml1-transitional.dtd">
<html xmlns="http://www.w3.org/1999/xhtml" xml:lang="en" lang="en">
 <head>
  <title>
</title>
<meta http-equiv="Content-Type" content="text/html;charset=utf-8" />
  <meta name='ocr-system' content='tesseract 3.04.00' />
  <meta name='ocr-capabilities' content='ocr_page ocr_carea ocr_par ocr_line ocrx_word'/>
</head>
<body>
  <div class='ocr_page' id='page_1' title='image "./tliviipatavinih10unkngoog_0113.png"; bbox 0 0 3000 4784; ppageno 0'>
   <div class='ocr_carea' id='block_1_1' title="bbox 774 240 2222 308">
    <p class='ocr_par' dir='ltr' id='par_1_1' title="bbox 774 240 2222 308">
     <span class='ocr_line' id='line_1_1' title="bbox 774 240 2222 308; baseline -0.002 -1"><span class='ocrx_word' id='word_1_1' title='bbox 774 242 963 308; x_wconf 88' lang='lat' dir='ltr'><strong>LIB.</strong></span> <span class='ocrx_word' id='word_1_2' title='bbox 1026 240 1116 308; x_wconf 91' lang='lat'>11.</span> <span class='ocrx_word' id='word_1_3' title='bbox 1181 241 1418 308; x_wconf 78' lang='lat' dir='ltr'>CAR·</span> <span class='ocrx_word' id='word_1_4' title='bbox 1467 246 1569 307; x_wconf 86' lang='lat'>25.</span> <span class='ocrx_word' id='word_1_5' title='bbox 2137 244 2222 305; x_wconf 90' lang='grc'>99</span> 
     </span>
    </p>
   </div>
   <div class='ocr_carea' id='block_1_2' title="bbox 120 374 2534 3237">
    <p class='ocr_par' dir='ltr' id='par_1_2' title="bbox 120 374 2534 3237">
     <span class='ocr_line' id='line_1_2' title="bbox 125 374 2510 466; baseline 0.001 -29"><span class='ocrx_word' id='word_1_6' title='bbox 125 404 146 437; x_wconf 74' lang='lat'><em>2</em></span> <span class='ocrx_word' id='word_1_7' title='bbox 164 374 309 440; x_wconf 89' lang='lat' dir='ltr'>bello</span> <span class='ocrx_word' id='word_1_8' title='bbox 340 378 747 463; x_wconf 78' lang='lat' dir='ltr'>praevertisse</span> <span class='ocrx_word' id='word_1_9' title='bbox 778 380 1157 466; x_wconf 86' lang='lat' dir='ltr'>quicquam:</span> <span class='ocrx_word' id='word_1_10' title='bbox 1202 402 1345 455; x_wconf 89' lang='lat' dir='ltr'>nec,</span> <span class='ocrx_word' id='word_1_11' title='bbox 1374 378 1428 443; x_wconf 84' lang='lat' dir='ltr'>si</span> <span class='ocrx_word' id='word_1_12' title='bbox 1456 378 1540 442; x_wconf 90' lang='lat' dir='ltr'>sit</span> <span class='ocrx_word' id='word_1_13' title='bbox 1573 375 1917 441; x_wconf 81' lang='lat' dir='ltr'><strong>laxamenti</strong></span> <span class='ocrx_word' id='word_1_14' title='bbox 1955 376 2218 462; x_wconf 74' lang='lat' dir='ltr'>aliquid,</span> <span class='ocrx_word' id='word_1_15' title='bbox 2243 398 2308 449; x_wconf 88' lang='lat' dir='ltr'>U.</span> <span class='ocrx_word' id='word_1_16' title='bbox 2333 398 2392 449; x_wconf 83' lang='lat' dir='ltr'>c,</span> <span class='ocrx_word' id='word_1_17' title='bbox 2416 412 2510 461; x_wconf 77' lang='lat'>259</span> 
     </span>
     <span class='ocr_line' id='line_1_3' title="bbox 162 462 2528 551; baseline 0 -27"><span class='ocrx_word' id='word_1_18' title='bbox 162 476 259 526; x_wconf 88' lang='lat' dir='ltr'>aut</span> <span class='ocrx_word' id='word_1_19' title='bbox 280 462 444 549; x_wconf 89' lang='lat' dir='ltr'>plebi</span> <span class='ocrx_word' id='word_1_20' title='bbox 484 464 823 529; x_wconf 89' lang='lat' dir='ltr'>honestum</span> <span class='ocrx_word' id='word_1_21' title='bbox 852 488 1010 543; x_wconf 88' lang='lat' dir='ltr'>esse,</span> <span class='ocrx_word' id='word_1_22' title='bbox 1041 466 1164 529; x_wconf 90' lang='lat' dir='ltr'>nisi</span> <span class='ocrx_word' id='word_1_23' title='bbox 1205 465 1499 529; x_wconf 86' lang='lat' dir='ltr'>mercede</span> <span class='ocrx_word' id='word_1_24' title='bbox 1533 464 1709 551; x_wconf 89' lang='lat' dir='ltr'>prius</span> <span class='ocrx_word' id='word_1_25' title='bbox 1738 476 2016 549; x_wconf 83' lang='lat' dir='ltr'>accepta,</span> <span class='ocrx_word' id='word_1_26' title='bbox 2047 485 2223 527; x_wconf 84' lang='lat' dir='ltr'>arma</span> <span class='ocrx_word' id='word_1_27' title='bbox 2239 466 2300 514; x_wconf 82' lang='lat' dir='ltr'>A.</span> <span class='ocrx_word' id='word_1_28' title='bbox 2333 462 2394 514; x_wconf 80' lang='lat' dir='ltr'>C·</span> <span class='ocrx_word' id='word_1_29' title='bbox 2416 476 2528 526; x_wconf 86' lang='grc'><strong>493-</strong></span> 
     </span>
     <span class='ocr_line' id='line_1_4' title="bbox 123 550 2224 639; baseline 0 -26"><span class='ocrx_word' id='word_1_30' title='bbox 123 575 147 624; x_wconf 81' lang='lat'>3</span> <span class='ocrx_word' id='word_1_31' title='bbox 160 570 261 634; x_wconf 90' lang='lat' dir='ltr'>pro</span> <span class='ocrx_word' id='word_1_32' title='bbox 284 551 481 637; x_wconf 75' lang='lat' dir='ltr'>patria</span> <span class='ocrx_word' id='word_1_33' title='bbox 506 573 645 615; x_wconf 90' lang='lat' dir='ltr'>non</span> <span class='ocrx_word' id='word_1_34' title='bbox 672 553 948 639; x_wconf 84' lang='lat' dir='ltr'>cepisse3</span> <span class='ocrx_word' id='word_1_35' title='bbox 994 574 1207 639; x_wconf 89' lang='lat' dir='ltr'>neque</span> <span class='ocrx_word' id='word_1_36' title='bbox 1241 551 1538 617; x_wconf 86' lang='lat' dir='ltr'>Patribus</span> <span class='ocrx_word' id='word_1_37' title='bbox 1565 551 1714 615; x_wconf 82' lang='lat' dir='ltr'>satis</span> <span class='ocrx_word' id='word_1_38' title='bbox 1753 550 2074 627; x_wconf 88' lang='lat' dir='ltr'>decorum,</span> <span class='ocrx_word' id='word_1_39' title='bbox 2107 572 2224 637; x_wconf 89' lang='lat' dir='ltr'>per</span> 
     </span>
     <span class='ocr_line' id='line_1_5' title="bbox 160 636 2220 725; baseline 0.001 -27"><span class='ocrx_word' id='word_1_40' title='bbox 160 650 375 701; x_wconf 88' lang='lat' dir='ltr'>metum</span> <span class='ocrx_word' id='word_1_41' title='bbox 502 638 651 715; x_wconf 89' lang='lat' dir='ltr'>tius,</span> <span class='ocrx_word' id='word_1_42' title='bbox 696 661 888 725; x_wconf 85' lang='lat' dir='ltr'>quam</span> <span class='ocrx_word' id='word_1_43' title='bbox 1048 638 1267 702; x_wconf 89' lang='lat' dir='ltr'>tmodo</span> <span class='ocrx_word' id='word_1_44' title='bbox 1309 638 1652 715; x_wconf 86' lang='lat' dir='ltr'>voluntate,</span> <span class='ocrx_word' id='word_1_45' title='bbox 1697 636 1944 701; x_wconf 87' lang='lat' dir='ltr'>afflictis</span> <span class='ocrx_word' id='word_1_46' title='bbox 1987 636 2220 701; x_wconf 86' lang='lat' dir='ltr'>civium</span> 
     </span>
     <span class='ocr_line' id='line_1_6' title="bbox 120 723 2222 793; baseline 0.002 -9"><span class='ocrx_word' id='word_1_47' title='bbox 120 752 145 793; x_wconf 83' lang='lat'>4</span> <span class='ocrx_word' id='word_1_48' title='bbox 159 744 386 787; x_wconf 89' lang='lat' dir='ltr'>suorum</span> <span class='ocrx_word' id='word_1_49' title='bbox 440 724 688 789; x_wconf 88' lang='lat' dir='ltr'>ortunis</span> <span class='ocrx_word' id='word_1_50' title='bbox 726 748 879 791; x_wconf 87' lang='lat' dir='ltr'>cons</span> <span class='ocrx_word' id='word_1_51' title='bbox 948 726 1131 789; x_wconf 87' lang='lat' dir='ltr'>uisse.</span> <span class='ocrx_word' id='word_1_52' title='bbox 1227 724 1544 790; x_wconf 88' lang='lat' dir='ltr'>Concioni</span> <span class='ocrx_word' id='word_1_53' title='bbox 1583 724 1818 788; x_wconf 89' lang='lat' dir='ltr'>deinde</span> <span class='ocrx_word' id='word_1_54' title='bbox 1857 723 2070 788; x_wconf 86' lang='lat' dir='ltr'>edicto</span> <span class='ocrx_word' id='word_1_55' title='bbox 2109 724 2222 787; x_wconf 80' lang='lat' dir='ltr'>sd-</span> 
     </span>
     <span class='ocr_line' id='line_1_7' title="bbox 158 807 2221 912; baseline 0.001 -41"><span class='ocrx_word' id='word_1_56' title='bbox 158 807 301 872; x_wconf 87' lang='lat' dir='ltr'>didit</span> <span class='ocrx_word' id='word_1_57' title='bbox 320 810 531 888; x_wconf 84' lang='lat' dir='ltr'>fidem,</span> <span class='ocrx_word' id='word_1_58' title='bbox 556 835 688 898; x_wconf 92' lang='lat' dir='ltr'>quo</span> <span class='ocrx_word' id='word_1_59' title='bbox 716 811 938 890; x_wconf 81' lang='lat' dir='ltr'>edixit,</span> <span class='ocrx_word' id='word_1_60' title='bbox 971 820 992 849; x_wconf 90' lang='lat'>‘</span> <span class='ocrx_word' id='word_1_61' title='bbox 1010 811 1118 876; x_wconf 90' lang='lat' dir='ltr'>Ne</span> <span class='ocrx_word' id='word_1_62' title='bbox 1148 812 1289 912; x_wconf 87' lang='lat' dir='ltr'>quis</span> <span class='ocrx_word' id='word_1_63' title='bbox 1317 812 1522 875; x_wconf 86' lang='lat' dir='ltr'>civem</span> <span class='ocrx_word' id='word_1_64' title='bbox 1553 810 1916 875; x_wconf 88' lang='lat' dir='ltr'>Romanum</span> <span class='ocrx_word' id='word_1_65' title='bbox 1938 811 2221 874; x_wconf 86' lang='lat' dir='ltr'>vinctum</span> 
     </span>
     <span class='ocr_line' id='line_1_8' title="bbox 161 896 2220 985; baseline 0.002 -28"><span class='ocrx_word' id='word_1_66' title='bbox 161 901 178 931; x_wconf 91' lang='lat'>‘</span> <span class='ocrx_word' id='word_1_67' title='bbox 194 908 293 959; x_wconf 80' lang='lat' dir='ltr'>sut</span> <span class='ocrx_word' id='word_1_68' title='bbox 326 896 609 961; x_wconf 84' lang='lat' dir='ltr'>clausum</span> <span class='ocrx_word' id='word_1_69' title='bbox 655 910 922 976; x_wconf 91' lang='lat' dir='ltr'>teneret,</span> <span class='ocrx_word' id='word_1_70' title='bbox 954 922 1083 985; x_wconf 92' lang='lat' dir='ltr'>quo</span> <span class='ocrx_word' id='word_1_71' title='bbox 1112 920 1323 962; x_wconf 76' lang='lat' dir='ltr'>minus</span> <span class='ocrx_word' id='word_1_72' title='bbox 1368 898 1429 962; x_wconf 93' lang='lat' dir='ltr'>ei</span> <span class='ocrx_word' id='word_1_73' title='bbox 1458 897 1734 961; x_wconf 89' lang='lat' dir='ltr'>nominis</span> <span class='ocrx_word' id='word_1_74' title='bbox 1773 896 2007 961; x_wconf 91' lang='lat' dir='ltr'>edendi</span> <span class='ocrx_word' id='word_1_75' title='bbox 2047 897 2220 984; x_wconf 84' lang='lat' dir='ltr'>apud</span> 
     </span>
     <span class='ocr_line' id='line_1_9' title="bbox 160 983 2221 1071; baseline 0.001 -26"><span class='ocrx_word' id='word_1_76' title='bbox 160 989 176 1017; x_wconf 93' lang='lat'>‘</span> <span class='ocrx_word' id='word_1_77' title='bbox 192 984 463 1048; x_wconf 87' lang='lat' dir='ltr'>consules</span> <span class='ocrx_word' id='word_1_78' title='bbox 489 998 773 1071; x_wconf 81' lang='lat' dir='ltr'>potestas</span> <span class='ocrx_word' id='word_1_79' title='bbox 800 984 1001 1050; x_wconf 88' lang='lat' dir='ltr'>fieret.</span> <span class='ocrx_word' id='word_1_80' title='bbox 1092 984 1199 1049; x_wconf 90' lang='lat' dir='ltr'>Ne</span> <span class='ocrx_word' id='word_1_81' title='bbox 1230 985 1373 1071; x_wconf 88' lang='lat' dir='ltr'>quis</span> <span class='ocrx_word' id='word_1_82' title='bbox 1402 983 1639 1060; x_wconf 69' lang='lat' dir='ltr'>militis,</span> <span class='ocrx_word' id='word_1_83' title='bbox 1671 984 1876 1049; x_wconf 89' lang='lat' dir='ltr'>donec</span> <span class='ocrx_word' id='word_1_84' title='bbox 1905 984 1973 1046; x_wconf 91' lang='lat' dir='ltr'>in</span> <span class='ocrx_word' id='word_1_85' title='bbox 2004 984 2221 1047; x_wconf 80' lang='lat' dir='ltr'>castris</span> 
     </span>
     <span class='ocr_line' id='line_1_10' title="bbox 120 1070 2221 1159; baseline 0.002 -30"><span class='ocrx_word' id='word_1_86' title='bbox 120 1082 143 1128; x_wconf 76' lang='grc'>5</span> <span class='ocrx_word' id='word_1_87' title='bbox 162 1074 359 1147; x_wconf 85' lang='lat' dir='ltr'>‘esset,</span> <span class='ocrx_word' id='word_1_88' title='bbox 409 1070 581 1135; x_wconf 84' lang='lat' dir='ltr'>bona</span> <span class='ocrx_word' id='word_1_89' title='bbox 630 1070 999 1159; x_wconf 85' lang='lat' dir='ltr'>possideret,</span> <span class='ocrx_word' id='word_1_90' title='bbox 1044 1085 1155 1136; x_wconf 83' lang='lat' dir='ltr'>aut</span> <span class='ocrx_word' id='word_1_91' title='bbox 1196 1071 1540 1136; x_wconf 84' lang='lat' dir='ltr'>venderet:</span> <span class='ocrx_word' id='word_1_92' title='bbox 1604 1070 1832 1136; x_wconf 86' lang='lat' dir='ltr'>liberos</span> <span class='ocrx_word' id='word_1_93' title='bbox 1881 1083 2221 1157; x_wconf 86' lang='lat' dir='ltr'>nepotesve</span> 
     </span>
     <span class='ocr_line' id='line_1_11' title="bbox 161 1155 2220 1245; baseline 0.001 -27"><span class='ocrx_word' id='word_1_94' title='bbox 161 1162 177 1190; x_wconf 89' lang='lat'>‘</span> <span class='ocrx_word' id='word_1_95' title='bbox 190 1155 311 1219; x_wconf 89' lang='lat' dir='ltr'>eius</span> <span class='ocrx_word' id='word_1_96' title='bbox 350 1158 743 1223; x_wconf 60' lang='lat' dir='ltr'>moraretur?</span> <span class='ocrx_word' id='word_1_97' title='bbox 832 1156 979 1224; x_wconf 91' lang='lat' dir='ltr'>Hoc</span> <span class='ocrx_word' id='word_1_98' title='bbox 1019 1159 1342 1245; x_wconf 87' lang='lat' dir='ltr'>proposito</span> <span class='ocrx_word' id='word_1_99' title='bbox 1385 1156 1615 1234; x_wconf 80' lang='lat' dir='ltr'>edicte,</span> <span class='ocrx_word' id='word_1_100' title='bbox 1653 1169 1739 1234; x_wconf 92' lang='lat' dir='ltr'>et,</span> <span class='ocrx_word' id='word_1_101' title='bbox 1781 1157 1893 1243; x_wconf 93' lang='lat' dir='ltr'>qui</span> <span class='ocrx_word' id='word_1_102' title='bbox 1939 1157 2220 1233; x_wconf 77' lang='lat' dir='ltr'>aderant,</span> 
     </span>
     <span class='ocr_line' id='line_1_12' title="bbox 158 1242 2222 1343; baseline 0.002 -41"><span class='ocrx_word' id='word_1_103' title='bbox 158 1242 289 1304; x_wconf 85' lang='lat' dir='ltr'>nexi</span> <span class='ocrx_word' id='word_1_104' title='bbox 330 1244 617 1343; x_wconf 86' lang='lat' dir='ltr'>profiteri</span> <span class='ocrx_word' id='word_1_105' title='bbox 656 1245 981 1333; x_wconf 76' lang='lat' dir='ltr'>extemplo</span> <span class='ocrx_word' id='word_1_106' title='bbox 1020 1244 1315 1321; x_wconf 82' lang='lat' dir='ltr'>nomina3</span> <span class='ocrx_word' id='word_1_107' title='bbox 1361 1257 1428 1309; x_wconf 90' lang='lat' dir='ltr'>et</span> <span class='ocrx_word' id='word_1_108' title='bbox 1458 1243 1744 1329; x_wconf 86' lang='lat' dir='ltr'>undique</span> <span class='ocrx_word' id='word_1_109' title='bbox 1774 1265 1856 1307; x_wconf 88' lang='lat' dir='ltr'>ex</span> <span class='ocrx_word' id='word_1_110' title='bbox 1893 1256 2029 1307; x_wconf 86' lang='lat' dir='ltr'>tota</span> <span class='ocrx_word' id='word_1_111' title='bbox 2061 1245 2222 1309; x_wconf 91' lang='lat' dir='ltr'>urbe</span> 
     </span>
     <span class='ocr_line' id='line_1_13' title="bbox 158 1328 2224 1418; baseline 0.001 -28"><span class='ocrx_word' id='word_1_112' title='bbox 158 1328 623 1415; x_wconf 77' lang='lat' dir='ltr'>proripientium</span> <span class='ocrx_word' id='word_1_113' title='bbox 658 1352 723 1395; x_wconf 90' lang='lat' dir='ltr'>se</span> <span class='ocrx_word' id='word_1_114' title='bbox 768 1353 851 1395; x_wconf 88' lang='lat' dir='ltr'>ex</span> <span class='ocrx_word' id='word_1_115' title='bbox 890 1332 1155 1418; x_wconf 83' lang='lat' dir='ltr'>privato,</span> <span class='ocrx_word' id='word_1_116' title='bbox 1192 1352 1392 1418; x_wconf 89' lang='lat' dir='ltr'>quum</span> <span class='ocrx_word' id='word_1_117' title='bbox 1432 1329 1752 1395; x_wconf 89' lang='lat' dir='ltr'>retinendi</span> <span class='ocrx_word' id='word_1_118' title='bbox 1791 1329 1890 1393; x_wconf 90' lang='lat' dir='ltr'>ius</span> <span class='ocrx_word' id='word_1_119' title='bbox 1929 1330 2224 1393; x_wconf 86' lang='lat' dir='ltr'>creditori</span> 
     </span>
     <span class='ocr_line' id='line_1_14' title="bbox 120 1415 2222 1495; baseline 0.001 -20"><span class='ocrx_word' id='word_1_120' title='bbox 120 1416 145 1465; x_wconf 89' lang='lat'><strong>6</strong></span> <span class='ocrx_word' id='word_1_121' title='bbox 158 1436 269 1477; x_wconf 90' lang='lat' dir='ltr'>non</span> <span class='ocrx_word' id='word_1_122' title='bbox 296 1430 477 1495; x_wconf 86' lang='lat' dir='ltr'>esset,</span> <span class='ocrx_word' id='word_1_123' title='bbox 494 1439 843 1483; x_wconf 79' lang='lat' dir='ltr'><strong>concursus</strong></span> <span class='ocrx_word' id='word_1_124' title='bbox 870 1419 941 1481; x_wconf 91' lang='lat' dir='ltr'>in</span> <span class='ocrx_word' id='word_1_125' title='bbox 961 1419 1189 1495; x_wconf 87' lang='lat' dir='ltr'>forum,</span> <span class='ocrx_word' id='word_1_126' title='bbox 1214 1430 1290 1481; x_wconf 90' lang='lat' dir='ltr'>ut</span> <span class='ocrx_word' id='word_1_127' title='bbox 1315 1428 1710 1482; x_wconf 79' lang='lat' dir='ltr'>sacramento</span> <span class='ocrx_word' id='word_1_128' title='bbox 1737 1415 2041 1493; x_wconf 85' lang='lat' dir='ltr'>dicerent,</span> <span class='ocrx_word' id='word_1_129' title='bbox 2065 1415 2222 1479; x_wconf 81' lang='lat' dir='ltr'>fieri,</span> 
     </span>
     <span class='ocr_line' id='line_1_15' title="bbox 160 1498 2226 1591; baseline -0 -23"><span class='ocrx_word' id='word_1_130' title='bbox 160 1498 380 1589; x_wconf 74' lang='lat' dir='ltr'>Magna</span> <span class='ocrx_word' id='word_1_131' title='bbox 427 1527 507 1569; x_wconf 88' lang='lat' dir='ltr'>ea</span> <span class='ocrx_word' id='word_1_132' title='bbox 556 1526 785 1568; x_wconf 81' lang='lat' dir='ltr'>manus</span> <span class='ocrx_word' id='word_1_133' title='bbox 834 1504 991 1582; x_wconf 84' lang='lat' dir='ltr'>fuit3</span> <span class='ocrx_word' id='word_1_134' title='bbox 1051 1526 1265 1591; x_wconf 91' lang='lat' dir='ltr'>neque</span> <span class='ocrx_word' id='word_1_135' title='bbox 1312 1503 1578 1568; x_wconf 88' lang='lat' dir='ltr'>aliorum</span> <span class='ocrx_word' id='word_1_136' title='bbox 1627 1503 1824 1589; x_wconf 81' lang='lat' dir='ltr'>magis</span> <span class='ocrx_word' id='word_1_137' title='bbox 1871 1503 1940 1566; x_wconf 92' lang='lat' dir='ltr'>in</span> <span class='ocrx_word' id='word_1_138' title='bbox 1991 1500 2226 1567; x_wconf 87' lang='lat' dir='ltr'>Volsco</span> 
     </span>
     <span class='ocr_line' id='line_1_16' title="bbox 160 1586 2229 1679; baseline 0.002 -30"><span class='ocrx_word' id='word_1_139' title='bbox 160 1586 303 1652; x_wconf 91' lang='lat' dir='ltr'>bello</span> <span class='ocrx_word' id='word_1_140' title='bbox 350 1590 552 1655; x_wconf 84' lang='lat' dir='ltr'>virtus</span> <span class='ocrx_word' id='word_1_141' title='bbox 610 1604 806 1677; x_wconf 87' lang='lat' dir='ltr'>atque</span> <span class='ocrx_word' id='word_1_142' title='bbox 864 1614 1059 1679; x_wconf 81' lang='lat' dir='ltr'>opera</span> <span class='ocrx_word' id='word_1_143' title='bbox 1106 1591 1355 1655; x_wconf 87' lang='lat' dir='ltr'>enituit.</span> <span class='ocrx_word' id='word_1_144' title='bbox 1450 1589 1696 1655; x_wconf 89' lang='lat' dir='ltr'>Consul</span> <span class='ocrx_word' id='word_1_145' title='bbox 1746 1590 1959 1677; x_wconf 80' lang='lat' dir='ltr'>copias</span> <span class='ocrx_word' id='word_1_146' title='bbox 2007 1602 2229 1654; x_wconf 85' lang='lat' dir='ltr'>contra</span> 
     </span>
     <span class='ocr_line' id='line_1_17' title="bbox 158 1670 2092 1766; baseline 0.003 -31"><span class='ocrx_word' id='word_1_147' title='bbox 158 1670 381 1739; x_wconf 87' lang='lat' dir='ltr'>hostem</span> <span class='ocrx_word' id='word_1_148' title='bbox 408 1676 663 1743; x_wconf 81' lang='lat' dir='ltr'>educit:</span> <span class='ocrx_word' id='word_1_149' title='bbox 712 1700 906 1766; x_wconf 86' lang='lat' dir='ltr'>parvo</span> <span class='ocrx_word' id='word_1_150' title='bbox 934 1678 1271 1743; x_wconf 84' lang='lat' dir='ltr'>dirimente</span> <span class='ocrx_word' id='word_1_151' title='bbox 1301 1676 1638 1742; x_wconf 89' lang='lat' dir='ltr'>intervallo</span> <span class='ocrx_word' id='word_1_152' title='bbox 1665 1690 1867 1740; x_wconf 83' lang='lat' dir='ltr'>castra</span> <span class='ocrx_word' id='word_1_153' title='bbox 1893 1676 2092 1763; x_wconf 87' lang='lat' dir='ltr'>ponit.</span> 
     </span>
     <span class='ocr_line' id='line_1_18' title="bbox 233 1758 2454 1841; baseline 0.002 -18"><span class='ocrx_word' id='word_1_154' title='bbox 233 1758 525 1829; x_wconf 84' lang='lat' dir='ltr'>Proxima</span> <span class='ocrx_word' id='word_1_155' title='bbox 566 1764 721 1829; x_wconf 83' lang='lat' dir='ltr'>inde</span> <span class='ocrx_word' id='word_1_156' title='bbox 764 1778 953 1829; x_wconf 88' lang='lat' dir='ltr'>noete</span> <span class='ocrx_word' id='word_1_157' title='bbox 999 1763 1237 1841; x_wconf 79' lang='lat' dir='ltr'>Volsci,</span> <span class='ocrx_word' id='word_1_158' title='bbox 1276 1763 1592 1829; x_wconf 82' lang='lat' dir='ltr'>discordia</span> <span class='ocrx_word' id='word_1_159' title='bbox 1640 1762 1932 1827; x_wconf 87' lang='lat' dir='ltr'>Romana</span> <span class='ocrx_word' id='word_1_160' title='bbox 1969 1763 2135 1840; x_wconf 74' lang='lat' dir='ltr'>steti,</span> <span class='ocrx_word' id='word_1_161' title='bbox 2173 1762 2228 1827; x_wconf 87' lang='lat' dir='ltr'>si</span> <span class='ocrx_word' id='word_1_162' title='bbox 2351 1778 2454 1839; x_wconf 79' lang='lat'>25,</span> 
     </span>
     <span class='ocr_line' id='line_1_19' title="bbox 160 1850 2224 1996; baseline 0 -84"><span class='ocrx_word' id='word_1_163' title='bbox 160 1868 271 1996; x_wconf 50' lang='lat' dir='ltr'>gl?</span> <span class='ocrx_word' id='word_1_164' title='bbox 294 1863 605 1916; x_wconf 87' lang='lat' dir='ltr'>nocturna</span> <span class='ocrx_word' id='word_1_165' title='bbox 633 1852 920 1916; x_wconf 82' lang='lat' dir='ltr'>transitio</span> <span class='ocrx_word' id='word_1_166' title='bbox 940 1852 1293 1938; x_wconf 85' lang='lat' dir='ltr'>proditiove</span> <span class='ocrx_word' id='word_1_167' title='bbox 1321 1850 1462 1915; x_wconf 90' lang='lat' dir='ltr'>fieri</span> <span class='ocrx_word' id='word_1_168' title='bbox 1488 1850 1706 1950; x_wconf 82' lang='lat' dir='ltr'>possit,</span> <span class='ocrx_word' id='word_1_169' title='bbox 1737 1862 1986 1915; x_wconf 80' lang='lat' dir='ltr'>tentant</span> <span class='ocrx_word' id='word_1_170' title='bbox 2006 1864 2224 1915; x_wconf 80' lang='lat' dir='ltr'>castra.</span> 
     </span>
     <span class='ocr_line' id='line_1_20' title="bbox 236 1936 2227 2025; baseline 0 -24"><span class='ocrx_word' id='word_1_171' title='bbox 236 1956 405 2002; x_wconf 86' lang='lat' dir='ltr'>nsere</span> <span class='ocrx_word' id='word_1_172' title='bbox 434 1938 689 2025; x_wconf 82' lang='lat' dir='ltr'>vigiles:</span> <span class='ocrx_word' id='word_1_173' title='bbox 736 1939 1046 2002; x_wconf 83' lang='lat' dir='ltr'>excitatus</span> <span class='ocrx_word' id='word_1_174' title='bbox 1074 1937 1417 2004; x_wconf 82' lang='lat' dir='ltr'>exercitus:</span> <span class='ocrx_word' id='word_1_175' title='bbox 1466 1960 1650 2024; x_wconf 80' lang='lat' dir='ltr'>s1gno</span> <span class='ocrx_word' id='word_1_176' title='bbox 1680 1936 1828 2001; x_wconf 91' lang='lat' dir='ltr'>dato</span> <span class='ocrx_word' id='word_1_177' title='bbox 1851 1958 2227 2001; x_wconf 88' lang='lat' dir='ltr'>concursum</span> 
     </span>
     <span class='ocr_line' id='line_1_21' title="bbox 161 2022 2228 2111; baseline 0.002 -28"><span class='ocrx_word' id='word_1_178' title='bbox 161 2033 242 2083; x_wconf 86' lang='lat' dir='ltr'>est</span> <span class='ocrx_word' id='word_1_179' title='bbox 260 2022 337 2087; x_wconf 83' lang='lat' dir='ltr'>ad</span> <span class='ocrx_word' id='word_1_180' title='bbox 353 2046 545 2090; x_wconf 84' lang='lat' dir='ltr'>arma..</span> <span class='ocrx_word' id='word_1_181' title='bbox 626 2024 729 2089; x_wconf 81' lang='lat' dir='ltr'>Ita</span> <span class='ocrx_word' id='word_1_182' title='bbox 747 2024 976 2088; x_wconf 78' lang='lat' dir='ltr'>stustm</span> <span class='ocrx_word' id='word_1_183' title='bbox 996 2024 1066 2088; x_wconf 90' lang='lat' dir='ltr'>id</span> <span class='ocrx_word' id='word_1_184' title='bbox 1086 2026 1415 2111; x_wconf 89' lang='lat' dir='ltr'>inceptum</span> <span class='ocrx_word' id='word_1_185' title='bbox 1445 2023 1694 2089; x_wconf 78' lang='lat' dir='ltr'>Volscis</span> <span class='ocrx_word' id='word_1_186' title='bbox 1715 2024 1861 2087; x_wconf 66' lang='lat' dir='ltr'>fiiit:</span> <span class='ocrx_word' id='word_1_187' title='bbox 1910 2023 2228 2110; x_wconf 89' lang='lat' dir='ltr'>reliquum</span> 
     </span>
     <span class='ocr_line' id='line_1_22' title="bbox 164 2108 2228 2199; baseline 0.001 -28"><span class='ocrx_word' id='word_1_188' title='bbox 164 2108 345 2173; x_wconf 83' lang='lat' dir='ltr'>noctis</span> <span class='ocrx_word' id='word_1_189' title='bbox 394 2112 721 2199; x_wconf 87' lang='lat' dir='ltr'>utrimque</span> <span class='ocrx_word' id='word_1_190' title='bbox 780 2111 979 2197; x_wconf 89' lang='lat' dir='ltr'>quieti</span> <span class='ocrx_word' id='word_1_191' title='bbox 1032 2110 1271 2175; x_wconf 83' lang='lat' dir='ltr'>datum.</span> <span class='ocrx_word' id='word_1_192' title='bbox 1362 2110 1627 2175; x_wconf 86' lang='lat' dir='ltr'>Postero</span> <span class='ocrx_word' id='word_1_193' title='bbox 1677 2110 1782 2175; x_wconf 90' lang='lat' dir='ltr'>die</span> <span class='ocrx_word' id='word_1_194' title='bbox 1833 2111 2037 2197; x_wconf 85' lang='lat' dir='ltr'>prima</span> <span class='ocrx_word' id='word_1_195' title='bbox 2085 2108 2228 2173; x_wconf 90' lang='lat' dir='ltr'>luce</span> 
     </span>
     <span class='ocr_line' id='line_1_23' title="bbox 164 2189 2232 2286; baseline 0.001 -30"><span class='ocrx_word' id='word_1_196' title='bbox 164 2189 375 2273; x_wconf 83' lang='lat' dir='ltr'>Volsci,</span> <span class='ocrx_word' id='word_1_197' title='bbox 405 2197 593 2263; x_wconf 82' lang='lat' dir='ltr'>fossis</span> <span class='ocrx_word' id='word_1_198' title='bbox 628 2196 905 2286; x_wconf 87' lang='lat' dir='ltr'>repletis,</span> <span class='ocrx_word' id='word_1_199' title='bbox 935 2196 1169 2262; x_wconf 82' lang='lat' dir='ltr'>vallum</span> <span class='ocrx_word' id='word_1_200' title='bbox 1208 2198 1538 2262; x_wconf 76' lang='lat' dir='ltr'>invadunt.</span> <span class='ocrx_word' id='word_1_201' title='bbox 1632 2194 1895 2283; x_wconf 80' lang='lat' dir='ltr'>Iamque</span> <span class='ocrx_word' id='word_1_202' title='bbox 1937 2197 2016 2261; x_wconf 87' lang='lat' dir='ltr'>ab</span> <span class='ocrx_word' id='word_1_203' title='bbox 2055 2195 2232 2261; x_wconf 90' lang='lat' dir='ltr'>omni</span> 
     </span>
     <span class='ocr_line' id='line_1_24' title="bbox 166 2282 2232 2372; baseline 0 -27"><span class='ocrx_word' id='word_1_204' title='bbox 166 2292 323 2363; x_wconf 75' lang='lat' dir='ltr'>parte</span> <span class='ocrx_word' id='word_1_205' title='bbox 378 2286 781 2349; x_wconf 79' lang='lat' dir='ltr'>munimenta</span> <span class='ocrx_word' id='word_1_206' title='bbox 835 2283 1247 2361; x_wconf 76' lang='lat' dir='ltr'>vellebantur,</span> <span class='ocrx_word' id='word_1_207' title='bbox 1308 2307 1508 2372; x_wconf 89' lang='lat' dir='ltr'>quum</span> <span class='ocrx_word' id='word_1_208' title='bbox 1567 2282 1806 2360; x_wconf 88' lang='lat' dir='ltr'>consul,</span> <span class='ocrx_word' id='word_1_209' title='bbox 1911 2305 2232 2370; x_wconf 72' lang='lat' dir='ltr'>uunquam</span> 
     </span>
     <span class='ocr_line' id='line_1_25' title="bbox 168 2369 2232 2458; baseline 0.003 -31"><span class='ocrx_word' id='word_1_210' title='bbox 168 2369 357 2432; x_wconf 85' lang='lat' dir='ltr'>cuncti</span> <span class='ocrx_word' id='word_1_211' title='bbox 394 2372 707 2458; x_wconf 88' lang='lat' dir='ltr'>undique,</span> <span class='ocrx_word' id='word_1_212' title='bbox 740 2384 807 2436; x_wconf 89' lang='lat' dir='ltr'>et</span> <span class='ocrx_word' id='word_1_213' title='bbox 842 2371 997 2435; x_wconf 82' lang='lat' dir='ltr'>nexi</span> <span class='ocrx_word' id='word_1_214' title='bbox 1026 2383 1173 2435; x_wconf 85' lang='lat' dir='ltr'>ante</span> <span class='ocrx_word' id='word_1_215' title='bbox 1212 2394 1451 2449; x_wconf 88' lang='lat' dir='ltr'>omnes,</span> <span class='ocrx_word' id='word_1_216' title='bbox 1480 2384 1556 2435; x_wconf 90' lang='lat' dir='ltr'>ut</span> <span class='ocrx_word' id='word_1_217' title='bbox 1583 2370 1834 2457; x_wconf 81' lang='lat' dir='ltr'>signum</span> <span class='ocrx_word' id='word_1_218' title='bbox 1919 2383 2074 2447; x_wconf 92' lang='lat' dir='ltr'>aret,</span> <span class='ocrx_word' id='word_1_219' title='bbox 2105 2369 2232 2434; x_wconf 84' lang='lat' dir='ltr'>cla-</span> 
     </span>
     <span class='ocr_line' id='line_1_26' title="bbox 168 2454 2234 2545; baseline 0.002 -30"><span class='ocrx_word' id='word_1_220' title='bbox 168 2454 417 2534; x_wconf 79' lang='lat' dir='ltr'>mabant,</span> <span class='ocrx_word' id='word_1_221' title='bbox 428 2456 807 2545; x_wconf 85' lang='lat' dir='ltr'>experiendi</span> <span class='ocrx_word' id='word_1_222' title='bbox 826 2458 1069 2523; x_wconf 89' lang='lat' dir='ltr'>animos</span> <span class='ocrx_word' id='word_1_223' title='bbox 1086 2457 1359 2522; x_wconf 89' lang='lat' dir='ltr'>militum</span> <span class='ocrx_word' id='word_1_224' title='bbox 1378 2480 1566 2521; x_wconf 84' lang='lat' dir='ltr'>causa</span> <span class='ocrx_word' id='word_1_225' title='bbox 1581 2478 1922 2543; x_wconf 83' lang='lat' dir='ltr'>parumper</span> <span class='ocrx_word' id='word_1_226' title='bbox 1937 2468 2234 2532; x_wconf 68' lang='lat' dir='ltr'>moretm,</span> 
     </span>
     <span class='ocr_line' id='line_1_27' title="bbox 168 2540 2236 2632; baseline 0 -27"><span class='ocrx_word' id='word_1_227' title='bbox 168 2553 473 2629; x_wconf 83' lang='lat' dir='ltr'>postquam</span> <span class='ocrx_word' id='word_1_228' title='bbox 518 2544 673 2609; x_wconf 83' lang='lat' dir='ltr'>satis</span> <span class='ocrx_word' id='word_1_229' title='bbox 724 2546 1066 2631; x_wconf 81' lang='lat' dir='ltr'>apparebat</span> <span class='ocrx_word' id='word_1_230' title='bbox 1114 2544 1343 2632; x_wconf 84' lang='lat' dir='ltr'>ingens</span> <span class='ocrx_word' id='word_1_231' title='bbox 1386 2542 1596 2619; x_wconf 86' lang='lat' dir='ltr'>ardor,</span> <span class='ocrx_word' id='word_1_232' title='bbox 1643 2542 1793 2606; x_wconf 89' lang='lat' dir='ltr'>dato</span> <span class='ocrx_word' id='word_1_233' title='bbox 1846 2542 2104 2606; x_wconf 87' lang='lat' dir='ltr'>tandem</span> <span class='ocrx_word' id='word_1_234' title='bbox 2155 2540 2236 2605; x_wconf 87' lang='lat' dir='ltr'>ad</span> 
     </span>
     <span class='ocr_line' id='line_1_28' title="bbox 169 2628 2231 2719; baseline 0 -30"><span class='ocrx_word' id='word_1_235' title='bbox 169 2630 611 2715; x_wconf 83' lang='lat' dir='ltr'>erumpendum</span> <span class='ocrx_word' id='word_1_236' title='bbox 669 2630 869 2719; x_wconf 82' lang='lat' dir='ltr'>signo,</span> <span class='ocrx_word' id='word_1_237' title='bbox 922 2630 1189 2695; x_wconf 91' lang='lat' dir='ltr'>militem</span> <span class='ocrx_word' id='word_1_238' title='bbox 1249 2629 1505 2693; x_wconf 86' lang='lat' dir='ltr'>avidum</span> <span class='ocrx_word' id='word_1_239' title='bbox 1562 2628 1922 2693; x_wconf 80' lang='lat' dir='ltr'>certaminis</span> <span class='ocrx_word' id='word_1_240' title='bbox 1981 2628 2231 2692; x_wconf 83' lang='lat' dir='ltr'>emittit.</span> 
     </span>
     <span class='ocr_line' id='line_1_29' title="bbox 172 2706 2534 2804; baseline 0 -27"><span class='ocrx_word' id='word_1_241' title='bbox 172 2706 361 2779; x_wconf 88' lang='lat' dir='ltr'>Primo</span> <span class='ocrx_word' id='word_1_242' title='bbox 394 2718 613 2783; x_wconf 84' lang='lat' dir='ltr'>statim</span> <span class='ocrx_word' id='word_1_243' title='bbox 655 2718 911 2782; x_wconf 88' lang='lat' dir='ltr'>incursu</span> <span class='ocrx_word' id='word_1_244' title='bbox 948 2715 1115 2804; x_wconf 87' lang='lat' dir='ltr'>pulsi</span> <span class='ocrx_word' id='word_1_245' title='bbox 1159 2716 1404 2781; x_wconf 86' lang='lat' dir='ltr'>hostes:</span> <span class='ocrx_word' id='word_1_246' title='bbox 1449 2716 1858 2803; x_wconf 60' lang='lat' dir='ltr'>fugientibus»,</span> <span class='ocrx_word' id='word_1_247' title='bbox 1890 2714 2101 2801; x_wconf 90' lang='lat' dir='ltr'>quoad</span> <span class='ocrx_word' id='word_1_248' title='bbox 2136 2714 2236 2778; x_wconf 92' lang='lat' dir='ltr'>in-</span> <span class='ocrx_word' id='word_1_249' title='bbox 2253 2742 2388 2793; x_wconf 79' lang='lat' dir='ltr'>Victi</span> <span class='ocrx_word' id='word_1_250' title='bbox 2413 2741 2534 2789; x_wconf 74' lang='lat' dir='ltr'>vol-</span> 
     </span>
     <span class='ocr_line' id='line_1_30' title="bbox 171 2800 2334 2891; baseline 0 -27"><span class='ocrx_word' id='word_1_251' title='bbox 171 2800 328 2884; x_wconf 83' lang='lat' dir='ltr'>sequi</span> <span class='ocrx_word' id='word_1_252' title='bbox 381 2804 582 2889; x_wconf 87' lang='lat' dir='ltr'>pedes</span> <span class='ocrx_word' id='word_1_253' title='bbox 718 2804 857 2881; x_wconf 90' lang='lat' dir='ltr'>tuit,</span> <span class='ocrx_word' id='word_1_254' title='bbox 907 2817 1086 2891; x_wconf 83' lang='lat' dir='ltr'>terga</span> <span class='ocrx_word' id='word_1_255' title='bbox 1134 2826 1351 2868; x_wconf 82' lang='lat' dir='ltr'>caesa:</span> <span class='ocrx_word' id='word_1_256' title='bbox 1416 2826 1612 2890; x_wconf 91' lang='lat' dir='ltr'>eques</span> <span class='ocrx_word' id='word_1_257' title='bbox 1655 2824 1856 2889; x_wconf 88' lang='lat' dir='ltr'>usque</span> <span class='ocrx_word' id='word_1_258' title='bbox 1909 2802 1990 2866; x_wconf 86' lang='lat' dir='ltr'>ad</span> <span class='ocrx_word' id='word_1_259' title='bbox 2037 2814 2238 2866; x_wconf 78' lang='lat' dir='ltr'>castra</span> <span class='ocrx_word' id='word_1_260' title='bbox 2252 2809 2334 2857; x_wconf 76' lang='lat' dir='ltr'>sei-</span> 
     </span>
     <span class='ocr_line' id='line_1_31' title="bbox 202 2886 2236 2992; baseline 0.002 -44"><span class='ocrx_word' id='word_1_261' title='bbox 202 2970 207 2973; x_wconf 23' lang='grc'><strong>,</strong></span> <span class='ocrx_word' id='word_1_262' title='bbox 240 2886 403 2953; x_wconf 81' lang='lat' dir='ltr'>vidos</span> <span class='ocrx_word' id='word_1_263' title='bbox 425 2891 577 2992; x_wconf 73' lang='lat' dir='ltr'>egit.</span> <span class='ocrx_word' id='word_1_264' title='bbox 716 2913 803 2955; x_wconf 85' lang='lat' dir='ltr'>ox</span> <span class='ocrx_word' id='word_1_265' title='bbox 822 2891 960 2977; x_wconf 86' lang='lat' dir='ltr'>ipsa</span> <span class='ocrx_word' id='word_1_266' title='bbox 980 2904 1198 2967; x_wconf 84' lang='lat' dir='ltr'>castra,</span> <span class='ocrx_word' id='word_1_267' title='bbox 1218 2890 1574 2977; x_wconf 84' lang='lat' dir='ltr'>legionibus</span> <span class='ocrx_word' id='word_1_268' title='bbox 1595 2888 2015 2966; x_wconf 76' lang='lat' dir='ltr'>circumdatiS,</span> <span class='ocrx_word' id='word_1_269' title='bbox 2035 2911 2236 2976; x_wconf 90' lang='lat' dir='ltr'>quum</span> 
     </span>
     <span class='ocr_line' id='line_1_32' title="bbox 228 2972 2233 3065; baseline 0.003 -31"><span class='ocrx_word' id='word_1_270' title='bbox 228 2972 413 3041; x_wconf 86' lang='lat' dir='ltr'>olscos</span> <span class='ocrx_word' id='word_1_271' title='bbox 469 2976 625 3041; x_wconf 88' lang='lat' dir='ltr'>mde</span> <span class='ocrx_word' id='word_1_272' title='bbox 686 2978 879 3041; x_wconf 80' lang='lat' dir='ltr'>etism</span> <span class='ocrx_word' id='word_1_273' title='bbox 937 3000 1132 3063; x_wconf 89' lang='lat' dir='ltr'>pavor</span> <span class='ocrx_word' id='word_1_274' title='bbox 1181 2977 1544 3065; x_wconf 82' lang='lat' dir='ltr'>expulisset,</span> <span class='ocrx_word' id='word_1_275' title='bbox 1598 2992 1784 3063; x_wconf 81' lang='lat' dir='ltr'>capta</span> <span class='ocrx_word' id='word_1_276' title='bbox 1841 2975 2233 3063; x_wconf 83' lang='lat' dir='ltr'>direptaque.</span> 
     </span>
     <span class='ocr_line' id='line_1_33' title="bbox 174 3053 2238 3151; baseline 0.001 -26"><span class='ocrx_word' id='word_1_277' title='bbox 174 3053 411 3126; x_wconf 79' lang='lat' dir='ltr'>Postero</span> <span class='ocrx_word' id='word_1_278' title='bbox 440 3063 547 3129; x_wconf 89' lang='lat' dir='ltr'>die</span> <span class='ocrx_word' id='word_1_279' title='bbox 579 3063 661 3127; x_wconf 84' lang='lat' dir='ltr'>ad</span> <span class='ocrx_word' id='word_1_280' title='bbox 694 3062 985 3129; x_wconf 78' lang='lat' dir='ltr'>Suessam</span> <span class='ocrx_word' id='word_1_281' title='bbox 1016 3064 1389 3142; x_wconf 87' lang='lat' dir='ltr'>Pometiam,</span> <span class='ocrx_word' id='word_1_282' title='bbox 1416 3088 1546 3151; x_wconf 85' lang='lat' dir='ltr'>quo</span> <span class='ocrx_word' id='word_1_283' title='bbox 1574 3064 1986 3150; x_wconf 82' lang='lat' dir='ltr'>confugerant</span> <span class='ocrx_word' id='word_1_284' title='bbox 2007 3062 2238 3140; x_wconf 90' lang='lat' dir='ltr'>hostes,</span> 
     </span>
     <span class='ocr_line' id='line_1_34' title="bbox 140 3140 2242 3237; baseline 0.002 -27"><span class='ocrx_word' id='word_1_285' title='bbox 140 3140 503 3229; x_wconf 63' lang='lat' dir='ltr'>vlegionibus</span> <span class='ocrx_word' id='word_1_286' title='bbox 534 3150 761 3227; x_wconf 89' lang='lat' dir='ltr'>ductis,</span> <span class='ocrx_word' id='word_1_287' title='bbox 792 3150 961 3215; x_wconf 86' lang='lat' dir='ltr'>intra</span> <span class='ocrx_word' id='word_1_288' title='bbox 988 3173 1221 3237; x_wconf 83' lang='lat' dir='ltr'>paucos</span> <span class='ocrx_word' id='word_1_289' title='bbox 1249 3150 1387 3215; x_wconf 90' lang='lat' dir='ltr'>dies</span> <span class='ocrx_word' id='word_1_290' title='bbox 1420 3150 1730 3237; x_wconf 88' lang='lat' dir='ltr'>oppidum</span> <span class='ocrx_word' id='word_1_291' title='bbox 1759 3149 2044 3236; x_wconf 84' lang='lat' dir='ltr'>eapitur:</span> <span class='ocrx_word' id='word_1_292' title='bbox 2093 3172 2242 3237; x_wconf 84' lang='lat' dir='ltr'>cap—</span> 
     </span>
    </p>
   </div>
   <div class='ocr_carea' id='block_1_3' title="bbox 178 3359 2247 4453">
    <p class='ocr_par' dir='ltr' id='par_1_3' title="bbox 178 3359 2247 4453">
     <span class='ocr_line' id='line_1_35' title="bbox 232 3359 2239 3429; baseline 0 -20"><span class='ocrx_word' id='word_1_293' title='bbox 232 3372 256 3405; x_wconf 72' lang='lat'><em>2</em></span> <span class='ocrx_word' id='word_1_294' title='bbox 286 3362 338 3409; x_wconf 73' lang='lat' dir='ltr'>Si</span> <span class='ocrx_word' id='word_1_295' title='bbox 356 3366 417 3412; x_wconf 77' lang='lat' dir='ltr'>sit</span> <span class='ocrx_word' id='word_1_296' title='bbox 438 3368 704 3415; x_wconf 60' lang='lat' dir='ltr'>laxamenti</span> <span class='ocrx_word' id='word_1_297' title='bbox 724 3366 937 3429; x_wconf 73' lang='lat' dir='ltr'>aliquid]</span> <span class='ocrx_word' id='word_1_298' title='bbox 980 3364 1031 3413; x_wconf 91' lang='lat' dir='ltr'>Si</span> <span class='ocrx_word' id='word_1_299' title='bbox 1055 3364 1163 3413; x_wconf 87' lang='lat' dir='ltr'>hos·</span> <span class='ocrx_word' id='word_1_300' title='bbox 1224 3364 1382 3411; x_wconf 86' lang='lat' dir='ltr'>bitum</span> <span class='ocrx_word' id='word_1_301' title='bbox 1410 3363 1689 3411; x_wconf 79' lang='lat' dir='ltr'>solveretur.</span> <span class='ocrx_word' id='word_1_302' title='bbox 1759 3362 1898 3409; x_wconf 87' lang='lat' dir='ltr'>Idem</span> <span class='ocrx_word' id='word_1_303' title='bbox 1932 3359 2008 3409; x_wconf 88' lang='lat' dir='ltr'>ius</span> <span class='ocrx_word' id='word_1_304' title='bbox 2037 3361 2131 3409; x_wconf 80' lang='lat' dir='ltr'>fuit</span> <span class='ocrx_word' id='word_1_305' title='bbox 2161 3360 2239 3409; x_wconf 75' lang='lat' dir='ltr'>avi</span> 
     </span>
     <span class='ocr_line' id='line_1_36' title="bbox 178 3420 2243 3492; baseline 0.003 -25"><span class='ocrx_word' id='word_1_306' title='bbox 178 3420 232 3467; x_wconf 80' lang='lat' dir='ltr'>tis</span> <span class='ocrx_word' id='word_1_307' title='bbox 248 3438 339 3472; x_wconf 87' lang='lat' dir='ltr'>non</span> <span class='ocrx_word' id='word_1_308' title='bbox 357 3432 611 3492; x_wconf 73' lang='lat' dir='ltr'>tantopere</span> <span class='ocrx_word' id='word_1_309' title='bbox 632 3436 812 3491; x_wconf 80' lang='lat' dir='ltr'>urgeat.</span> <span class='ocrx_word' id='word_1_310' title='bbox 848 3430 1009 3478; x_wconf 66' lang='grc' dir='ltr'>θην.</span> <span class='ocrx_word' id='word_1_311' title='bbox 1228 3427 1417 3489; x_wconf 76' lang='lat' dir='ltr'>paterni</span> <span class='ocrx_word' id='word_1_312' title='bbox 1440 3426 1490 3474; x_wconf 85' lang='lat' dir='ltr'>in</span> <span class='ocrx_word' id='word_1_313' title='bbox 1513 3432 1717 3489; x_wconf 86' lang='lat' dir='ltr'>nepotes</span> <span class='ocrx_word' id='word_1_314' title='bbox 1740 3442 1768 3474; x_wconf 88' lang='lat' dir='ltr'>e</span> <span class='ocrx_word' id='word_1_315' title='bbox 1789 3425 1905 3473; x_wconf 83' lang='lat' dir='ltr'>filio.</span> <span class='ocrx_word' id='word_1_316' title='bbox 1975 3426 2076 3473; x_wconf 84' lang='lat' dir='ltr'>Hie</span> <span class='ocrx_word' id='word_1_317' title='bbox 2097 3425 2243 3487; x_wconf 77' lang='lat' dir='ltr'>igitur</span> 
     </span>
     <span class='ocr_line' id='line_1_37' title="bbox 235 3489 2240 3555; baseline -0.001 -15"><span class='ocrx_word' id='word_1_318' title='bbox 235 3500 261 3547; x_wconf 87' lang='grc'>3</span> <span class='ocrx_word' id='word_1_319' title='bbox 288 3492 452 3555; x_wconf 74' lang='lat' dir='ltr'>Neque</span> <span class='ocrx_word' id='word_1_320' title='bbox 470 3495 735 3553; x_wconf 72' lang='lat' dir='ltr'>Patribus]</span> <span class='ocrx_word' id='word_1_321' title='bbox 778 3492 877 3541; x_wconf 84' lang='lat' dir='ltr'>Hie</span> <span class='ocrx_word' id='word_1_322' title='bbox 900 3492 1076 3553; x_wconf 84' lang='lat' dir='ltr'>requiri</span> <span class='ocrx_word' id='word_1_323' title='bbox 1100 3492 1164 3539; x_wconf 84' lang='lat' dir='ltr'>vi-</span> <span class='ocrx_word' id='word_1_324' title='bbox 1230 3495 1362 3540; x_wconf 79' lang='lat' dir='ltr'>vetat</span> <span class='ocrx_word' id='word_1_325' title='bbox 1384 3490 1616 3540; x_wconf 82' lang='lat' dir='ltr'>Servilius</span> <span class='ocrx_word' id='word_1_326' title='bbox 1636 3490 1829 3538; x_wconf 85' lang='lat' dir='ltr'>retineri</span> <span class='ocrx_word' id='word_1_327' title='bbox 1858 3491 1909 3537; x_wconf 89' lang='lat' dir='ltr'>in</span> <span class='ocrx_word' id='word_1_328' title='bbox 1933 3489 2138 3538; x_wconf 80' lang='lat' dir='ltr'>vinculis</span> <span class='ocrx_word' id='word_1_329' title='bbox 2159 3506 2240 3538; x_wconf 90' lang='lat' dir='ltr'>cu-</span> 
     </span>
     <span class='ocr_line' id='line_1_38' title="bbox 178 3548 2240 3619; baseline 0.002 -24"><span class='ocrx_word' id='word_1_330' title='bbox 178 3548 305 3599; x_wconf 81' lang='lat' dir='ltr'>detur</span> <span class='ocrx_word' id='word_1_331' title='bbox 333 3557 569 3617; x_wconf 70' lang='lat' dir='ltr'>particula</span> <span class='ocrx_word' id='word_1_332' title='bbox 592 3565 699 3617; x_wconf 72' lang='lat' dir='ltr'>aut,</span> <span class='ocrx_word' id='word_1_333' title='bbox 720 3557 885 3619; x_wconf 83' lang='lat' dir='ltr'>potius</span> <span class='ocrx_word' id='word_1_334' title='bbox 905 3572 1051 3618; x_wconf 75' lang='lat' dir='ltr'>quam</span> <span class='ocrx_word' id='word_1_335' title='bbox 1084 3572 1165 3605; x_wconf 75' lang='lat' dir='ltr'>ne-</span> <span class='ocrx_word' id='word_1_336' title='bbox 1230 3556 1451 3617; x_wconf 86' lang='lat' dir='ltr'>iusquam</span> <span class='ocrx_word' id='word_1_337' title='bbox 1485 3553 1604 3601; x_wconf 84' lang='lat' dir='ltr'>civis</span> <span class='ocrx_word' id='word_1_338' title='bbox 1637 3554 1850 3601; x_wconf 77' lang='lat' dir='ltr'>Romani</span> <span class='ocrx_word' id='word_1_339' title='bbox 1885 3554 2060 3601; x_wconf 85' lang='lat' dir='ltr'>liberos</span> <span class='ocrx_word' id='word_1_340' title='bbox 2091 3568 2240 3616; x_wconf 88' lang='lat' dir='ltr'>nepo-</span> 
     </span>
     <span class='ocr_line' id='line_1_39' title="bbox 180 3617 2242 3681; baseline 0.001 -18"><span class='ocrx_word' id='word_1_341' title='bbox 180 3628 275 3673; x_wconf 73' lang='grc' dir='ltr'>φιο.</span> <span class='ocrx_word' id='word_1_342' title='bbox 304 3618 457 3671; x_wconf 73' lang='lat' dir='ltr'>cm.</span> <span class='ocrx_word' id='word_1_343' title='bbox 1229 3626 1381 3677; x_wconf 84' lang='lat' dir='ltr'>tesve,</span> <span class='ocrx_word' id='word_1_344' title='bbox 1397 3618 1479 3681; x_wconf 84' lang='lat' dir='ltr'>qui</span> <span class='ocrx_word' id='word_1_345' title='bbox 1503 3620 1566 3666; x_wconf 89' lang='lat' dir='ltr'>ob</span> <span class='ocrx_word' id='word_1_346' title='bbox 1581 3633 1664 3666; x_wconf 81' lang='lat' dir='ltr'>aes</span> <span class='ocrx_word' id='word_1_347' title='bbox 1683 3617 1899 3665; x_wconf 80' lang='lat' dir='ltr'>alienum</span> <span class='ocrx_word' id='word_1_348' title='bbox 1923 3617 2133 3678; x_wconf 78' lang='lat' dir='ltr'>patrium</span> <span class='ocrx_word' id='word_1_349' title='bbox 2155 3624 2242 3666; x_wconf 78' lang='lat' dir='ltr'>aut</span> 
     </span>
     <span class='ocr_line' id='line_1_40' title="bbox 236 3682 2242 3747; baseline -0.003 -9"><span class='ocrx_word' id='word_1_350' title='bbox 236 3695 263 3738; x_wconf 93' lang='grc'><strong>4</strong></span> <span class='ocrx_word' id='word_1_351' title='bbox 294 3682 515 3735; x_wconf 68' lang='lat' dir='ltr'>concioni</span> <span class='ocrx_word' id='word_1_352' title='bbox 550 3688 748 3746; x_wconf 71' lang='lat' dir='ltr'>deinde]</span> <span class='ocrx_word' id='word_1_353' title='bbox 820 3685 914 3743; x_wconf 79' lang='lat' dir='ltr'>Ea,</span> <span class='ocrx_word' id='word_1_354' title='bbox 952 3700 1077 3747; x_wconf 82' lang='lat' dir='ltr'>quae</span> <span class='ocrx_word' id='word_1_355' title='bbox 1114 3684 1165 3732; x_wconf 88' lang='lat' dir='ltr'>in</span> <span class='ocrx_word' id='word_1_356' title='bbox 1228 3684 1413 3732; x_wconf 80' lang='lat' dir='ltr'>avitum</span> <span class='ocrx_word' id='word_1_357' title='bbox 1436 3682 1552 3731; x_wconf 88' lang='lat' dir='ltr'>nexi</span> <span class='ocrx_word' id='word_1_358' title='bbox 1573 3688 1745 3729; x_wconf 83' lang='lat' dir='ltr'>essent.</span> <span class='ocrx_word' id='word_1_359' title='bbox 1779 3682 1940 3730; x_wconf 78' lang='lat' dir='ltr'>Casv,</span> <span class='ocrx_word' id='word_1_360' title='bbox 2000 3682 2096 3730; x_wconf 87' lang='lat' dir='ltr'>Sed</span> <span class='ocrx_word' id='word_1_361' title='bbox 2119 3682 2242 3731; x_wconf 79' lang='lat' dir='ltr'>haee</span> 
     </span>
     <span class='ocr_line' id='line_1_41' title="bbox 181 3744 2242 3813; baseline 0.002 -22"><span class='ocrx_word' id='word_1_362' title='bbox 181 3744 393 3813; x_wconf 63' lang='lat' dir='ltr'>epncione</span> <span class='ocrx_word' id='word_1_363' title='bbox 446 3752 655 3809; x_wconf 77' lang='lat' dir='ltr'>dixerat,</span> <span class='ocrx_word' id='word_1_364' title='bbox 708 3748 1057 3811; x_wconf 77' lang='lat' dir='ltr'>comprobavit,</span> <span class='ocrx_word' id='word_1_365' title='bbox 1118 3754 1169 3797; x_wconf 85' lang='lat' dir='ltr'>et</span> <span class='ocrx_word' id='word_1_366' title='bbox 1232 3748 1397 3796; x_wconf 84' lang='lat' dir='ltr'>omnia</span> <span class='ocrx_word' id='word_1_367' title='bbox 1418 3749 1481 3796; x_wconf 89' lang='lat' dir='ltr'>de</span> <span class='ocrx_word' id='word_1_368' title='bbox 1500 3748 1720 3805; x_wconf 71' lang='lat' dir='ltr'>addictis,</span> <span class='ocrx_word' id='word_1_369' title='bbox 1741 3760 1838 3793; x_wconf 89' lang='lat' dir='ltr'>non</span> <span class='ocrx_word' id='word_1_370' title='bbox 1869 3746 1932 3793; x_wconf 86' lang='lat' dir='ltr'>de</span> <span class='ocrx_word' id='word_1_371' title='bbox 1964 3748 2103 3795; x_wconf 61' lang='lat' dir='ltr'>nemis</span> <span class='ocrx_word' id='word_1_372' title='bbox 2135 3762 2242 3809; x_wconf 84' lang='lat' dir='ltr'>pro-</span> 
     </span>
     <span class='ocr_line' id='line_1_42' title="bbox 183 3811 1599 3876; baseline 0 -17"><span class='ocrx_word' id='word_1_373' title='bbox 183 3811 395 3859; x_wconf 69' lang='lat' dir='ltr'>eiusmodi</span> <span class='ocrx_word' id='word_1_374' title='bbox 434 3830 539 3863; x_wconf 85' lang='lat' dir='ltr'>esse</span> <span class='ocrx_word' id='word_1_375' title='bbox 574 3815 802 3873; x_wconf 81' lang='lat' dir='ltr'>ostendit,</span> <span class='ocrx_word' id='word_1_376' title='bbox 835 3814 1012 3876; x_wconf 89' lang='lat' dir='ltr'>quibus</span> <span class='ocrx_word' id='word_1_377' title='bbox 1048 3814 1169 3861; x_wconf 86' lang='lat' dir='ltr'>fides</span> <span class='ocrx_word' id='word_1_378' title='bbox 1233 3812 1338 3874; x_wconf 79' lang='lat' dir='ltr'>prio</span> <span class='ocrx_word' id='word_1_379' title='bbox 1357 3812 1599 3861; x_wconf 87' lang='lat' dir='ltr'>dicuntur.</span> 
     </span>
     <span class='ocr_line' id='line_1_43' title="bbox 184 3864 2242 3937; baseline 0.003 -21"><span class='ocrx_word' id='word_1_380' title='bbox 184 3864 333 3920; x_wconf 82' lang='lat' dir='ltr'>haberi</span> <span class='ocrx_word' id='word_1_381' title='bbox 355 3886 529 3937; x_wconf 85' lang='lat' dir='ltr'>posset,</span> <span class='ocrx_word' id='word_1_382' title='bbox 552 3879 725 3927; x_wconf 85' lang='lat' dir='ltr'>edicto.</span> <span class='ocrx_word' id='word_1_383' title='bbox 760 3879 921 3928; x_wconf 64' lang='grc' dir='ltr'>(ἷκεν.</span> <span class='ocrx_word' id='word_1_384' title='bbox 1294 3875 1327 3925; x_wconf 91' lang='lat'>6</span> <span class='ocrx_word' id='word_1_385' title='bbox 1365 3878 1431 3926; x_wconf 77' lang='lat' dir='ltr'>Ut</span> <span class='ocrx_word' id='word_1_386' title='bbox 1448 3882 1748 3925; x_wconf 76' lang='lat' dir='ltr'>sacramento</span> <span class='ocrx_word' id='word_1_387' title='bbox 1770 3876 2008 3933; x_wconf 61' lang='lat' dir='ltr'>dicernit]</span> <span class='ocrx_word' id='word_1_388' title='bbox 2065 3874 2140 3923; x_wconf 88' lang='lat' dir='ltr'>Ut</span> <span class='ocrx_word' id='word_1_389' title='bbox 2171 3890 2242 3923; x_wconf 75' lang='lat' dir='ltr'>sa-</span> 
     </span>
     <span class='ocr_line' id='line_1_44' title="bbox 241 3938 2244 4006; baseline -0.004 -11"><span class='ocrx_word' id='word_1_390' title='bbox 241 3948 265 3995; x_wconf 77' lang='lat'><strong>5</strong></span> <span class='ocrx_word' id='word_1_391' title='bbox 300 3938 485 3991; x_wconf 68' lang='lat' dir='ltr'>Liberos</span> <span class='ocrx_word' id='word_1_392' title='bbox 522 3950 774 4006; x_wconf 68' lang='lat' dir='ltr'>nepotesve</span> <span class='ocrx_word' id='word_1_393' title='bbox 810 3945 920 3991; x_wconf 72' lang='lat' dir='ltr'>eius</span> <span class='ocrx_word' id='word_1_394' title='bbox 959 3958 1167 3991; x_wconf 73' lang='lat' dir='ltr'>morare·</span> <span class='ocrx_word' id='word_1_395' title='bbox 1230 3946 1479 3989; x_wconf 80' lang='lat' dir='ltr'>eramento</span> <span class='ocrx_word' id='word_1_396' title='bbox 1500 3940 1698 3988; x_wconf 82' lang='lat' dir='ltr'>militari</span> <span class='ocrx_word' id='word_1_397' title='bbox 1731 3954 1782 3987; x_wconf 88' lang='lat' dir='ltr'>se</span> <span class='ocrx_word' id='word_1_398' title='bbox 1811 3938 2092 4001; x_wconf 75' lang='lat' dir='ltr'>obligarent.</span> <span class='ocrx_word' id='word_1_399' title='bbox 2161 3940 2244 3987; x_wconf 61' lang='lat' dir='ltr'>Sar</span> 
     </span>
     <span class='ocr_line' id='line_1_45' title="bbox 186 3999 2243 4071; baseline -0.003 -14"><span class='ocrx_word' id='word_1_400' title='bbox 186 3999 279 4071; x_wconf 61' lang='lat' dir='ltr'>³¹⁸?‚l</span> <span class='ocrx_word' id='word_1_401' title='bbox 312 4000 469 4054; x_wconf 86' lang='lat' dir='ltr'>Liberi</span> <span class='ocrx_word' id='word_1_402' title='bbox 489 4013 629 4055; x_wconf 80' lang='lat' dir='ltr'>erant</span> <span class='ocrx_word' id='word_1_403' title='bbox 652 4006 703 4054; x_wconf 88' lang='lat' dir='ltr'>in</span> <span class='ocrx_word' id='word_1_404' title='bbox 736 4012 977 4069; x_wconf 73' lang='lat' dir='ltr'>potestate</span> <span class='ocrx_word' id='word_1_405' title='bbox 998 4006 1169 4068; x_wconf 83' lang='lat' dir='ltr'>patris,</span> <span class='ocrx_word' id='word_1_406' title='bbox 1232 4010 1533 4053; x_wconf 69' lang='lat' dir='ltr'>crementum</span> <span class='ocrx_word' id='word_1_407' title='bbox 1567 4004 1692 4052; x_wconf 88' lang='lat' dir='ltr'>illud</span> <span class='ocrx_word' id='word_1_408' title='bbox 1724 4003 1923 4051; x_wconf 82' lang='lat' dir='ltr'>solenne</span> <span class='ocrx_word' id='word_1_409' title='bbox 1949 4003 2018 4051; x_wconf 86' lang='lat' dir='ltr'>sic</span> <span class='ocrx_word' id='word_1_410' title='bbox 2041 4018 2243 4063; x_wconf 81' lang='lat' dir='ltr'>concep-</span> 
     </span>
     <span class='ocr_line' id='line_1_46' title="bbox 187 4068 2244 4132; baseline -0.003 -14"><span class='ocrx_word' id='word_1_411' title='bbox 187 4072 259 4131; x_wconf 69' lang='lat' dir='ltr'>qni</span> <span class='ocrx_word' id='word_1_412' title='bbox 278 4078 354 4113; x_wconf 77' lang='lat'>0⁰⁸</span> <span class='ocrx_word' id='word_1_413' title='bbox 373 4078 559 4130; x_wconf 80' lang='lat' dir='ltr'>poterat</span> <span class='ocrx_word' id='word_1_414' title='bbox 580 4072 803 4129; x_wconf 84' lang='lat' dir='ltr'>vendere,</span> <span class='ocrx_word' id='word_1_415' title='bbox 819 4071 903 4132; x_wconf 88' lang='lat' dir='ltr'>qui</span> <span class='ocrx_word' id='word_1_416' title='bbox 924 4071 975 4119; x_wconf 88' lang='lat' dir='ltr'>in</span> <span class='ocrx_word' id='word_1_417' title='bbox 992 4084 1076 4118; x_wconf 90' lang='lat' dir='ltr'>eos</span> <span class='ocrx_word' id='word_1_418' title='bbox 1095 4069 1170 4117; x_wconf 86' lang='lat' dir='ltr'>ius</span> <span class='ocrx_word' id='word_1_419' title='bbox 1231 4075 1337 4117; x_wconf 87' lang='lat' dir='ltr'>tum</span> <span class='ocrx_word' id='word_1_420' title='bbox 1371 4074 1490 4127; x_wconf 81' lang='lat' dir='ltr'>erat,</span> <span class='ocrx_word' id='word_1_421' title='bbox 1512 4075 1569 4117; x_wconf 89' lang='lat' dir='ltr'>ut</span> <span class='ocrx_word' id='word_1_422' title='bbox 1601 4068 1814 4115; x_wconf 83' lang='lat' dir='ltr'>iurarent</span> <span class='ocrx_word' id='word_1_423' title='bbox 1839 4084 1892 4116; x_wconf 80' lang='lat' dir='ltr'>se</span> <span class='ocrx_word' id='word_1_424' title='bbox 1919 4070 2058 4115; x_wconf 74' lang='lat' dir='ltr'>iussu</span> <span class='ocrx_word' id='word_1_425' title='bbox 2077 4082 2244 4114; x_wconf 69' lang='lat' dir='ltr'>eonne-</span> 
     </span>
     <span class='ocr_line' id='line_1_47' title="bbox 188 4130 2244 4205; baseline -0.002 -25"><span class='ocrx_word' id='word_1_426' title='bbox 188 4130 301 4174; x_wconf 60' lang='grc' dir='ltr'>*ΜΘ</span> <span class='ocrx_word' id='word_1_427' title='bbox 324 4133 541 4196; x_wconf 81' lang='lat' dir='ltr'>necisque</span> <span class='ocrx_word' id='word_1_428' title='bbox 570 4136 798 4184; x_wconf 80' lang='lat' dir='ltr'>habebat.</span> <span class='ocrx_word' id='word_1_429' title='bbox 868 4136 1045 4195; x_wconf 72' lang='lat' dir='ltr'>Itaque</span> <span class='ocrx_word' id='word_1_430' title='bbox 1064 4140 1175 4181; x_wconf 82' lang='lat' dir='ltr'>tan-</span> <span class='ocrx_word' id='word_1_431' title='bbox 1234 4135 1334 4181; x_wconf 79' lang='lat' dir='ltr'>lum</span> <span class='ocrx_word' id='word_1_432' title='bbox 1366 4141 1700 4190; x_wconf 73' lang='lat' dir='ltr'>conventuros,</span> <span class='ocrx_word' id='word_1_433' title='bbox 1731 4146 1887 4205; x_wconf 68' lang='lat' dir='ltr'>neque</span> <span class='ocrx_word' id='word_1_434' title='bbox 1919 4133 2112 4203; x_wconf 44' lang='lat' dir='ltr'>iniussu</span> <span class='ocrx_word' id='word_1_435' title='bbox 2144 4130 2244 4175; x_wconf 74' lang='lat' dir='ltr'><em>alu·-</em></span> 
     </span>
     <span class='ocr_line' id='line_1_48' title="bbox 189 4192 2244 4265; baseline -0.003 -20"><span class='ocrx_word' id='word_1_436' title='bbox 189 4200 404 4265; x_wconf 59' lang='lat' dir='ltr'>‘lualpres</span> <span class='ocrx_word' id='word_1_437' title='bbox 423 4200 733 4260; x_wconf 77' lang='lat' dir='ltr'>patris,hsud</span> <span class='ocrx_word' id='word_1_438' title='bbox 750 4198 893 4247; x_wconf 84' lang='lat' dir='ltr'>aliter</span> <span class='ocrx_word' id='word_1_439' title='bbox 905 4199 1007 4246; x_wconf 82' lang='lat' dir='ltr'>fere</span> <span class='ocrx_word' id='word_1_440' title='bbox 1023 4212 1169 4260; x_wconf 83' lang='lat' dir='ltr'>quam</span> <span class='ocrx_word' id='word_1_441' title='bbox 1235 4204 1380 4246; x_wconf 71' lang='lat' dir='ltr'>tum.</span> <span class='ocrx_word' id='word_1_442' title='bbox 1464 4198 1580 4246; x_wconf 87' lang='lat' dir='ltr'>vid.</span> <span class='ocrx_word' id='word_1_443' title='bbox 1623 4196 1732 4245; x_wconf 81' lang='lat' dir='ltr'>infr.</span> <span class='ocrx_word' id='word_1_444' title='bbox 1773 4195 1838 4245; x_wconf 85' lang='lat' dir='ltr'>ii1.</span> <span class='ocrx_word' id='word_1_445' title='bbox 1881 4209 1955 4243; x_wconf 66' lang='grc' dir='ltr'>πο.</span> <span class='ocrx_word' id='word_1_446' title='bbox 2009 4206 2124 4239; x_wconf 84' lang='lat' dir='ltr'>xxn.</span> <span class='ocrx_word' id='word_1_447' title='bbox 2168 4192 2244 4253; x_wconf 80' lang='lat'>38.</span> 
     </span>
     <span class='ocr_line' id='line_1_49' title="bbox 188 4256 2078 4328; baseline -0.004 -14"><span class='ocrx_word' id='word_1_448' title='bbox 188 4264 315 4313; x_wconf 62' lang='lat' dir='ltr'>”mi</span> <span class='ocrx_word' id='word_1_449' title='bbox 329 4256 635 4311; x_wconf 74' lang='lat' dir='ltr'>habebmtm.</span> <span class='ocrx_word' id='word_1_450' title='bbox 704 4261 845 4312; x_wconf 85' lang='lat' dir='ltr'>Nihil</span> <span class='ocrx_word' id='word_1_451' title='bbox 878 4263 1055 4310; x_wconf 86' lang='lat' dir='ltr'>mirum</span> <span class='ocrx_word' id='word_1_452' title='bbox 1087 4262 1172 4323; x_wconf 83' lang='lat' dir='ltr'>igi·</span> <span class='ocrx_word' id='word_1_453' title='bbox 1236 4262 1392 4311; x_wconf 71' lang='lat' dir='ltr'>Cnsv.</span> <span class='ocrx_word' id='word_1_454' title='bbox 2067 4318 2078 4328; x_wconf 51' lang='grc'>.</span> 
     </span>
     <span class='ocr_line' id='line_1_50' title="bbox 188 4319 2242 4389; baseline -0.003 -18"><span class='ocrx_word' id='word_1_455' title='bbox 188 4319 260 4387; x_wconf 70' lang='lat'>²¹31</span> <span class='ocrx_word' id='word_1_456' title='bbox 277 4334 354 4369; x_wconf 83' lang='lat' dir='ltr'>eos</span> <span class='ocrx_word' id='word_1_457' title='bbox 374 4338 405 4371; x_wconf 79' lang='lat' dir='ltr'>a</span> <span class='ocrx_word' id='word_1_458' title='bbox 435 4334 569 4389; x_wconf 78' lang='lat' dir='ltr'>patre</span> <span class='ocrx_word' id='word_1_459' title='bbox 590 4327 777 4389; x_wconf 74' lang='lat' dir='ltr'>pignori</span> <span class='ocrx_word' id='word_1_460' title='bbox 798 4326 999 4389; x_wconf 84' lang='lat' dir='ltr'>opponi,</span> <span class='ocrx_word' id='word_1_461' title='bbox 1019 4342 1051 4374; x_wconf 81' lang='lat' dir='ltr'>a</span> <span class='ocrx_word' id='word_1_462' title='bbox 1071 4340 1170 4373; x_wconf 84' lang='lat' dir='ltr'>ere·</span> <span class='ocrx_word' id='word_1_463' title='bbox 1302 4338 1329 4387; x_wconf 89' lang='lat'><strong>7</strong></span> <span class='ocrx_word' id='word_1_464' title='bbox 1364 4328 1611 4389; x_wconf 72' lang='lat' dir='ltr'>Oppidum</span> <span class='ocrx_word' id='word_1_465' title='bbox 1631 4324 1854 4386; x_wconf 71' lang='lat' dir='ltr'>capitur]</span> <span class='ocrx_word' id='word_1_466' title='bbox 1901 4320 1996 4367; x_wconf 86' lang='lat' dir='ltr'>Sed</span> <span class='ocrx_word' id='word_1_467' title='bbox 2031 4319 2242 4367; x_wconf 78' lang='lat' dir='ltr'>dirutum</span> 
     </span>
     <span class='ocr_line' id='line_1_51' title="bbox 192 4377 2247 4453; baseline 0 -25"><span class='ocrx_word' id='word_1_468' title='bbox 192 4377 401 4435; x_wconf 71' lang='lat' dir='ltr'>dxtoribua</span> <span class='ocrx_word' id='word_1_469' title='bbox 432 4391 623 4440; x_wconf 84' lang='lat' dir='ltr'>retineri</span> <span class='ocrx_word' id='word_1_470' title='bbox 656 4390 887 4452; x_wconf 83' lang='lat' dir='ltr'>potuisse,</span> <span class='ocrx_word' id='word_1_471' title='bbox 907 4391 1063 4440; x_wconf 85' lang='lat' dir='ltr'>donec</span> <span class='ocrx_word' id='word_1_472' title='bbox 1090 4391 1169 4437; x_wconf 89' lang='lat' dir='ltr'>de-</span> <span class='ocrx_word' id='word_1_473' title='bbox 1236 4388 1380 4437; x_wconf 79' lang='lat' dir='ltr'>fuisse</span> <span class='ocrx_word' id='word_1_474' title='bbox 1400 4405 1529 4453; x_wconf 88' lang='lat' dir='ltr'>supr.</span> <span class='ocrx_word' id='word_1_475' title='bbox 1561 4404 1577 4436; x_wconf 87' lang='lat'>1</span> <span class='ocrx_word' id='word_1_476' title='bbox 1591 4402 1634 4448; x_wconf 88' lang='lat'>7,</span> <span class='ocrx_word' id='word_1_477' title='bbox 1657 4392 1893 4439; x_wconf 76' lang='lat' dir='ltr'>narratur,</span> <span class='ocrx_word' id='word_1_478' title='bbox 1914 4383 1964 4430; x_wconf 88' lang='lat' dir='ltr'>in</span> <span class='ocrx_word' id='word_1_479' title='bbox 1997 4382 2129 4431; x_wconf 87' lang='lat' dir='ltr'>bello</span> <span class='ocrx_word' id='word_1_480' title='bbox 2161 4382 2247 4430; x_wconf 78' lang='lat' dir='ltr'>illo</span> 
     </span>
    </p>
   </div>
   <div class='ocr_carea' id='block_1_4' title="bbox 1783 4451 1900 4508">
    <p class='ocr_par' dir='ltr' id='par_1_4' title="bbox 1783 4451 1900 4508">
     <span class='ocr_line' id='line_1_52' title="bbox 1783 4451 1900 4508; baseline -0.009 0"><span class='ocrx_word' id='word_1_481' title='bbox 1783 4451 1900 4508; x_wconf 80' lang='lat'>112</span> 
     </span>
    </p>
   </div>
  </div>
 </body>
</html>
