3000 4784
884 230 1077 303 LIB.
1120 234 1239 303 IV.
1302 234 1527 303 CAP.
1571 241 1632 303 6.
2169 236 2288 301 231

190 376 211 407 ‘
230 382 301 435 tu
340 370 567 437 statim
610 370 827 437 consul
865 385 1259 439 sacramento
1292 374 1570 440 iuniores
1608 371 1711 438 ad'
1875 384 1944 437 et
1975 370 2046 437 in
2087 384 2292 437 castra
2311 382 2382 433 U.
2403 384 2464 433 ο.
2488 396 2598 447 3¹0·

190 456 460 522 ‘educes
482 459 517 521 Ρ
562 472 633 523 et
668 460 1009 525 minaberis
1044 460 1235 547 plebi,
1268 460 1608 525 minaberis
1647 472 1728 523 tn
1773 480 1904 523 uno
1923 458 1956 523 ἲ
2003 458 2204 534 Quid,
2233 450 2367 523 si*-
2403 449 2464 498 c·
2486 460 2598 509 ⁴⁴²·

148 565 173 612 3
189 548 209 577 ‘
226 564 375 619 non,
450 558 728 609 uantum
749 546 905 611 istae
930 546 1139 611 minae
1162 546 1459 611 adversus
1479 544 1682 632 plebis
1709 566 2088 609 consensum
2119 544 2288 609 vale·

145 654 173 695 4
190 636 209 665 ‘
226 643 387 705 rent,
466 630 527 694 is
558 630 683 693 iam
724 633 971 719 experti
998 631 1267 697 essetis?
1314 630 1590 708 Scilicet,
1622 630 1776 717 quia
1811 630 1996 695 nobis
2035 630 2288 695 consul-

189 722 209 751 ‘
222 726 357 777 tum
406 715 745 793 volebatis,
792 718 1137 783 certamine
1186 718 1608 783 abstinuistisz
1670 740 1752 781 an
1811 715 1958 781 ideo
2015 738 2144 781 non
2191 730 2288 781 est

189 808 208 837 ‘
222 799 627 879 dimicatum,
650 803 847 903 quod,
870 826 1033 889 quae
1055 826 1199 891 pars
1220 803 1479 880 firmior,
1503 802 1726 867 eadem
1757 802 2100 867 modestior
2119 802 2240 867 fuit
2255 802 2288 867 Ρ

188 894 207 923 ‘
228 885 369 951 Nec
388 910 579 952 nunc
606 902 729 953 ent
756 904 1097 966 certamen,
1125 887 1439 964 Quiritesz
1487 890 1732 953 animos
1757 902 1994 953 vestros
2023 888 2114 953 illi
2147 900 2288 953 ten-

188 980 209 1009 ‘
228 973 457 1037 tabunt
503 996 777 1062 semper,
822 976 985 1039 vires
1036 997 1167 1040 non
1209 974 1634 1062 experientur.
1726 972 1952 1061 Itaque
1995 974 2078 1039 ad
2121 973 2289 1039 bella

188 1059 355 1135 ἤδη,
386 1082 511 1125 seu
540 1060 717 1137 fals&
748 1082 861 1125 seu
897 1082 1048 1125 vera
1074 1074 1242 1138 sunt,
1273 1060 1582 1138 consules,
1613 1074 1832 1148 parata
1865 1062 2040 1125 vobis
2069 1060 2288 1147 plebes

186 1152 207 1181 ‘
226 1158 339 1222 est,
382 1148 463 1224 si,
507 1146 851 1211 connubiis
892 1146 1175 1223 redditis,
1216 1169 1409 1211 unam
1455 1146 1620 1213 hanc
1663 1147 1982 1212 civitatem
2027 1144 2284 1211 tandem

188 1238 209 1267 ‘
226 1229 469 1309 facitis3
536 1232 593 1297 si
638 1232 1011 1310 coalescere,
1064 1232 1117 1297 si
1162 1232 1339 1320 iungi
1386 1232 1760 1319 miscerique
1803 1234 1982 1296 vobis
2031 1232 2288 1319 privatis

189 1324 210 1353 ‘
224 1318 814 1383 necessitudinibus
835 1332 1123 1405 possunt3
1170 1318 1224 1383 si
1246 1340 1407 1405 spes,
1431 1318 1485 1383 si
1509 1318 1718 1382 aditus
1735 1317 1817 1381 ad
1846 1317 2118 1382 honores
2141 1317 2290 1382 viris

192 1409 213 1439 ‘
228 1405 509 1470 strenuis
550 1418 621 1470 et
657 1404 925 1470 fortibus
956 1404 1176 1480 datur;
1222 1406 1277 1469 si
1314 1404 1383 1467 in
1424 1404 1759 1479 consortio,
1789 1403 1842 1467 si
1881 1403 1952 1467 in
1989 1404 2288 1468 societate

192 1490 623 1576 ‘reipublicae
663 1514 837 1567 esse3
880 1492 955 1569 si,
993 1490 1169 1578 quod
1208 1512 1449 1577 aequae
1488 1488 1794 1556 libertatis
1831 1501 1949 1567 est,
1980 1490 2050 1553 in
2082 1490 2290 1554 vicem

196 1576 455 1641 ‘annuis
508 1598 581 1641 m
666 1576 681 1591 ⁶
813 1578 983 1641 tibus
1028 1598 1251 1664 parere
1299 1590 1491 1663 atque
1545 1575 1904 1663 imperitare
1957 1575 2122 1640 licet.
2219 1573 2289 1639 Si

194 1667 215 1697 ‘
230 1660 385 1726 haec
434 1662 535 1727 im
671 1663 759 1727 ‘et
806 1662 1053 1749 aliquis,
1097 1662 1259 1728 ferte
1302 1660 1715 1739 sermonibus,
1760 1676 1827 1726 et
1873 1660 2288 1748 multiplicate

198 1746 393 1812 ‘fama
408 1748 525 1814 bel
550 1770 615 1813 a:
664 1770 855 1813 nemo
882 1764 980 1814 est
996 1770 1231 1813 nomen
1254 1748 1534 1825 daturus,
1557 1770 1750 1813 nemo
1777 1770 1952 1812 arma
1971 1760 2286 1833 capturus,

198 1840 216 1869 ‘
232 1855 421 1899 nemo
460 1834 885 1899 dimicaturus
918 1857 1035 1922 pro
1070 1834 1359 1922 superbis
1396 1832 1690 1911 dominis,
1721 1854 1867 1897 cum
1902 1833 2134 1920 quibus
2169 1854 2290 1897 nec

196 1925 217 1955 ‘
230 1919 295 1983 in
335 1942 405 2035 re
451 1920 717 2008 publica
758 1920 1091 1998 honorum,
1128 1942 1251 1987 nec
1292 1920 1363 1984 in
1402 1920 1648 2007 privata
1687 1919 1988 1984 connubii
2027 1918 2292 1983 societas

201 2013 219 2041 ‘
232 2020 335 2070 est.

278 2092 507 2168 Quum
558 2093 627 2158 in
665 2092 1037 2158 concionem
1080 2106 1155 2159 et
1182 2092 1475 2159 consules
1507 2092 1974 2181 processissent,
2005 2104 2073 2156 et
2109 2114 2210 2156 res
2252 2111 2293 2156 a
2434 2097 2496 2159 6.

202 2182 517 2266 perpetuis
568 2180 955 2245 orationibus
1002 2180 1072 2245 in
1115 2180 1590 2245 altercationem
1634 2179 1960 2255 vertisset3
2023 2179 2291 2242 interro-

202 2266 365 2348 ganti
393 2266 683 2343 tribun0‚
716 2274 739 2305 ‘
753 2287 869 2330 cur
895 2264 1215 2352 plebeium
1237 2264 1562 2331 consulem
1581 2265 1718 2329 fieri
1747 2286 1878 2329 non
1903 2263 2291 2351 oporteret?

208 2363 275 2414 ut
310 2352 579 2417 fortasse
622 2374 791 2429 vere,
836 2352 927 2417 sic
968 2374 1191 2440 parum
1234 2351 1475 2416 utiliter
1517 2352 1586 2416 in
1629 2372 1926 2437 praesens
1967 2362 2290 2414 certamen

170 2456 194 2505 5
208 2438 546 2523 respondit,
580 2446 599 2477 ‘
620 2438 797 2525 quod
824 2459 1015 2503 nemo
1043 2438 1329 2525 plebeius
1363 2437 1644 2523 auspicia
1671 2436 1965 2500 haberett
2015 2434 2290 2521 ideoque

172 2528 199 2577 6
213 2528 229 2557 ‘
248 2522 637 2589 decemviros
664 2524 1055 2589 connubium
1094 2523 1439 2599 diremisse,
1471 2544 1555 2586 ne
1590 2522 1834 2585 incerta
1855 2519 2042 2621 prole
2081 2520 2292 2606 auspi-

212 2610 335 2673 ‘cia
388 2612 841 2676 turbarentur!
954 2610 1185 2675 Plebes
1248 2609 1331 2674 ad
1390 2608 1459 2672 id
1519 2606 1792 2671 maxime
1851 2606 2292 2692 ludignatione

176 2697 447 2774 vexarsit,
490 2696 671 2783 quod
710 2695 1037 2784 auspicari,
1074 2710 1375 2782 tanquam
1420 2693 1608 2759 invisi
1651 2692 1773 2757 diis
1814 2690 2291 2773 immortalibus,

212 2797 588 2867 negarentur
614 2804 815 2870 posse.
880 2780 1021 2847 Nec
1042 2794 1190 2847 ante
1218 2780 1366 2845 finis
1392 2778 1876 2845 contentionum
1897 2777 2038 2855 fuit,
2061 2777 2294 2865 (quum

213 2879 273 2930 et
297 2868 625 2933 tribunum
652 2868 1029 2933 acerrimum
1058 2880 1379 2931 auctorem
1400 2864 1619 2953 plebes
1647 2879 1834 2929 nacta
1859 2876 2044 2941 esset,
2063 2878 2129 2929 et
2157 2865 2296 2951 ipsa

216 2973 344 3017 cum
384 2978 463 3020 eo
504 2954 856 3041 pertinacia
888 2952 1187 3038 certaret)
1226 2975 1416 3038 quam
1451 2952 1605 3016 victi
1643 2950 1902 3016 tandem
1943 2951 2180 3027 Patres,
2223 2962 2296 3015 ut
2311 2954 2613 3069 Emenda-

216 3036 287 3101 de
314 3040 637 3105 connubio
670 3041 957 3116 ferretur,
988 3060 1399 3103 consensere:
1447 3038 1540 3103 ita
1575 3039 1850 3103 maxime
1879 3037 2000 3103 rati
2029 3050 2294 3104 conten·
2311 3084 2478 3136 aubin.

218 3122 439 3191 tionem
470 3126 557 3190 de
586 3125 851 3213 plebeiis
878 3124 1241 3190 consulibus
1280 3125 1566 3189 tribunos
1594 3138 1704 3189 aut
1743 3137 1942 3188 totam
1969 3123 2294 3210 depositu-

213 3227 325 3287 ros,
356 3228 467 3279 aut
494 3224 640 3299 post
667 3210 905 3277 bellum
942 3210 1246 3276 dilaturos
1280 3232 1457 3286 esse3
1505 3222 1996 3295 contentamque
2037 3208 2293 3273 interim

221 3298 527 3365 connubio
557 3298 809 3385 plebem
838 3311 1117 3384 paratam
1140 3296 1416 3362 delectui
1443 3297 1597 3361 fore.
1691 3294 1912 3370 Quum
1945 3293 2296 3359 Canuleius

221 3380 467 3451 victoria
508 3384 589 3449 de
635 3383 931 3449 Patribus
970 3396 1035 3448 et
1073 3382 1275 3471 plebis
1313 3383 1525 3446 favore
1561 3382 1790 3467 ingens
1825 3392 2009 3456 esset,
2047 3380 2295 3445 accensi

224 3464 319 3531 alii
346 3471 582 3537 tribuni
612 3470 694 3534 ad
736 3458 1057 3535 certamen
1092 3492 1209 3557 pro
1246 3466 1573 3555 rogatione
1605 3488 1721 3530 sua
1757 3488 2006 3530 summa
2031 3466 2095 3531 vi
2133 3488 2296 3565 pug-

226 3569 386 3633 nant,
416 3570 503 3635 er,
534 3569 857 3623 crescente
887 3556 957 3619 in
985 3555 1123 3620 dies
1150 3555 1318 3619 fama
1356 3552 1528 3629 belli,
1559 3552 1878 3617 delectum
1917 3552 2294 3638 impediunt.

232 3636 548 3721 Consules,
610 3664 812 3730 quum
872 3664 985 3729 per
1040 3650 1379 3719 senatum‚'
1410 3637 1952 3704 intercedentibus
2007 3637 2296 3717 tribunis,

293 3924 319 3972 3
347 3914 617 3973 Quarum]
656 3912 823 3970 Quam
846 3928 1035 3976 parum.
1062 3914 1222 3963 cmiv.
1288 3910 1556 3973 Div.ii.35.
1573 3910 1658 3959 ubi
1679 3910 1948 3961 “existimo
1961 3910 2036 3961 ius
2047 3926 2303 3987 aussurum,

260 3992 320 4045 ‚4
346 3978 431 4026 Bis
466 3980 567 4026 iam
602 3980 793 4041 emo-ti
828 3978 1017 4037 essetis]
1058 3976 1223 4025 Seces-
1288 3976 1377 4024 etsi
1422 3974 1735 4025 divinationis
1777 3976 2006 4040 opinione
2059 3976 2302 4039 principio

238 4038 427 4089 nomba-
442 4040 599 4104 plebis
620 4048 683 4090 1⁰.
698 4042 751 4088 in
768 4041 969 4089 Sacrum
984 4047 1222 4099 montem,
1284 4038 1605 4087 constitutum
1635 4040 1716 4098 sit,
1743 4044 1910 4087 tamen
1943 4046 2112 4101 postea
2145 4040 2304 4100 reipu-

244 4104 299 4149 2‘-
318 4101 361 4150 in
383 4105 692 4154 Aventinum.
727 4106 888 4154 Casv.
1282 4102 2306 4155 blicaecausaconservatumacretentum.”

297 4178 321 4225 5
348 4168 631 4245 Respondit]
670 4170 871 4231 Nempe
901 4169 1029 4216 alter
1052 4182 1223 4215 consu-
1356 4180 1381 4229 7
1414 4168 1649 4226 Exarsit]
1687 4168 1747 4215 ef.
1779 4167 1954 4214 Zonar.
1990 4167 2069 4215 vii.
2111 4178 2181 4227 ¹9.
2223 4165 2304 4214 De

244 4225 349 4289 lum,
367 4246 447 4293 qm
477 4233 736 4281 adversarii
770 4238 931 4295 partes
961 4236 1141 4293 ageret,
1168 4236 1225 4279 ut
1288 4230 1560 4279 set-eudone
1591 4230 1654 4278 ad
1691 4230 1969 4277 Ianiculum
1993 4230 2120 4275 duce
2141 4228 2304 4277 Cami-

248 4300 391 4342 monet
408 4296 563 4346 Drak.
1292 4294 1389 4343 leio
1420 4310 1453 4344 a
1484 4295 1632 4357 plebe
1663 4294 1796 4357 facta
1827 4290 2042 4351 loquitur
2071 4290 2243 4341 Florus
2271 4292 2304 4341 i.

301 4354 328 4403 6
346 4362 575 4423 Ampio-'a
596 4360 941 4419 imbuuntur]
966 4358 1027 4408 cf.
1042 4358 1145 4408 Cic.
1164 4358 1229 4407 de
1296 4370 1373 4419 25.
1747 4356 1754 4365 “
2103 4370 2120 4381 ··
