3000 4784
685 227 770 287 50
1455 217 1559 282 ΤΙ
1573 219 1633 283 Τ
1646 217 1681 282 I
1740 218 1799 282 L
1812 218 1912 282 IV
1932 219 1963 282 I
1975 217 2010 282 I

687 360 966 432 iuvene8‚
990 368 1063 419 ut
1089 355 1238 420 foris
1265 354 1432 419 bella
1460 369 1771 442 gererent.
1864 357 2067 420 Arma
2092 355 2193 418 his
2220 356 2543 505 irlrineram,
2574 353 2774 441 galea,

688 444 983 531 clipeum,
1037 465 1278 518 ocreae,
1325 441 1553 518 lorica3
1608 443 1822 506 omnia
1862 465 1945 507 ex
1994 464 2155 506 aere.

1123 530 1207 592 ris
1235 541 1479 592 essent:
1529 528 1654 592 tela
1681 529 1750 593 in
1778 529 2044 606 hostem,
2075 528 2379 614 hastaque
2414 541 2481 592 et
2509 527 2775 614 gladius.

691 617 972 680 Additae
1003 615 1153 678 huic
1183 615 1360 679 classi
1390 615 1555 679 duae
1584 615 1829 678 fabrum
1858 614 2199 692 centuriae,
2230 637 2392 764 qluae
2422 615 2560 679 sine
2590 615 2823 678 armis-1

689 543 905 595 menta
931 551 1122 615 corpo

2320 465 2431 506 aec
2474 455 2549 505 ut
2596 455 2777 528 tegu-

691 702 1007 789 stipendia
1051 702 1361 766 facerent:
1425 701 1644 766 datum
1696 723 1943 778 munus,
1996 713 2067 766 ut
2112 725 2251 766 mac
2296 702 2433 765 inas
2482 701 2551 764 in
2611 700 2781 765 bello

691 789 944 854 ferrent.
1039 787 1334 852 Secunda
1371 788 1583 852 classis
1621 789 1787 852 intra
1823 801 2082 853 centum
2124 811 2325 874 usque
2366 787 2449 888 ad
2490 787 2781 886 quinque

692 889 760 939 et
786 875 1184 976 septuaginta
1212 873 1481 939 millium
1510 896 1769 938 censum
1796 874 2085 939 instituta
2100 898 2118 950 3
2165 889 2231 938 et
2258 898 2341 938 ex
2368 875 2487 949 hm,

2518 896 2783 937 Semon-

691 963 809 1026 bus
847 961 1340 1048 inmoribusque,
1371 960 1597 1046 viginti
1624 961 2012 1048 conscriptae
2052 961 2410 1025 centuriae:
2460 983 2635 1024 arma
2660 961 2783 1024 im-

693 1051 926 1198 ιίςταω,
957 1061 1206 1112 scutum
1233 1070 1350 1134 pro
1381 1046 1603 1147 clipe0,
1636 1060 1702 1146 et
1728 1060 1979 1134 praeter
2006 1047 2263 1112 loricam
2292 1046 2505 1112 omnia
2532 1047 2781 1111 eadem.
2800 1057 2825 1105 5

759 1135 951 1198 ertiae
981 1133 1192 1198 classis
1220 1133 1287 1197 in
1317 1156 1474 1220 quin
1523 1147 1779 1220 uagmta
1807 1133 2075 1197 millium
2103 1156 2363 1198 censum
2392 1156 2527 1198 esse
2556 1133 2781 1198 voluit.

697 1220 998 1285 Totidem
1025 1220 1348 1285 centuriae
1379 1231 1446 1284 et

1604 1269 1621 1296 ‚
1662 1219 2014 1306 eodemque
2055 1219 2413 1284 discrimine
2453 1221 2781 1296 aetatium,

695 1307 930 1372 factae:
977 1329 1097 1372 nec
1136 1307 1216 1371 de
1259 1307 1444 1370 armis
1487 1307 1827 1393 quicquam
1870 1319 2220 1382 mutatum3
2267 1328 2485 1371 ocreae
2530 1319 2785 1370 tantum

697 1394 1046 1480 ademptae.
1139 1392 1218 1457 In
1276 1405 1503 1480 quarta
1558 1393 1751 1457 classe
1811 1415 2035 1456 census
2093 1393 2376 1479 quinque
2428 1407 2495 1456 et
2552 1393 2783 1480 viginti

697 1481 1002 1555 millium3
1064 1480 1330 1543 totidem
1381 1478 1701 1543 centuriae
1758 1479 1997 1543 factae:
2060 1502 2235 1543 arma
2283 1491 2557 1557 mutata3
2618 1479 2783 1543 nihil

696 1579 946 1654 praeter
987 1565 1229 1630 hastam
1269 1578 1335 1628 et
1377 1579 1671 1628 verutum
1710 1565 1946 1629 datum.
2043 1564 2291 1639 Quinta
2326 1565 2537 1630 classis
2575 1579 2781 1642 aucta,
2800 1574 2829 1624 6

697 1652 1018 1717 centuriae
1077 1650 1334 1737 triginta
1387 1651 1617 1716 factae:
1690 1651 1916 1716 fundas
1974 1651 2339 1738 lapidesque
2390 1652 2655 1716 missiles
2710 1653 2785 1716 hi

696 1760 912 1802 secum
953 1737 1273 1824 gerebant.
1365 1735 1444 1800 In
1483 1735 1585 1800 his
1622 1738 1887 1814 accensi,
1918 1737 2287 1814 cornicineS,
2318 1739 2783 1838 tubicinesque,
2804 1753 2829 1801 7

696 1824 766 1887 in
805 1837 930 1888 tres
959 1824 1271 1888 centurias
1301 1823 1636 1887 distributi.
1732 1823 2052 1888 Undecim
2082 1825 2357 1888 millibus
2384 1825 2541 1889 haec
2571 1826 2787 1890 classis

697 1910 1085 1974 censebatur.
1187 1908 1333 1974 Hoc
1392 1909 1599 1973 minor
1656 1933 1879 1974 census
1937 1910 2247 1996 reliquam
2306 1911 2787 1975 multitudinem

695 1995 953 2060 habuit:
1001 1996 1152 2060 inde
1193 2019 1322 2060 una
1359 1996 1645 2061 centuria
1676 1997 1841 2062 facta
1876 2009 1990 2073 est,
2022 1997 2321 2060 immunis
2350 1997 2589 2062 militia.
2682 1997 2787 2061 Ita

694 2081 972 2233 pedestri
1001 2083 1282 2146 exercitu
1312 2096 1535 2147 ornato
1558 2083 2038 2170 distributoque,
2062 2084 2351 2170 equitum
2378 2108 2462 2148 ex
2490 2084 2789 2171 primori-

739 2191 812 2232 us
856 2168 1121 2234 civitatis
1163 2169 1500 2234 duodecim
1544 2169 1791 2256 scripsit
1832 2170 2163 2234 centuriae.
2258 2170 2389 2235 Sex
2430 2171 2586 2235 item
2630 2171 2833 2234 alias8

695 2255 1029 2331 centurias,
1071 2255 1268 2319 tribus
1307 2256 1385 2320 ab
1423 2255 1702 2319 Romulo
1743 2256 2066 2334 institutis,
2105 2258 2223 2321 sub
2264 2256 2508 2335 iisdem,
2550 2257 2787 2344 quibus

695 2341 1103 2428 inauguratae
1157 2354 1354 2418 erant,
1406 2341 1771 2406 nominibus
1815 2341 1980 2406 fecit.
2074 2342 2181 2406 Ad
2227 2365 2425 2430 equos
2474 2344 2832 2414 emendos9

696 2427 864 2492 dena
891 2427 1088 2494 millia
1116 2427 1274 2492 aeris
1303 2451 1386 2494 ex
1413 2428 1669 2514 publico
1698 2429 1881 2504 data3
1928 2442 2011 2506 et,
2044 2429 2273 2529 quibus
2294 2452 2493 2516 equos
2520 2429 2783 2506 alerent,

695 2515 921 2580 viduae
957 2515 1314 2592 attributae,
1345 2538 1510 2602 quae
1542 2515 1691 2580 bina
1730 2515 1930 2579 millia
1962 2537 2121 2580 aeris
2160 2539 2227 2579 in
2266 2539 2463 2580 annos
2502 2517 2787 2604 singulos
2807 2547 2825 2580 1

759 2713 790 2754 4
827 2697 974 2744 Duae
1005 2695 1211 2754 fabrum
1252 2695 1529 2752 centuriae]
1599 2693 1709 2741 Has

699 2757 963 2820 Dionysius
994 2759 1234 2805 secundae
1257 2756 1416 2816 classi,
1437 2756 1597 2805 verius
1615 2759 1707 2804 for·

696 2827 839 2879 tasse,
860 2821 1092 2868 attribuit.
1127 2821 1287 2869 (ἷκεν.

763 2899 789 2945 5
823 2887 1024 2932 δσιιίυηι
1046 2899 1140 2944 pro
1170 2885 1345 2945 clipeo]
1398 2882 1604 2944 clipeus
1634 2897 1707 2930 ro-

697 2949 878 2996 tundus
899 2955 948 2994 et
969 2947 1170 2995 brevior.
1236 2947 1457 3004 Scutum‚
1473 2953 1598 2994 teste
1614 2947 1707 2995 Po-

697 3011 797 3072 lyb.
821 3011 882 3060 vi.
903 3025 928 3058 ἰ
935 3025 978 3071 3.
1001 3011 1183 3058 formae
1205 3011 1458 3071 oblongae,
1479 3016 1711 3072 quattuor

697 3075 848 3136 pedes
883 3076 1099 3137 longum,
1133 3075 1288 3122 latum
1325 3075 1448 3122 duos
1485 3089 1597 3123 cum
1636 3091 1705 3122 se-

697 3138 857 3197 misse,
893 3146 949 3186 ut
991 3143 1150 3186 totum
1189 3153 1363 3200 corpus
1405 3145 1703 3200 protegeret:

697 3202 902 3264 ideoque
935 3205 1103 3250 datum
1137 3203 1378 3250 secundae
1403 3203 1562 3261 classi,
1583 3219 1709 3264 quae

697 3267 896 3314 loricam
940 3282 1037 3314 non
1081 3267 1292 3316 haberet.
1382 3267 1707 3328 Posteaquam

697 3329 910 3378 Romani
927 3330 1107 3378 milites
1121 3330 1414 3392 stipendium
1430 3332 1492 3379 de
1510 3331 1706 3393 publico

696 3409 946 3456 accepere,
977 3401 1116 3442 scuta
1149 3395 1374 3443 omnibus
1411 3395 1529 3443 dats
1560 3395 1706 3444 fuisse

695 3467 865 3506 auctor
885 3465 958 3506 est
981 3457 1087 3506 Liv.
1111 3457 1207 3507 viii.
1231 3459 1276 3506 8.
1309 3459 1471 3507 Cnnv.

759 3521 792 3570 6
825 3523 974 3570 Nihil
1007 3530 1206 3584 praem
1245 3523 1434 3570 hastam
1474 3529 1524 3572 et
1566 3539 1706 3572 veno·

696 3587 824 3644 tum]
867 3585 1172 3634 ProbabiLius
1191 3601 1328 3634 arma
1353 3585 1565 3649 assignat
1588 3587 1707 3635 Dio-

697 3649 862 3712 nysius
883 3649 996 3699 huic
1019 3651 1176 3710 classi,
1196 3658 1406 3710 scutum,
1427 3651 1638 3709 hastam,
1658 3657 1708 3700 et

695 3713 927 3774 gladium.
993 3713 1171 3775 Neque
1203 3714 1332 3763 enim
1362 3715 1619 3763 verisimile
1642 3716 1707 3764 vi-

695 3777 839 3825 detur
853 3779 974 3826 duas
995 3779 1186 3837 classes,
1197 3785 1250 3826 et
1265 3779 1462 3840 quidem
1485 3793 1705 3826 numero-

695 3840 921 3900 sissimas,
972 3842 1070 3890 levi
1124 3849 1396 3892 armaturae
1448 3843 1707 3892 attributas

695 3903 855 3953 misse.
923 3905 991 3953 Et
1021 3906 1219 3954 fortasse
1247 3906 1326 3955 hic
1361 3921 1450 3968 pro
1481 3913 1706 3956 venetum

697 3968 955 4030 legendum
977 3975 1050 4017 est
1067 3975 1271 4018 scutum.
1306 3971 1466 4020 Cam.

771 4044 798 4094 7
835 4035 1067 4091 Accensi]
1117 4034 1339 4093 Amnes,
1382 4033 1545 4082 iudice
1588 4033 1705 4084 Nie-

695 4096 884 4154 buhfin,
905 4102 1045 4144 erant
1063 4096 1115 4155 ii,
1137 4096 1218 4158 qui
1239 4113 1440 4145 censum
1472 4097 1601 4146 intra
1620 4115 1706 4146 un-

695 4159 854 4208 decim
895 4166 945 4208 et
979 4167 1166 4222 septem
1205 4161 1362 4209 millis
1393 4161 1519 4209 aeris
1560 4161 1704 4211 habe-

695 4231 832 4282 rent3
863 4223 1037 4286 quibus
1057 4231 1222 4272 autem
1251 4224 1409 4272 minor
1429 4239 1576 4286 quam
1598 4241 1704 4288 sep-

694 4292 794 4336 tem
819 4289 990 4346 millia,
1022 4290 1192 4348 Veluti,
1208 4295 1258 4336 ct
1279 4289 1453 4350 quibus
1473 4305 1571 4338 non
1594 4291 1705 4352 plus

695 4351 832 4399 mille
874 4352 1190 4414 quingentum
1245 4353 1383 4414 seris,
1430 4355 1701 4416 proletarii.

1772 2693 1833 2742 cf.
1864 2693 1969 2742 Cic.
2000 2695 2063 2743 de
2092 2695 2220 2756 Rep.
2248 2693 2297 2744 ii.
2322 2709 2399 2744 20.
2433 2697 2493 2744 A.
2518 2695 2650 2745 Gen.
2686 2695 2785 2744 xvi.

1778 2771 1849 2806 10.
1906 2759 2079 2806 Festus
2094 2758 2145 2806 in
2164 2775 2266 2808 voc.
2286 2759 2589 2821 Adscriptitii
2610 2765 2661 2808 et
2682 2761 2785 2808 Ad-

1773 2820 1921 2880 censi‚
1950 2821 2021 2870 ita
2052 2823 2207 2870 dictos
2239 2838 2323 2871 eos
2353 2824 2501 2871 fuisse
2532 2823 2615 2884 qui
2646 2831 2787 2872 extra

1771 2899 2027 2934 numerum
2074 2887 2341 2948 legionibus
2381 2889 2785 2944 adcensebantur‚

1770 2954 1828 2996 ut
1863 2949 1915 2998 in
1948 2951 2307 2998 demortuorum
2352 2952 2513 2999 locum
2558 2953 2785 3014 subroga-

1744 3019 1950 3063 ‘rentun
2014 3015 2285 3063 Crevierius
2322 3021 2465 3076 putat
2501 3031 2585 3063 eos
2617 3017 2701 3077 qui
2734 3023 2785 3063 et

1770 3075 2115 3138 imperatorum
2164 3079 2215 3126 in
2258 3079 2389 3126 bello
2431 3085 2481 3127 et
2536 3079 2783 3141 magistraf-

1770 3146 1910 3188 tuum
1961 3143 2011 3189 in
2062 3143 2179 3191 urbe
2231 3141 2446 3204 imperiis
2486 3143 2785 3204 exequendis

1771 3211 1964 3266 praesto
2000 3213 2177 3265 essent,
2212 3205 2357 3254 fuisse
2394 3207 2445 3254 in
2482 3221 2633 3254 unam
2670 3223 2783 3255 cen·

1771 3267 1949 3316 turiam
1972 3270 2213 3318 coniectos
2234 3277 2283 3317 et
2304 3271 2367 3318 de
2390 3271 2447 3318 iis
2474 3270 2523 3318 in
2556 3271 2651 3318 hoc
2674 3272 2782 3319 loco

1769 3347 1911 3393 agere
1946 3333 2153 3382 Livium.
2200 3335 2259 3383 cf.
2295 3335 2489 3383 Nonius
2528 3337 2591 3384 de
2634 3335 2783 3384 Doct.

1772 3396 1944 3469 Jndag.
1989 3411 2085 3446 κη.
2126 3399 2170 3446 8.
2217 3415 2260 3446 v.
2304 3401 2505 3447 accensi.
2574 3399 2783 3448 Niebhr.

1770 3474 1802 3508 ι’
1826 3475 1875 3598 '3³3'
1900 3476 2605 3586 mmmmm]
2670 3527 2781 3575 1³10-

1770 3589 1987 3636 beiorum
2010 3589 2091 3650 qui
2114 3605 2262 3638 censu
2280 3591 2498 3638 maximo
2520 3592 2781 3639 censeban-

1771 3657 1865 3700 tur.
1898 3651 1958 3700 cf.
1984 3653 2088 3702 Cic.
2111 3654 2173 3701 de
2196 3653 2325 3714 Rep.
2346 3653 2397 3702 ii.
2423 3669 2497 3704 22.
2532 3655 2693 3703 'Dion.
2718 3656 2781 3704 ir.

1778 3717 1848 3764 18.
1881 3733 1966 3765 sea·
1997 3719 2121 3764 alias
2152 3719 2398 3766 emmo-ias
2430 3719 2490 3767 cf.
2526 3717 2704 3767 Festus
2736 3735 2779 3767 ν.

1768 3781 1865 3828 Sea·
1873 3782 2135 3843 suffragia,
2144 3797 2207 3830 sc.
2218 3781 2527 3844 patriciorum
2542 3783 2779 3844 equitum.

1774 3844 2027 3894 Wschsm.
2052 3861 2098 3906 p.
2124 3858 2231 3907 237.

1832 3923 1863 3970 9
1887 3911 1971 3957 Ad
2008 3925 2153 3972 equor
2191 3912 2433 3970 emerndoe]
2480 3911 2617 3959 Cave
2646 3915 2779 3974 cqui-

1769 3979 1841 4020 tes
1875 3979 1925 4020 et
1960 3975 2227 4036 muctam
2263 3973 2395 4021 idem
2440 3975 2568 4022 velle
2620 3980 2781 4036 putes,

1770 4035 1954 4098 quippe
1982 4037 2169 4098 equites
2200 4038 2318 4086 ordo
2344 4037 2514 4097 civilis,
2536 4037 2783 4099 equitatus

1771 4099 1803 4146 ii
1827 4099 1911 4161 qui
1931 4116 1993 4148 ex
2015 4100 2256 4163 equitibus
2283 4103 2583 4164 legebantur,
2604 4107 2655 4150 et
2674 4103 2781 4163 qui-

1770 4164 1859 4212 bus
1890 4180 2045 4226 equus
2080 4166 2304 4226 publicus
2334 4167 2677 4229 assignabamr.
2718 4166 2779 4214 cf.

1768 4227 1975 4350 {gebba
2002 4229 2034 4280 i.
2057 4244 2105 4291 p.
2128 4243 2238 4292 434.
2272 4230 2498 4280 Creuzer.
2522 4231 2585 4278 R..
2610 4230 2779 4291 Antiq.

1838 4371 1855 4403 1
1902 4359 2087 4407 Viduae
2102 4359 2388 4419 attributae]
2426 4359 2458 4385 “
2476 4358 2779 4408 viduans·-
