3000 4784
755 265 945 331 LIB.
994 266 1110 332 IV.
1178 250 1401 334 CAP.
1451 275 1554 334 20.
2091 268 2216 327 245

126 404 143 432 ‘
162 419 288 461 esse
338 398 427 462 dii
478 400 759 489 volunt,)
808 401 867 466 le
951 416 1157 467 torum
1207 404 1510 469 Manibus
1555 404 1758 469 dabo?
1849 401 2216 467 Calcaribus
2239 415 2303 465 U.
2329 418 2388 466 c.
2415 418 2523 478 318.

122 483 391 562 subdjtis,
412 486 649 551 infesta
670 426 949 575 cuspicfea
951 490 1019 553 in
1044 514 1243 554 unum
1265 492 1463 555 fertur
1491 493 1765 557 hostemt
1801 511 1993 577 quem
2013 511 2212 575 quum
2234 482 2294 530 A.
2329 483 2388 531 C.
2412 496 2522 543 434-

82 568 303 633 sictum
332 595 503 659 equo
531 574 885 653 deiecisset,
918 577 1246 642 confestim
1287 590 1354 642 et
1392 580 1526 664 ipse
1562 578 1742 642 hasta
1776 577 2018 640 innisus
2047 598 2114 639 se
2145 576 2216 639 in

118 656 299 740 pedes
333 661 611 748 excepit.
708 663 1163 750 Assurgentem
1194 664 1279 727 ibi
1318 687 1531 751 regem
1565 665 1840 728 umbone
1870 663 2212 748 resupinat,

117 745 581 834 repetitumque
629 748 875 835 saepius
912 749 1171 836 cuspide
1203 750 1284 813 ad
1316 764 1544 815 terram
1586 750 1800 815 affixit.
1895 748 2065 813 Tum
2104 771 2216 812 ex-

116 832 324 915 sangui
369 831 662 899 detracta
703 835 939 922 spolia3
1004 834 1321 923 caputq‘ue
1374 838 1683 901 abscisum
1728 838 1930 899 victor
1971 835 2214 922 spiculo

114 936 345 998 geren&
378 932 623 985 terrore
653 922 815 986 caesi
850 923 1015 1009 regis
1046 922 1255 986 hostes
1284 923 1511 987 fundit.
1607 924 1704 987 Ita
1733 922 2021 1009 equitum
2054 944 2213 1007 quo-

114 1023 231 1084 que
258 1002 397 1068 fusa
425 1007 618 1085 acieS,
644 1032 807 1095 quae
838 1032 966 1072 una
991 1009 1225 1073 fecerat
1252 1033 1483 1097 anceps
1515 1024 1848 1076 certamen.
1921 1008 2214 1072 Dictator
2233 1015 2526 1066 Vincuntur.

114 1084 457 1176 legionibus
484 1093 723 1179 fugatis
751 1096 959 1171 instat,
984 1108 1050 1160 et
1078 1095 1159 1158 ad
1189 1109 1390 1160 castra
1416 1097 1774 1184 compulsos
1802 1094 2025 1160 caedit.
2109 1094 2212 1157 Fi-

116 1172 430 1240 denatium
460 1179 725 1279 plurimi
754 1181 1034 1245 locorum
1066 1182 1291 1246 notitia
1318 1183 1594 1267 effugere
1620 1183 1688 1246 in
1711 1180 1974 1245 montesss
2052 1180 2212 1245 Cos-

117 1280 229 1335 5113,
258 1262 552 1329 Tiberim
600 1290 749 1331 cum
788 1269 1078 1355 equitatu
1112 1281 1521 1344 transvectus„
1554 1292 1636 1332 ex
1672 1290 1822 1354 agro
1853 1266 2212 1331 Veientano

120 1344 429 1431 ingentem
460 1352 700 1417 detulit
727 1354 1023 1441 praedam
1056 1354 1137 1418 ad
1167 1356 1407 1419 urbem.
1489 1354 1670 1418 Inter
1694 1352 2005 1441 proelium
2037 1366 2104 1417 et
2133 1354 2214 1417 ad

118 1447 305 1497 castra
352 1436 657 1503 Romana
702 1455 1054 1527 pugnatum
1098 1455 1193 1505 est
1237 1441 1534 1505 adversus
1579 1455 1825 1528 partem
1869 1440 2210 1526 copiarum,

120 1519 191 1579 ab
213 1518 581 1602 Tolumnio,
610 1541 682 1590 ut
710 1540 855 1591 ante
887 1527 1129 1591 dictum
1159 1541 1273 1604 est,
1298 1528 1380 1591 ad
1410 1542 1611 1592 castra
1639 1528 1906 1591 missam.
1986 1524 2216 1589 Fabius

122 1601 465 1673 Vibulanus
496 1635 735 1677 corona
763 1613 1037 1700 primum
1058 1614 1292 1677 vallum
1317 1614 1631 1679 defendit:
1676 1614 1952 1677 intentos
1982 1612 2214 1677 deinde

83 1688 319 1756 9hostes
344 1695 415 1758 in
443 1698 705 1775 vallum,
738 1722 1021 1785 egressus
1050 1700 1275 1763 dextra
1300 1701 1507 1788 princi
1553 1701 1653 1777 ali,
1687 1723 1832 1765 cum
1863 1700 2089 1764 triariis
2119 1710 2218 1763 re‘-

122 1792 299 1873 pente
329 1780 617 1849 invadit:
665 1809 795 1870 quo
823 1808 1053 1872 pavore
1083 1786 1335 1863 iniecto,
1368 1724 1594 1851 caedes
1623 1787 1848 1863 minor,
1881 1787 2031 1873 quia
2059 1810 2218 1873 pau-

125 1882 307 1928 ciores
345 1886 533 1935 erant
553 1896 571 1948 ;
618 1872 769 1959 fuga
810 1896 942 1936 non
987 1873 1198 1936 minus
1243 1874 1506 1959 trepida,
1539 1896 1732 1961 quam
1777 1874 1842 1936 in
1888 1874 2042 1951 acie,
2073 1873 2211 1937 fuit.

129 1946 431 2019 Omnibus
474 1958 636 2022 locis
678 1982 744 2023 re
788 1960 952 2023 bene
996 1972 1190 2044 gesta,
1222 1959 1492 2024 dictator
1520 1959 2060 2024 senatusconsulto
2090 1959 2216 2023 ius·
2339 1967 2444 2025 20.

126 2056 309 2121 suque
356 2044 583 2130 populi
632 2046 1027 2131 triumphans
1070 2046 1138 2107 in
1184 2047 1405 2109 urbem
1448 2046 1653 2110 rediit.
1745 2044 1970 2145 Longe
2015 2046 2216 2109 maxi·
2237 2047 2467 2123 D-ictatw

128 2142 287 2217 fnum
327 2129 641 2217 triumphi
684 2132 1113 2218 spectaculum
1142 2131 1263 2195 fuit
1297 2131 1551 2209 Cossus,
1583 2131 1783 2219 spolia
1811 2154 2022 2218 oplma
2049 2133 2214 2217 regis
2232 2112 2555 2225 ffiffllghssfia

129 2212 422 2278 interfecti
465 2241 712 2305 gerens,
805 2217 885 2281 In
928 2240 1077 2281 eum
1120 2218 1351 2282 milites
1394 2219 1674 2282 carmina
1723 2218 2064 2293 incondita,
2110 2240 2214 2281 ae·
2231 2192 2450 2302 opima.p

134 2311 379 2391 quantes
409 2326 565 2367 eum
598 2304 893 2381 Romule,
925 2326 1168 2367 canere.
1265 2304 1479 2404 Spolia
1523 2305 1591 2367 in
1636 2303 1790 2367 aede
1833 2302 1998 2367 Iovis
2028 2302 2216 2367 Fere-

98 2380 224 2442 ¹trli
251 2406 443 2474 prope
478 2390 743 2455 Romuli
773 2391 991 2477 spolia,
1024 2413 1206 2476 quae,
1231 2414 1435 2477 prima
1465 2390 1702 2475 Opima
1730 2389 2058 2475 appellata,
2090 2390 2222 2453 sola

136 2486 201 2527 ea
238 2483 609 2560 tempestate
646 2492 844 2554 erant,
876 2500 1023 2541 cum
1068 2476 1338 2539 sollenni
1381 2476 1782 2540 dedicatione
1827 2474 1997 2537 dono
2041 2475 2216 2539 fixit:

136 2568 553 2649 averteratque
590 2564 657 2626 in
697 2586 763 2627 se
806 2588 843 2627 a
872 2586 1061 2627 curru
1090 2562 1413 2625 dictatoris
1441 2562 1674 2625 civium
1705 2582 1832 2635 ora,
1866 2572 1931 2623 et
1960 2560 2223 2623 celebri-

138 2640 266 2703 tatis
292 2645 427 2711 eius
456 2649 589 2713 diei
616 2650 891 2713 fructum
936 2671 1133 2735 prope
1174 2648 1342 2711 solus
1388 2647 1631 2712 tulerat.
1726 2646 2018 2710 Dictator
2047 2668 2223 2709 coro-

138 2744 270 2819 flam
297 2754 552 2799 auream
580 2735 802 2800 libram
831 2734 1048 2823 pondo
1072 2758 1152 2798 ex
1180 2734 1437 2834 publica
1464 2733 1753 2820 pecunia,
1778 2732 1999 2821 populi
2029 2732 2220 2807 iussu,

138 2830 199 2871 111
228 2812 546 2904 Capitolio
576 2821 715 2887 Iovi
744 2822 984 2886 donum
1016 2835 1242 2907 posuit.

220 2899 453 2973 Omnes
490 2922 638 2973 ante
676 2931 778 2972 me
814 2922 1099 2971 auctores
1129 2921 1397 2983 secutuS‚
1432 2906 1514 2971 A.
1543 2905 1914 2970 Cornelium
1951 2905 2220 2970 Cossum

141 2983 448 3059 tribunum
485 2995 759 3059 militum
796 2994 1077 3058 secunda
1104 2994 1303 3080 spolia
1329 2994 1541 3080 opima
1570 2993 1738 3057 Iovis
1770 2992 2032 3056 Feretrii
2064 3005 2222 3057 tem-

105 3068 236 3151 2ΡῙΟ
290 3076 592 3158 intulisse,
647 3081 929 3168 exposui.
1043 3079 1367 3157 Ceterum,
1420 3095 1862 3165 praeterquam
1913 3079 2090 3164 quod
2147 3102 2225 3144 ea

141 3154 247 3223 rite
288 3168 500 3251 opima
542 3168 741 3256 spolia
786 3168 1117 3242 habentur,
1165 3189 1327 3253 quae
1368 3166 1499 3229 dux
1543 3166 1693 3229 duci
1733 3165 2046 3241 detraxit3
2102 3188 2220 3229 nec

199 3436 231 3508 ,8
260 3442 317 3489 Se
346 3446 402 3493 in
430 3447 579 3508 pedes
606 3448 819 3509 excepit]
858 3447 905 3495 h.
930 3463 971 3495 e.
998 3446 1139 3495 Desi-
1366 3447 1469 3494 dua·
1507 3446 1619 3493 duci
1657 3446 1894 3505 detraxit]
1936 3444 2080 3492 Haec
2115 3444 2220 3506 qui·

149 3495 229 3545 lult
250 3517 306 3551 ex
330 3523 455 3571 equo
475 3511 561 3567 ita,
590 3517 643 3559 ut
667 3526 842 3573 corpus
868 3512 973 3559 eius
1005 3511 1139 3573 pedi·
1204 3462 1329 3557 gig?
1362 3509 1570 3571 vulgaris
1607 3509 1772 3571 opinio
1809 3509 1918 3557 fuit.
1987 3510 2082 3557 Sed
2123 3526 2220 3557 non

148 3558 229 3610 bus
242 3572 539 3634 exciperetur
556 3581 606 3622 et
622 3575 921 3623 inniteretur.
948 3576 1139 3623 Rrscn.
1206 3574 1277 3621 ita
1299 3574 1455 3621 visum
1482 3574 1708 3631 Varroni,
1730 3572 1814 3634 qui
1844 3572 2034 3621 disertis
2061 3574 2221 3621 verbis

212 3642 240 3688 9
276 3635 463 3686 Dea-tra
506 3640 803 3701 principali]
871 3655 937 3687 sc.
976 3640 1139 3686 Porta.
1206 3638 1433 3696 affirmat,
1470 3642 1528 3684 ut
1570 3652 1630 3684 ex
1679 3637 1825 3683 Festo
1869 3637 2220 3699 cognoscimus,

154 3686 323 3756 Festus,
334 3704 655 3764 principalem
672 3711 938 3751 castrorum
948 3710 1141 3765 portam
1208 3703 1385 3763 Opima
1416 3702 1573 3762 spolia
1605 3703 1750 3749 etiam
1782 3717 1900 3759 esse,
1920 3703 1963 3749 si
1992 3702 2218 3763 manipu-

152 3760 424 3813 ”minatam
446 3768 574 3829 quod
592 3769 647 3813 in
672 3784 728 3816 eo
748 3769 847 3815 loco
868 3768 949 3825 sit,
970 3768 1025 3813 in
1048 3782 1141 3829 quo
1206 3766 1327 3813 laris
1358 3767 1494 3813 miles
1525 3766 1808 3823 detraxerit,
1832 3764 2080 3813 dummodo
2105 3766 2220 3813 duci

152 3820 375 3895 privs-cipes
416 3832 609 3879 ordines
657 3834 877 3880 tendunt.
936 3830 997 3878 cf.
1031 3830 1139 3879 infr.
1204 3830 1425 3878 hostium.
1494 3828 1576 3877 De
1607 3844 1666 3876 ea
1697 3844 1749 3876 re
1784 3828 1876 3876 vid.
1915 3830 2068 3877 Periz.
2099 3829 2218 3876 Ani-

154 3892 299 3937 ¹1¹¹V-
320 3892 396 3952 46.
432 3894 497 3941 xl.
522 3892 595 3943 26.
1204 3893 1364 3941 madv.
1392 3893 1578 3941 Hister.
1607 3904 1647 3954 7.
1683 3894 1843 3942 Cnnv.
1891 3894 1950 3941 cf.
1979 3894 2152 3941 Festus
2175 3908 2218 3939 v.

218 3963 237 3995 1
268 3954 429 4015 Spolia
462 3994 475 4007 .
498 3994 511 4008 .
536 3993 549 4007 .
574 3994 585 4007 .
616 3960 781 4021 [νήπια
816 3960 1019 4021 Opima]
1078 3960 1139 4006 cf.
1207 3960 1384 4020 Opima
1418 3959 1606 4020 spolia;
1649 3972 1855 4017 quorum
1894 3957 1988 4004 tria
2023 3970 2219 4018 genera,

156 4006 345 4085 (ἦρῐιον.
361 4022 561 4071 Observ.
580 4024 611 4072 i.
632 4036 673 4084 7.
728 4023 954 4085 Sigonius
970 4036 1141 4070 vocem
1205 4023 1237 4047 ‘⁶
1251 4024 1393 4083 cujtts
1413 4023 1633 4083 auspicio
1661 4023 1810 4079 classe
1834 4023 2088 4081 procincta
2116 4020 2217 4079 opi-

152 4086 295 4143 ?rmm
322 4086 590 4135 redundare
623 4086 889 4145 existimat,
922 4087 1007 4134 sed
1041 4101 1140 4133 non
1202 4102 1283 4133 ma
1325 4088 1483 4149 spolia
1530 4088 1817 4147 capiuntur,
1853 4086 1960 4132 Iovi
1999 4083 2220 4130 Feretrio

156 4142 373 4195 mteuexit
396 4148 523 4199 Livii
544 4156 761 4198 mentem
785 4169 799 4207 ς
833 4151 1017 4212 quippe
1034 4152 1138 4210 pri·
1204 4151 1364 4198 bovem
1398 4150 1610 4197 caedito:
1655 4150 1740 4211 qui
1772 4150 1900 4208 cepit
1932 4148 2062 4194 aeris
2081 4143 2225 4219 ‘cqc'

156 4212 223 4248 ’Μ
242 4218 368 4259 erant
396 4213 484 4261 illa
505 4215 665 4275 spolia
684 4230 784 4262 non
804 4220 1031 4275 tempore,
1052 4214 1137 4261 sed
1201 4214 1367 4263 darier
1402 4220 1628 4275 opor-teto.
1705 4212 1930 4259 Secunda
1970 4208 2124 4267 spelta
2163 4220 2220 4252 m

152 4278 321 4342 θθζῐθνσ,
341 4282 511 4339 utpote
539 4294 667 4341 quae
687 4279 791 4325 dux
812 4279 925 4325 duci
946 4280 1138 4326 detra-e-
1200 4280 1389 4326 Martis
1422 4292 1564 4325 aram
1607 4277 1664 4323 in
1700 4290 1868 4334 campo
1904 4268 2218 4345 solitaurilia,

156 4339 248 4379 ‘'²²⁸‘-
1204 4348 1319 4389 u-tra
1340 4342 1565 4397 voluerit,
1586 4338 1772 4387 caedito
1787 4355 1801 4382 :
1834 4337 1918 4397 qui
1941 4340 2067 4394 ceput
2087 4348 2218 4381 aem

212 4408 233 4441 ²
266 4402 339 4451 Ea
372 4408 465 4455 rite
497 4409 657 4468 opima
690 4409 847 4469 spolia
882 4408 1141 4463 habentur,
1208 4406 1294 4451 00
1330 4406 1495 4452 darier
1539 4407 1765 4462 oporteto.
1853 4397 2015 4444 Tertia
2061 4398 2218 4457 spolia
