3000 4784
677 185 762 246 56
1448 176 1677 244 ΤΙΤΙ
1728 176 1997 244 LIVII

680 327 700 358 ‘
717 317 862 381 tatis
889 328 1178 404 ereptum
1215 316 1596 404 primoribus
1624 338 1846 403 agrum
1884 315 2309 380 sordidissimo
2337 315 2570 401 cuique
2598 314 2774 378 divi-

680 412 700 441 ‘
715 403 900 468 sisse:
949 404 1162 468 omnia
1199 425 1411 480 onera,
1441 426 1591 490 quae
1625 404 1988 467 communia
2015 401 2337 489 quondam
2374 401 2633 477 sinerint,
2664 401 2775 464 in-

677 498 700 529 ‘
713 489 976 554 clinasse
994 490 1064 553 in
1081 488 1386 578 primores
1402 489 1697 554 civitatis:
1744 490 2089 554 instituisse
2106 509 2385 566 censum,
2408 501 2481 552 ut
2497 488 2775 574 insignis

681 584 701 615 ‘
718 576 800 640 ad
839 576 1141 648 invidiam
1181 576 1664 664 locupletiorum
1693 576 1947 641 fortuna
1984 589 2166 653 esset,
2196 590 2263 640 et
2296 587 2533 664 parata,
2564 574 2773 654 unde,

453 667 557 730 48.
681 673 702 704 ‘
718 663 830 727 ubi
855 662 1068 741 vellet,
1097 662 1514 751 egentissimis
1542 662 1909 750 largiretur!
1998 663 2173 728 Huic
2202 661 2469 727 orationi
2504 661 2775 726 Servius

677 772 877 840 quum
926 750 1382 827 intervenisset,
1425 748 1675 836 trepido
1716 751 1943 813 nuntio
1986 749 2317 826 excitatus,
2362 746 2686 834 extemplo
2730 771 2777 814 a

676 835 986 902 vestibulo
1007 837 1216 902 curiae
1239 859 1468 924 magna
1495 858 1669 912 voce,
1704 845 1725 874 ‘
1738 835 1917 910 Quid
1944 836 2107 914 hoc,'
2125 836 2357 922 inquit,
2390 844 2410 873 ‘
2428 834 2771 922 Tarquini,

679 932 699 963 ‘
715 918 810 987 rei
844 924 988 988 est?
1076 946 1159 987 ua
1187 937 1258 988 tu
1303 923 1567 987 audacia
1593 944 1695 986 me
1725 923 1867 987 vivo
1903 945 2127 988 vocare
2168 945 2356 988 ausus
2384 945 2453 987 es
2492 921 2717 986 Patres
2738 923 2773 985 Ρ

679 1017 828 1074 ‘aut
855 1009 925 1073 in
953 1032 1018 1073 se
1065 1033 1102 1074 e
1132 1009 1458 1074 considere
1498 1031 1644 1073 mea
1662 1009 1718 1074 ?'
1766 1008 1985 1083 Quum
2014 1009 2121 1074 ille
2149 1009 2445 1074 ferociter
2470 1009 2555 1074 ad
2582 1009 2771 1086 haec,

679 1103 702 1136 ‘
723 1094 804 1160 Se
831 1097 1026 1183 patris
1052 1097 1152 1160 sui
1181 1111 1398 1160 tenere
1425 1095 1662 1172 sedem,
1692 1094 1913 1173 multo,
1982 1118 2129 1159 uam
2158 1118 2428 1174 servum,
2536 1094 2771 1159 tiorem

679 1191 701 1220 ‘
715 1182 920 1246 filium
947 1183 1114 1270 regis
1139 1183 1318 1270 regni
1357 1181 1693 1248 heredem:
1740 1182 1888 1246 satis
1930 1181 1943 1197 ⁶
1996 1205 2101 1246 um
2132 1182 2249 1247 diu
2284 1205 2403 1282 Per
2438 1118 2771 1246 {gentiam

681 1277 700 1308 ‘
716 1268 1083 1335 eludentem
1111 1269 1441 1334 insultasse
1471 1268 1745 1332 dominis
1755 1269 1793 1345 ;’
1837 1268 2071 1332 clamor
2097 1271 2177 1334 ab
2199 1281 2527 1355 utriusque
2558 1268 2773 1333 fauto—

675 1353 850 1420 ribus
879 1356 1096 1434 oritur,
1128 1369 1195 1422 et
1222 1378 1560 1424 concursus
1598 1354 1818 1443 populi
1844 1355 2038 1419 fiebat
2064 1355 2135 1418 in
2172 1356 2450 1420 curiam:
2499 1377 2773 1442 appare-

676 1443 909 1528 batque
939 1455 1366 1529 regnaturum‚
1398 1443 1513 1529 qui
1540 1442 1805 1506 vicisset.-
1897 1440 2068 1506 Tum
2104 1441 2511 1528 TarquiniuS,
2542 1463 2773 1506 neces-

675 1529 860 1593 sitate
909 1528 1035 1593 iam
1074 1530 1096 1592 i
1251 1542 1517 1615 cogente
1554 1526 1778 1591 ultima
1817 1526 2071 1605 audere,
2116 1528 2317 1592 multo
2356 1541 2423 1592 et
2456 1541 2662 1592 aetate
2699 1540 2774 1594 et

675 1614 912 1680 viribus
967 1614 1089 1678 vali
1141 1615 1249 1691 'or,
1303 1613 1586 1678 medium
1642 1613 1863 1701 arripit
1924 1613 2247 1692 Servium3
2307 1613 2545 1680 elatum
2592 1636 2674 1678 ue
2726 1637 2770 1680 e

675 1701 852 1765 curia
900 1699 968 1763 in
1011 1700 1372 1765 inferiorem
1414 1711 1659 1786 partem
1703 1723 1819 1788 per
1865 1700 2095 1801 gradus
2142 1700 2378 1765 deiicit.
2470 1701 2549 1765 In
2594 1723 2632 1766 e
2680 1702 2771 1766 ad

675 1786 1032 1873 cogendum
1069 1799 1356 1850 senatum
1385 1786 1453 1850 in
1493 1786 1731 1851 curiam
1760 1786 1941 1852 redit.
2032 1786 2137 1852 Fit
2171 1787 2324 1875 fuga
2364 1787 2531 1888 regis
2569 1809 2771 1875 appar-

342 1878 549 1954 ’Servius
568 1881 638 1929 in·
675 1873 940 1936 ritorum
997 1886 1187 1959 atque
1245 1873 1567 1938 comitum.
1687 1870 1831 1958 Ipse
1890 1895 2086 1961 prope
2145 1897 2502 1961 exsanguis,
2560 1897 2771 1961 quum

353 1944 599 2022 oeffiqw·
677 1958 1033 2022 semianimi
1081 1959 1256 2046 regio
1301 1959 1605 2024 comitatu
1650 1957 1913 2024 domum
1959 1983 2026 2026 se
2065 1961 2395 2061 reciperet,
2438 1961 2762 2048 pervenis·
2784 1981 2823 2030 9

475 2037 512 2058 ⁸
676 2058 898 2131 setque
941 2044 1024 2108 ad
1065 2067 1382 2109 summum
1429 2043 1743 2132 Cyprium
1786 2045 2017 2122 vicum,
2058 2047 2139 2111 ab
2172 2047 2269 2125 ils,
2310 2047 2423 2134 qui
2466 2046 2639 2111 missi
2682 2047 2771 2112 ab

678 2130 1032 2218 Tarquinio
1047 2132 1398 2281 fuffiientem
1415 2131 1737 2196 consecuti
1756 2145 1955 2209 erant,
1974 2131 2367 2198 interficitur.
2436 2132 2769 2212 Creditur,

721 2216 830 2280 uia
869 2240 998 2282 non
1045 2219 1125 2282 ab
1171 2231 1342 2282 orret
1382 2240 1422 2281 a
1461 2230 1675 2283 cetero
1725 2217 1979 2295 scelere,
2024 2219 2355 2284 admonitu
2398 2219 2649 2284 Tulliae
2693 2221 2772 2285 id

682 2389 696 2403 .
778 2316 932 2371 tum.
1024 2302 1350 2391 Carpento
1391 2316 1562 2368 certe
1602 2303 1702 2390 (id
1742 2304 1917 2389 quod
1954 2305 2105 2369 satis
2142 2305 2419 2392 constat)
2456 2306 2523 2370 in
2550 2305 2769 2370 forum

677 2402 946 2468 mvecta,
993 2412 1111 2457 nec
1167 2390 1438 2454 reverita
1485 2401 1737 2454 coetum
1784 2389 2079 2468 virorum,
2128 2391 2414 2456 evocavit
2460 2391 2666 2456 virum
2728 2414 2769 2458 e

678 2476 886 2554 curia3
933 2497 1274 2626 regemque
1314 2477 1521 2564 prima
1552 2499 1631 2564 ap
1712 2476 1902 2541 llavit.
1995 2477 2061 2543 A
2095 2500 2226 2565 quo
2264 2478 2568 2542 facessere
2598 2478 2773 2544 iussa

353 2566 548 2642 'rumne
567 2567 655 2620 im-
677 2585 761 2628 ex
791 2575 969 2629 tanto
999 2578 1180 2628 tumu
1204 2577 1276 2627 tu
1297 2585 1496 2650 quum
1524 2584 1591 2626 se
1658 2585 1874 2628 omum
1896 2563 2023 2628 reci
2106 2577 2221 2643 ret,
2244 2565 2769 2665 pervenissetque

353 2637 522 2695 Paem·
678 2649 760 2714 ad
805 2672 1121 2718 summum
1183 2649 1494 2737 Cyprium
1548 2649 1775 2726 vicum,
1826 2649 1935 2713 ubi
2054 2650 2294 2714 ianium
2340 2673 2547 2751 nuper
2601 2651 2767 2730 fint3
2796 2676 2817 2708 1

677 2735 958 2803 flectenti
986 2748 1353 2824 carpentum
1385 2735 1611 2799 dextra
1648 2736 1715 2800 in
1750 2735 2021 2800 Urbium
2050 2736 2303 2814 clivum,
2334 2751 2409 2803 ut
2434 2759 2505 2801 m
2532 2737 2769 2802 collem
2790 2760 2820 2793 2

681 2819 1130 2908 Esqniliarium
1181 2820 1444 2884 evehere
1452 2833 1571 2893 tur,
1626 2821 1857 2885 restitit
1904 2822 2186 2908 pavidus,
2239 2835 2431 2911 atque
2482 2823 2771 2890 inhibuit

677 2907 886 2972 frenos
902 2907 974 2982 is,
994 2906 1107 2991 qui
1128 2907 1412 2970 iumenta
1551 2906 1676 2981 bat,
1696 2906 2135 2994 iacentemque
2153 2908 2448 2980 dominae
2470 2909 2769 2976 Servium

677 2990 1061 3056 trucidatum
1079 2989 1370 3054 ostendit.
1431 2928 1733 3056 alggedum
1748 2991 2295 3082 inhumanumque
2318 2996 2469 3062 inde
2492 2996 2773 3062 traditur

675 3075 898 3153 scelus,
929 3087 1469 3163 monumentoque
1493 3075 1674 3140 locus
1695 3089 1815 3141 est:
1868 3077 2259 3146 Sceleratum
2280 3083 2489 3147 vicum
2512 3099 2766 3162 vocant,

677 3184 806 3248 quo
829 3181 1062 3239 amem,
1082 3162 1464 3250 agitantibus
1479 3163 1657 3227 furiis
1684 3164 1910 3228 sororis
1939 3187 2011 3228 ac
2033 3168 2171 3244 viri,
2192 3167 2408 3234 Tullia
2420 3191 2538 3255 per
2562 3171 2769 3256 patris

677 3269 904 3336 corpus
949 3261 1320 3336 carpentum
1363 3249 1562 3336 egisse
1612 3249 1843 3326 fertum
1902 3265 2277 3340 partemque
2318 3255 2643 3342 sanguinis
2690 3279 2767 3321 ac

677 3334 888 3398 caedis
915 3349 1212 3422 paternae
1241 3348 1507 3401 cruento
1541 3335 1852 3413 vehiculo,
1884 3341 2310 3404 contaminata
2346 3341 2483 3441 ipsa
2514 3363 2767 3430 resper-

675 3441 891 3506 saque,
937 3419 1148 3484 tulisse
1194 3420 1276 3485 ad
1317 3435 1579 3508 penates
1620 3443 1765 3486 suos
1806 3423 2051 3510 virique
2098 3425 2231 3492 sui:
2286 3428 2519 3514 quibus
2562 3428 2764 3507 iratiS,

735 3619 770 3668 9
803 3607 964 3664 Quum
995 3607 1289 3667 semanimi]
1357 3606 1500 3655 Haec
1536 3607 1684 3655 νει-θα
1744 3607 1876 3655 haud
1908 3610 2077 3669 procul
2114 3609 2320 3660 Bovillis
2352 3611 2461 3661 fixit.
2496 3609 2633 3664 Pers.
2656 3615 2764 3666 Sat.

675 3683 826 3730 usque
861 3670 924 3717 sd
959 3671 991 3695 ⁴⁴
1009 3670 1246 3732 Cyprium
1288 3669 1521 3728 Vicum,”
1556 3685 1682 3732 quae
1747 3670 1807 3718 vi.
1840 3683 1915 3732 55.
1982 3674 2185 3722 Orbium
2215 3675 2405 3724 videtur
2432 3677 2561 3728 velle
2582 3677 2767 3728 Festus

673 3731 1102 3782 Drakenborchius
1135 3749 1386 3796 perperam
1419 3735 1594 3782 iterata
1613 3734 1682 3782 iu·
1747 3735 1780 3760 ‘⁸
1797 3735 1875 3782 eui
1918 3750 2095 3783 nomen
2147 3753 2179 3784 a
2226 3739 2455 3788 flexuosis
2506 3741 2721 3791 orbibus.
2733 3747 2767 3769 '⁹

673 3795 870 3855 dicavit,
890 3796 1072 3845 omittit
1093 3797 1306 3847 Bekker.
1340 3804 1511 3845 contra
1542 3798 1681 3846 codd.
1749 3798 1885 3846 Huic
1901 3811 2167 3858 cog-nomen
2182 3805 2403 3852 scelerati
2423 3805 2637 3854 haedsse
2654 3822 2765 3869 pro-

673 3859 836 3910 fidem.
1744 3860 1905 3908 babile
1926 3867 2028 3920 θείη
2058 3870 2186 3912 certe
2208 3880 2304 3913 non
2326 3867 2513 3930 Cyprio
2537 3863 2686 3928 Vico,
2705 3878 2766 3920 ut

743 3937 763 3972 1
799 3925 1065 3983 Dianium]
1109 3924 1271 3973 Locus
1304 3923 1494 3971 Dianae
1527 3938 1679 3972 sacra-
1744 3930 1933 3972 constat
1964 3941 2025 3974 ex
2059 3928 2197 3976 Varr.
2220 3930 2283 3977 de
2307 3930 2363 3978 L.
2389 3931 2447 3979 L.
2470 3931 2534 3980 iv.
2558 3933 2645 3994 qui
2663 3951 2764 3986 sce-

673 3991 769 4046 tus‚
793 4003 855 4036 ex
884 3986 1049 4046 Festo,
1081 3989 1214 4049 apud
1245 4002 1392 4048 quem
1425 3988 1681 4049 legendum
1746 3989 1953 4036 leramm
1996 3993 2161 4039 Vicum
2196 3993 2327 4041 haud
2362 3996 2533 4056 procul
2572 3997 2765 4060 Cyprio

671 4065 776 4098 esse
817 4053 1077 4108 Πᾶσπίεωπ,
1125 4067 1223 4099 non
1265 4052 1500 4108 Dianius,
1555 4057 1685 4098 recte
1747 4050 1893 4099 fixisse
1926 4053 2089 4102 scribit
2112 4071 2155 4103 v.
2178 4057 2405 4118 Cyprius.
2460 4059 2620 4109 Haud
2660 4063 2764 4110 scio

670 4119 835 4164 censet
859 4115 955 4162 Ios.
979 4113 1204 4175 Scaliger.
1271 4114 1534 4169 Quomodo
1556 4115 1677 4162 Dia-
1742 4128 1805 4160 an
1849 4116 2017 4164 sabula
2058 4119 2120 4166 de
2166 4119 2332 4168 Diana
2377 4127 2430 4169 et
2474 4123 2766 4188 Hippolyto

669 4181 824 4236 nium,
861 4178 931 4226 sic
968 4183 1019 4225 et
1051 4179 1374 4234 Minervium,
1409 4181 1461 4224 et
1510 4178 1677 4226 Vulva·
1742 4174 1967 4252 (Virbio)
1988 4195 2068 4242 ap.
2094 4181 2227 4244 Virg.
2261 4186 2384 4232 Aen.
2419 4185 2499 4234 vii.
2532 4189 2639 4249 778.
2674 4205 2763 4238 no—

669 4243 808 4290 m'um
827 4241 1092 4290 dicebatur.
1124 4240 1284 4289 anv.
1742 4239 1863 4288 mini
1888 4242 2061 4292 Vubio
2082 4245 2229 4293 fldem
2250 4248 2497 4298 adstruere
2514 4252 2715 4302 debeat.

737 4319 763 4351 2
803 4306 1033 4362 Urbium]
1111 4303 1275 4368 Vulgo
1317 4301 1558 4362 virbium,
1596 4303 1678 4364 qui
