3000 4784
667 227 798 287 438
1439 213 1667 281 ΤΙΤῙ
1727 212 2003 279 LIVII

441 368 637 433 (2414.
674 364 694 395 ‘
715 356 822 423 hic
881 376 994 421 vos
1057 352 1472 419 circumvenit
1537 350 1755 417 hostis.
1868 348 2128 415 Virtute
2190 371 2269 415 ee
2312 349 2449 417 istis
2521 349 2784 427 locum3

443 436 502 487 0·
526 449 637 497 ³⁴⁰·
675 452 694 483 ‘
716 444 950 507 virtute
981 440 1154 517 hinc,
1185 462 1224 504 ο
1309 451 1455 516 rtet,
1485 437 1784 503 evadatis.
1878 434 2237 503 Veniendo‘
2304 460 2387 501 uc
2420 437 2789 505 exercitum

677 539 696 569 ‘
717 527 1042 628 egregium
1071 548 1203 614 pop
1274 526 1288 539 ‘
1325 524 1606 590 Romani
1640 523 1970 601 servastis3
2017 522 2417 625 erumpendo
2450 522 2617 589 hinc
2646 546 2789 589 vos—

676 624 698 656 ‘
717 627 850 679 met
889 636 1058 701 ipsos
1091 624 1352 677 servate.
1443 610 1651 697 Digni
1690 610 1861 688 estis,
1892 610 2007 697 qui
2044 632 2235 699 pauci
2268 609 2565 697 pluribus
2592 632 2791 699 opem

678 710 698 740 ‘
719 700 1006 777 tuleritis,
1039 700 1160 787 ipsi
1193 698 1432 763 nullius
1465 696 1706 763 auxilio
1740 696 2061 783 egueritis.
2156 694 2331 764 Cum
2358 719 2438 762 eo
2466 696 2667 763 hom
2694 719 2794 761 ιω

677 796 697 832 ⁶
718 801 835 865 est,
867 787 980 874 qui
1021 786 1318 851 hesterno
1346 784 1454 849 die
1483 782 1745 849 delendi
1782 783 1989 849 omnis
2026 782 2342 849 exercitus
2369 783 2643 849 fortuna

677 884 698 912 ‘
717 873 1072 939 socordiam
1117 894 1266 937 usus
1311 892 1446 935 non
1494 871 1619 947 sit3
1672 870 1845 935 hunc
1892 882 2023 935 tam
2074 882 2511 969 opportunum
2552 893 2643 935 co
2730 892 2795 934 m

677 970 698 998 ‘
717 961 1164 1027 imminentem
1201 958 1396 1046 capiti
1435 980 1553 1023 suo
1590 980 1726 1021 non
1763 968 1913 1021 ante
1941 954 2193 1032 vident,
2222 978 2419 1043 quam
2452 970 2733 1044 captum
2758 980 2797 1021 a

679 1056 700 1085 ‘
719 1046 946 1123 nobis3
1001 1068 1118 1112 nos
1169 1058 1301 1110 tam
1352 1066 1589 1131 paucos
1638 1055 1735 1107 tot
1784 1043 1902 1131 ipsi
1956 1042 2237 1107 millibus
2279 1042 2627 1109 hominum
2672 1066 2795 1109 nec

681 1141 701 1171 ‘
723 1155 988 1198 ascensu
1015 1132 1366 1207 arcuerint3
1400 1152 1521 1195 nec
1550 1141 1843 1195 tenentes
1871 1129 2104 1206 locum,
2129 1152 2333 1217 quum
2360 1128 2497 1195 diei
2530 1142 2795 1196 tantum

683 1230 700 1258 ‘
721 1232 1091 1307 superesset,
1149 1217 1317 1283 vallo
1373 1214 1926 1283 circumdederint.
2046 1214 2263 1289 Quem
2318 1214 2665 1291 videntem
2722 1238 2795 1280 ac

683 1315 704 1345 ‘
723 1306 1094 1393 vigilantem
1143 1305 1234 1370 sic
1280 1303 1611 1379 eluseritis,
1658 1302 1955 1389 sopitum,
2008 1314 2275 1389 oportet,
2322 1301 2605 1379 fallatisg
2660 1303 2797 1367 imo

684 1402 705 1431 ‘
725 1415 981 1459 necesse
1017 1405 1131 1457 est.
1221 1390 1302 1455 In
1341 1413 1421 1456 eo
1459 1389 1635 1454 enim
1672 1389 1814 1455 loco
1852 1411 1953 1453 res
1992 1402 2143 1455 sunt
2182 1402 2455 1466 nostrae,
2484 1402 2569 1457 ut
2610 1390 2797 1455 vob'n

685 1489 703 1518 ‘
725 1502 848 1565 ego
877 1502 942 1543 m
1026 1478 1078 1543 's
1105 1476 1492 1543 necessitatis
1519 1488 1761 1541 vestrae
1791 1474 2009 1552 index,
2039 1497 2233 1562 quam
2262 1474 2511 1541 consilii
2540 1489 2795 1551 auctor,

684 1575 702 1603 ‘
727 1566 863 1630 sim.
1027 1586 1194 1652 eque
1235 1563 1431 1641 enim,
1467 1561 1793 1639 maneatis,
1831 1584 1915 1627 an
1958 1562 2198 1630 abeatis
2238 1560 2411 1639 hinc,
2442 1560 2795 1631 deliberari

683 1660 702 1691 ‘
724 1664 967 1737 potest3
1000 1674 1221 1737 quum,
1251 1662 1505 1737 praeter
1531 1670 1706 1715 arma
1732 1661 1799 1713 et
1826 1649 2071 1713 animos
2098 1669 2413 1713 armorum
2444 1670 2795 1725 memores,

683 1746 704 1774 ‘
724 1736 887 1801 nihil
915 1737 1092 1802 vobis
1121 1737 1376 1801 fortuna
1402 1734 1635 1822 reliqui
1662 1734 1903 1812 fecerit,
1933 1734 2229 1821 fameque
2262 1748 2331 1799 et
2362 1734 2469 1799 siti
2506 1736 2799 1801 morien-

683 1832 703 1861 ‘
724 1821 880 1885 dum
923 1823 1023 1899 sit,
1065 1823 1118 1885 si
1213 1822 1330 1897 lus,
1373 1844 1569 1907 quam
1607 1822 1775 1886 viros
1820 1844 1894 1887 ac
1940 1820 2264 1887 Romanos
2306 1820 2515 1898 decet,
2548 1822 2795 1887 ferrum

683 1916 703 1946 ‘
724 1908 1074 1973 timeamus.
1207 1928 1320 1993 130
1346 1930 1478 1973 una
1506 1920 1602 1973 est
1628 1907 1797 1971 salus
1822 1930 2154 1993 erumpere
2184 1907 2333 1971 hinc
2364 1918 2565 1993 atque
2596 1909 2795 1974 abire.

683 2004 702 2032 ‘
725 1992 804 2057 Id
833 2007 944 2059 aut
972 1993 1256 2058 interdiu
1295 2006 1406 2059 aut
1433 2006 1624 2059 nocte
1654 1994 1974 2071 faciamus,
2004 2006 2271 2080 oportet.
2364 1992 2541 2059 Ecce
2572 2008 2795 2061 autem

684 2090 702 2119 ‘
723 2079 898 2145 aliud
927 2080 1140 2145 minus
1169 2079 1473 2145 dubiumz
1508 2080 1621 2166 qui
1666 2102 1749 2166 pe
1778 2079 1831 2145 si
1860 2079 1973 2147 lux
2002 2092 2427 2167 exspectetur,
2450 2104 2629 2167 quae
2648 2102 2797 2169 spes

685 2175 706 2204 ‘
727 2180 842 2245 est,
873 2189 1007 2233 non
1048 2166 1214 2231 vallo
1255 2180 1567 2254 perpetuo
1610 2102 1903 2265 gesaque
1944 2188 2061 2232 nos
2104 2180 2471 2254 saepturum
2510 2167 2791 2244 hostem,

686 2262 706 2291 ‘
727 2254 840 2340 qui
887 2276 1060 2319 nunc
1105 2253 1472 2340 corporibus
1518 2251 1647 2319 suis
1692 2252 1993 2317 sublectis
2036 2252 2327 2339 undique
2368 2253 2679 2334 cinxerit,
2722 2266 2795 2319 ut

687 2348 707 2377 ‘
727 2339 975 2417 videtis,
1007 2338 1285 2405 collem?
1372 2339 1601 2426 Atqui,
1632 2339 1685 2403 si
1730 2360 1860 2403 nox
1904 2352 2263 2426 opportuna
2300 2352 2399 2404 est
2436 2340 2788 2428 eruptioni,

688 2434 706 2463 ‘
727 2425 892 2491 sicut
919 2438 1034 2503 est,
1066 2425 1226 2491 haec
1261 2425 1547 2513 profecto
1584 2426 1789 2491 noctis
1822 2425 2145 2513 aptissima
2180 2426 2337 2491 hora
2372 2439 2489 2493 est.
2588 2427 2795 2516 Signo

687 2520 708 2550 ‘
727 2512 1046 2581 secundae
1065 2511 1317 2601 vigiliae
1340 2511 1741 2589 convenistis,
1766 2512 1942 2598 quod
1970 2525 2221 2599 tempus
2242 2512 2541 2579 mortales
2560 2536 2797 2581 somno

688 2608 707 2637 ‘
729 2598 1032 2665 altissimo
1135 2599 1307 2665 emit.
1391 2598 1522 2666 Per
1548 2620 1813 2685 corpora
1838 2598 2044 2685 sopita
2070 2598 2353 2675 vadetis3
2397 2599 2503 2667 vel
2530 2600 2793 2667 silentio

689 2694 708 2724 ‘
729 2686 1018 2751 incautos
1098 2684 1344 2763 llentes,
1368 2685 1471 2751 vel
1500 2684 1923 2751 sentientibus
1942 2683 2213 2751 clamore
2244 2686 2457 2751 subito
2480 2708 2792 2787 pavorem

689 2780 708 2811 ‘
730 2771 1043 2840 iniecturi.
1136 2770 1252 2835 Me
1287 2771 1481 2837 modo
1523 2772 1885 2859 sequimini,
1916 2794 2111 2858 quem
2148 2771 2353 2839 secuti
2380 2785 2549 2839 esus.
2648 2772 2789 2860 Ego

689 2866 708 2896 ‘
729 2857 1020 2935 eandem,
1053 2879 1220 2943 quae
1253 2856 1439 2922 duxit
1471 2857 1621 2935 huc,
1651 2880 1879 2945 sequar
1905 2858 2243 2927 fortunam.
2338 2858 2597 2934 Quibus
2630 2860 2791 2925 haec

689 2952 708 2980 ‘
729 2941 1024 3015 salutaria
1055 2942 1371 3020 videntur,
1401 2943 1747 3029 agitedum,
1785 2945 1855 3009 in
1893 2943 2185 3013 dextram
2222 2956 2469 3032 partem
2512 2946 2789 3033 pedibus

465 3042 566 3101 36,
688 3036 708 3066 ‘
731 3027 1029 3091 transite!
1090 3027 1333 3093 Omnes
1362 3030 1766 3107 transierunt,
1790 3030 2257 3117 vadentemque
2284 3052 2403 3118 per
2428 3031 2789 3099 intel-mim

686 3112 986 3183 custodiis
1024 3113 1165 3179 loca
1191 3113 1470 3179 Decium
1514 3116 1715 3181 secuti
1758 3129 1923 3182 sunt.
2014 3114 2153 3183 Iam
2198 3130 2529 3185 evaserant
2572 3118 2786 3185 medis

356 372 420 423 U.

345 439 407 507 1.»

685 3214 906 3280 castra,
981 3224 1140 3273 uum
1181 3200 1681 3289 superscandens
1714 3203 1979 3289 vigilum
2020 3216 2217 3269 strata
2254 3226 2482 3270 somno
2522 3226 2787 3293 corpora

685 3288 866 3354 miles
901 3312 944 3353 o
988 3312 1142 3357 enso
1175 3302 1356 3355 scuto
1391 3289 1685 3377 praebuit
1722 3288 2017 3359 sonitum.
2112 3289 2263 3366 Quo
2290 3291 2609 3359 excitans
2636 3288 2787 3379 vigil

685 3397 884 3461 quum
951 3376 1313 3461 proximum
1386 3375 1700 3453 movisset,
1762 3377 2084 3464 erectique
2150 3376 2307 3441 alios
2370 3378 2779 3453 concitarent,

685 3460 888 3547 ignari
939 3460 1106 3525 cives
1156 3484 1238 3526 an
1290 3461 1502 3526 hostes
1551 3473 1779 3538 essent,
1830 3461 2215 3549 praesidium
2266 3476 2651 3550 erumperet,
2702 3484 2781 3527 an

687 3545 907 3610 consul
950 3560 1151 3611 castra
1193 3548 1498 3648 cepisset:
1566 3546 1827 3625 DeciuS,
1874 3570 2071 3635 quum
2118 3572 2251 3613 non
2300 3548 2613 3628 fallerent,
2658 3548 2777 3615 cla-
2792 3574 2821 3617 4

686 3651 927 3695 morem
985 3632 1202 3698 tollere
1270 3634 1454 3699 iussis
1512 3632 1837 3711 militibus,
1898 3633 2179 3721 torpidos
2240 3658 2465 3701 somno
2524 3636 2781 3723 insuper

685 3736 916 3801 pavore
941 3719 1297 3796 exanimat3
1331 3742 1462 3805 quo
1489 3720 1862 3809 praepediti,
1886 3742 2007 3785 nec
2037 3742 2211 3785 arma
2238 3721 2508 3809 impigre
2539 3742 2779 3811 capere,

683 3822 804 3864 nec
852 3800 1169 3880 obsistere,
1211 3826 1329 3867 nec
1377 3806 1629 3892 insequi
1672 3819 1980 3895 poterant.
2071 3806 2252 3873 Inter
2294 3808 2777 3895 trepidationem

685 3884 1158 3974 tumultumque
1223 3887 1623 3969 Samnitium,
1684 3892 2069 3979 praesidium
2136 3892 2525 3973 Romanum,
2586 3894 2781 3960 obviis

683 3972 1050 4039 custodibus
1079 3975 1291 4053 caesis,
1323 3976 1406 4041 ad
1434 3991 1639 4042 castra
1666 3979 1939 4043 consulis
1967 3980 2273 4066 pervadit.

357 4071 626 4185 affixus-«J
773 4059 1200 4149 Aliquantum
1228 4076 1555 4150 supererat
1584 4066 1809 4143 noctis,
1838 4064 2095 4153 iamque
2131 4065 2201 4131 in
2238 4078 2377 4133 tuto
2406 4066 2779 4133 videbantur

747 4293 780 4335 4
813 4280 976 4335 Quum
1007 4292 1107 4325 mn
1129 4278 1395 4349 fallerent]
1433 4292 1498 4325 sc.
1526 4278 1698 4335 Quum
1764 4296 1933 4353 quum,
1950 4294 2118 4329 vocem
2142 4283 2390 4355 qnoniam,
2410 4296 2540 4355 quae
2562 4280 2615 4331 iu
2638 4278 2775 4331 MSS.

683 4338 849 4387 hostes
891 4354 988 4387 non
1032 4340 1245 4410 amphus
1291 4340 1517 4390 laterent.
1602 4342 1700 4390 Pro
1764 4344 2051 4409 quibusdam
2076 4344 2271 4407 legitur,
2290 4350 2509 4411 tepeant
2530 4344 2743 4397 Bekket.
