3000 4784
790 196 981 261 LIB.
1042 196 1131 261 Π.
1196 196 1420 261 CAP.
1483 202 1586 261 21.
2155 200 2236 260 95

148 335 283 399 Hoc
313 334 515 399 modo
546 334 634 399 ad
662 334 867 398 lacum
900 332 1225 420 Regillum
1258 346 1610 420 pugnatum
1641 344 1756 396 est.
1849 330 2143 395 Dictator
2170 344 2240 395 et

148 424 437 509 magister
466 422 767 521 equitum
796 420 1259 507 triumphantes
1285 420 1353 483 in
1386 420 1608 483 urbem
1637 417 1900 482 rediere.

224 509 545 573 Triennio
592 508 825 572 deinde
863 529 985 571 nec
1014 522 1204 607 certa·
1224 529 1370 593 pax,
1401 528 1522 570 nec
1557 504 1796 571 bellum
1823 504 1964 568 filit.
2061 502 2238 568 Con·-
2357 500 2463 560 21·

106 596 299 665 9511]ae
347 597 433 671 Q.
474 594 767 659 Cloelius
806 608 871 659 et
918 594 997 658 T.
1032 594 1301 657 Lartius.
1392 592 1556 656 Inde
1594 591 1677 655 A.
1721 590 2131 677 Sempronius
2171 603 2236 654 et
2257 584 2324 635 U·
2348 584 2408 634 C·
2433 581 2542 645 ’56-

112 682 235 746 ιΜ.
284 681 646 745 Minucius».
738 680 862 745 His
919 680 1281 745 consulibus
1330 678 1518 743 aedes
1581 677 1852 743 Sanuno
1904 676 2232 741 dedicata:
2255 650 2325 761 IAJ.
2349 648 2409 761 g]
2433 646 2544 773 223,

110 794 131 825 α
152 768 503 832 Saturnalia
532 768 861 831 institutus
896 768 1093 832 festus
1126 766 1279 830 dies.
1374 766 1455 829 A.
1500 764 1734 829 deinde
1775 763 2138 828 Postumius
2171 776 2239 828 et
2255 777 2317 824 A.
2350 776 2410 825 c.
2433 788 2544 839 495·

110 879 133 924 3
149 854 217 918 T.
250 854 595 941 Virginius
610 853 897 919 consules
918 854 1085 917 facti.
1163 852 1309 917 Hoc
1326 852 1586 917 demum
1609 873 1777 915 anno
1799 850 1883 914 ad
1913 849 2238 937 Regillum
2257 868 2326 918 U.
2349 868 2408 917 C.
2435 884 2462 917 α
2467 870 2544 930 58.

108 968 135 1007 4
149 941 343 1005 lacum
380 954 770 1029 pugnatum,
798 940 969 1027 apud
1006 940 1316 1027 quosdam
1352 938 1652 1014 inveni03
1701 936 1783 1000 A.
1819 936 2238 1011 Postumium,
2256 934 2318 981 A.
2352 934 2410 981 0·
2435 947 2544 995 494-

188 1030 287 1091 uia
336 1028 593 1115 collega
634 1026 869 1091 dubiae
927 1026 1079 1090 fidei
1120 1027 1331 1102 fuerit,
1376 1048 1443 1089 se
1503 1024 1834 1089 consulatu
1875 1023 2238 1098 abdicasse3

190 1115 519 1179 ‘ctatorem
570 1114 721 1177 inde
764 1113 1019 1178 factum.
1111 1113 1307 1177 Tanti
1352 1134 1596 1176 errores
1632 1109 1962 1197 implicant
1996 1123 2241 1196 tempo-

150 1222 301 1279 rum,
334 1201 527 1265 aliter
568 1199 741 1287 apud
780 1200 934 1264 alios
968 1199 1273 1265 ordinatis
1309 1198 1796 1284 magistratibuS,
1837 1209 1930 1273 ut,
1967 1220 2088 1260 nec
2127 1196 2241 1282 qui

114 1312 137 1357 5
150 1287 430 1351 consules
458 1286 821 1351 secundum
848 1286 1177 1374 quosdam,
1208 1307 1328 1349 nec
1358 1284 1518 1371 quid
1546 1306 1802 1369 quoque
1833 1306 2002 1347 anno
2030 1298 2240 1347 actum

150 1375 239 1450 sit,
262 1375 329 1437 in
360 1388 547 1439 tanta
568 1388 899 1450 vetustate,
918 1396 1049 1436 non
1073 1395 1284 1437 rerum
1312 1370 1524 1447 modo,
1547 1369 1662 1434 sed
1682 1369 1874 1434 etiam
1891 1382 2239 1444 auctorum,

150 1459 424 1609 digerere
454 1461 681 1561 possis·
772 1460 898 1546 Ap.
936 1458 1245 1524 Claudius
1274 1457 1509 1523 deinde
1548 1470 1616 1521 et
1651 1456 1724 1521 P.
1763 1455 2062 1521 Servilius
2089 1477 2238 1519 con-

151 1568 219 1609 su
240 1571 305 1611 es
330 1548 503 1612 facti.
604 1546 879 1634 Insignis
896 1546 1001 1611 hic
1024 1568 1229 1610 annus
1252 1557 1346 1609 est
1376 1544 1605 1607 nuntio
1635 1542 1973 1629 Tarquinii
2001 1541 2238 1605 mortis
2261 1559 2328 1609 U.
2353 1560 2412 1608 C.
2437 1573 2545 1625 2⁵⁴}

156 1631 442 1698 Mortuus
472 1647 579 1698 est
612 1632 857 1709 CumiS,
890 1655 1019 1720 quo
1048 1656 1116 1697 se
1146 1645 1290 1720 post
1318 1631 1545 1695 fractas
1572 1652 1724 1717 opes
1755 1630 2132 1693 Latinorum
2159 1628 2240 1692 ad
2261 1624 2320 1671 A.
2355 1624 2414 1673 C·
2438 1639 2547 1687 493·

116 1719 633 1785 ⁶Aristodemum
666 1734 1005 1807 tyrannum
1036 1718 1406 1784 contulerat.
1503 1717 1601 1782 Eo
1629 1717 1856 1781 nuntio
1885 1716 2079 1781 erecti
2120 1715 2244 1779 Pa·
2261 1688 2531 1815 &guinii

154 1818 287 1883 treS,
333 1821 555 1872 erecta
601 1806 857 1893 plebes:
913 1806 1027 1871 sed
1070 1806 1369 1872 Patribus
1412 1804 1603 1868 nimis
1643 1802 1965 1868 luxuriosa
2005 1826 2084 1866 ea
2123 1801 2246 1866 fuit

212 2046 242 2105 9
266 2034 557 2094 Rha-tius]
590 2034 691 2082 Hic
706 2034 914 2082 dictator
928 2034 1023 2081 hoc
1039 2048 1169 2082 anno

161 2108 329 2154 primus
356 2106 553 2147 creatus
586 2098 683 2146 fuit
714 2114 777 2146 ex
806 2096 1031 2160 Dionysii
1064 2114 1170 2146 sen-

160 2160 317 2271 ἓξὲξ,
344 2168 401 2210 ut
432 2163 534 2211 iam
570 2162 913 2211 annotavimus
936 2176 1067 2224 supr.
1095 2163 1169 2210 18.

225 2302 243 2333 1
266 2290 419 2339 Aedes
430 2290 679 2350 Sammo]
708 2290 937 2352 Legimus
946 2290 1167 2338 Saturni.

164 2349 269 2422 Vid.
290 2352 395 2401 infr.
418 2362 522 2403 not.
545 2356 615 2403 ad
638 2371 681 2402 v.
706 2368 782 2417 23.
850 2354 994 2402 Haec
1024 2354 1172 2402 aedes

162 2414 245 2461 fiut
274 2419 511 2467 aerarium
546 2418 723 2481 populi
746 2418 980 2477 Romani,
1002 2418 1053 2465 in
1074 2433 1171 2479 quo

164 2484 259 2525 tum
286 2484 508 2541 pecunia,
530 2490 641 2531 tum
664 2488 777 2531 acta
802 2482 1001 2545 publiea
1020 2496 1167 2529 asser-

166 2543 398 2595 vabantur.
455 2548 589 2595 Eam
608 2546 833 2596 describit
850 2545 1071 2596 Macrob.
1085 2546 1169 2594 Sa-

164 2610 279 2655 turn.
300 2610 330 2657 i.
352 2612 398 2658 8.
432 2612 603 2661 cm.

232 2685 257 2717 2
294 2675 615 2734 Saturnalia]
687 2676 1027 2724 Saturnalibus
1064 2688 1173 2721 mos

170 2731 249 2805 fuit
270 2740 431 2787 crebra
448 2738 677 2788 convivia
696 2739 895 2801 agitare,
910 2745 960 2787 et
978 2738 1169 2786 mittere

168 2798 248 2870 sibi
276 2800 481 2852 invicem
503 2818 659 2867 quum
692 2804 791 2851 alia
824 2818 1041 2862 munera,
1061 2807 1168 2850 tum

171 2866 303 2911 etlam
326 2881 501 2916 cereos.
574 2868 711 2923 Quin
744 2867 837 2929 ipsi
859 2867 1045 2916 domini
1074 2880 1167 2914 ser-

174 2939 245 2971 v02³
274 2944 380 2979 suos
410 2932 647 2981 conviviis
680 2932 961 2980 liberalibus
987 2937 1037 2979 et
1066 2929 1169 2992 opi-

171 2990 285 3047 paris
302 2996 629 3057 accipiebant,
642 2996 797 3057 iisque
816 2996 1169 3044 ministrabant.

176 3050 277 3101 Hae
308 3058 454 3108 feriae
492 3062 865 3109 celebrabantur
900 3075 945 3108 a.
984 3060 1032 3107 d.
1070 3059 1169 3107 xiv.

175 3114 280 3166 Kal.
314 3122 505 3173 Ianuar.
541 3140 603 3172 ac
635 3124 791 3186 primo
826 3138 927 3171 uno
960 3124 1042 3171 die
1082 3124 1167 3170 ab·

172 3181 477 3255 solrebantur.
532 3189 783 3250 Augustus
798 3202 881 3234 eas
894 3186 1057 3235 triduo
1073 3202 1167 3235 ser-

178 3257 263 3291 *er
292 3247 438 3300 iussit.
506 3252 626 3300 vid.
656 3252 877 3299 Macrob.
909 3252 1103 3299 Satura.
1138 3249 1169 3299 i.

181 3318 215 3364 7.
250 3318 297 3357 et
338 3328 406 3363 ιο.
450 3324 501 3365 et
544 3316 677 3378 Lips.
722 3316 914 3363 Satum.
958 3314 989 3363 i.
1033 3330 1076 3377 3.
1122 3320 1173 3363 et

178 3388 219 3443 43
250 3374 401 3426 Cauv.
441 3383 503 3429 cf.
528 3380 637 3427 Liv.
670 3395 788 3427 xxx.
826 3378 901 3441 36.
945 3378 1174 3441 Caligula

178 3434 295 3485 dlem
315 3442 507 3503 adiecit,
522 3445 659 3493 Suet.
678 3443 834 3505 Calig.
859 3458 877 3491 1
890 3456 931 3505 7.
993 3442 1175 3491 Postea

178 3498 207 3521 ‘⁶
222 3500 547 3563 sigillariorum
592 3508 785 3556 adiecta
826 3506 1083 3555 celebritas
1120 3506 1172 3554 in

179 3572 349 3624 ²²eptem
386 3571 489 3620 dies
528 3572 795 3620 discursum
838 3570 1089 3632 publicum
1123 3574 1173 3617 et

182 3623 397 3681 laetitiam
420 3636 667 3699 religionis
686 3634 957 3683 extendit.”
990 3634 1049 3683 cf.
1064 3635 1171 3683 Ma-

181 3694 294 3740 erob.
362 3698 509 3750 Unde
547 3699 709 3749 evenit
742 3704 798 3746 ut
832 3698 1113 3747 Saturnalia
1144 3714 1177 3744 a

185 3758 299 3800 ¹¹V¹⁰
319 3776 467 3824 usque
487 3766 553 3813 ad
570 3770 750 3811 vmffl'·
774 3762 905 3811 diem
920 3766 1036 3809 ante
1054 3761 1173 3809 Kal.

187 3815 281 3889 Ian.
312 3822 464 3888 (apud
502 3845 592 3878 nos
624 3824 1029 3888 emmas-day)
1062 3840 1175 3873 con-

184 3884 307 3931 tmuo
327 3892 490 3941 ordine
513 3893 759 3942 celebrata
778 3890 970 3939 fuerint.

240 3961 269 4019 ,3
303 3954 404 4001 Hoc
444 3960 632 4008 demum
672 3956 830 4015 anno]
899 3954 980 4002 Ita
1016 3959 1177 4001 narrat

190 4005 322 4063 Dion.
353 4018 411 4066 vi.
446 4036 497 4070 2:
532 4028 679 4083 atque
716 4020 845 4068 hanc
882 4018 1173 4067 sententiam

192 4070 333 4125 firmat
362 4081 463 4144 ipse
490 4086 656 4134 Livius
686 4085 829 4143 infra,
862 4084 981 4131 dum
1012 4082 1177 4131 scribit

190 4148 305 4187 anno
323 4151 535 4207 sequenti
553 4148 745 4198 Volscis
761 4148 947 4196 bellum
964 4147 1177 4205 illatum,

196 4212 429 4264 Pfflptel'ea
470 4215 599 4275 quod
639 4212 825 4262 auxilia
868 4226 1177 4273 comparave-

194 4274 305 4339 ΡΠ),
312 4285 429 4331 quae
444 4276 628 4327 Latinis
640 4278 902 4325 mitterent.
939 4276 1095 4325 Cuius
1106 4275 1177 4323 in-

196 4338 334 4379 mnae
364 4340 591 4391 ultionem
612 4342 776 4390 statim
798 4347 1053 4389 exsecutos
1076 4354 1179 4411 osse

1234 2034 1488 2083 Romanos
1521 2039 1631 2096 post
1663 2048 1877 2109 pugnam
1907 2035 1971 2082 ad
1994 2034 2246 2108 Regillum

1234 2099 1395 2146 lacum
1418 2098 1564 2161 longe
1584 2098 1889 2146 verisimilius
1913 2103 2003 2156 est,
2025 2114 2172 2159 quam
2195 2114 2246 2146 ιιι

1232 2168 1459 2275 affl
1473 2168 1632 2275 ..m
1627 2176 2053 2275 ”ems-⁰
2069 2198 2083 2220 ·
2101 2164 2246 2275 ἓξὲξ

1233 2291 1363 2352 quod
1387 2292 1448 2338 A.
1473 2290 1771 2347 Pomumius,
1793 2296 1900 2337 tum
1921 2306 2076 2351 quum
2107 2306 2138 2337 a
2166 2291 2244 2338 Li-

1233 2354 1315 2403 vio
1362 2360 1661 2401 memoratur
1705 2359 1896 2401 creatus
1943 2369 2048 2402 esse
2096 2355 2246 2403 dicta-

1232 2424 1327 2477 tor,
1346 2433 1477 2479 supr.
1507 2432 1578 2481 19.
1600 2418 1820 2465 nondum
1852 2419 2022 2467 consul
2053 2418 2245 2466 fuerat:

1234 2482 1364 2544 quod
1386 2486 1626 2543 repugnat
1659 2480 1754 2542 legi
1786 2482 1849 2529 de
1882 2481 2118 2529 dictatore
2150 2497 2248 2529 cre-

1234 2547 1364 2594 ando
1385 2545 1534 2600 latae,
1553 2544 1660 2607 ipso
1687 2549 1813 2593 teste
1835 2544 1994 2603 Line,
2017 2560 2148 2607 supr.
2179 2546 2248 2592 18.

1235 2611 1305 2657 At
1337 2609 1431 2657 hoc
1462 2624 1593 2657 anno
1625 2608 1797 2656 consul
1831 2612 1921 2667 est,
1951 2623 2012 2657 ac
2046 2609 2250 2671 proinde

1234 2673 1445 2721 dictator
1466 2672 1558 2735 legi
1583 2678 1758 2735 potest.
1793 2672 1956 2722 cmiv.

1296 2755 1329 2799 4
1360 2739 1424 2785 Δ.
1442 2738 1774 2797 Postumium]
1811 2736 2067 2786 Postumio
2088 2738 2248 2785 forsan

1232 2802 1355 2850 haec
1388 2800 1590 2849 victoria
1620 2802 1786 2850 afficta
1816 2806 1907 2859 est,
1933 2802 2066 2863 quod
2091 2802 2143 2861 ii,
2165 2802 2248 2864 qui

1232 2867 1435 2915 annales
1472 2866 1813 2925 conficiebant,
1843 2880 2111 2928 cognomen
2145 2866 2250 2916 eius

1236 2931 1568 2992 Regillensem
1610 2946 1643 2978 a
1684 2944 1850 2993 pugna
1890 2932 1956 2979 ad
1995 2931 2248 2994 Regillum

1235 2995 1397 3043 lacum
1430 2994 1682 3043 inventum
1717 3010 1820 3043 esse
1853 3010 2110 3058 perperam
2145 2996 2247 3058 opi-

1232 3059 1337 3107 nati
1370 3066 1515 3108 suntt
1553 3058 1783 3120 quoniam
1807 3064 1992 3119 eontra,
2018 3060 2074 3108 P.
2099 3060 2246 3109 Corn.

1231 3123 1396 3185 Scipio
1414 3123 1674 3171 Afi-ioenus
1695 3124 1879 3185 primus
1895 3130 2026 3171 certe
2041 3124 2248 3186 impera-

1231 3192 1308 3235 tor
1356 3188 1554 3235 nomine
1599 3186 1754 3234 victae
1801 3202 1834 3235 a
1877 3202 1930 3235 se
1971 3190 2133 3249 yemis
2175 3194 2250 3237 est

1234 3249 1533 3298 nobilitatus.
1569 3250 1678 3299 infin
1713 3265 1830 3298 xxx.
1870 3262 1942 3312 15.
2010 3251 2250 3302 Claudiae

1233 3315 1385 3377 genti,
1420 3314 1598 3376 pariter
1639 3329 1700 3363 ac
1739 3316 2040 3374 Postumiae,
2075 3330 2248 3379 cogno-

1234 3394 1348 3426 men
1389 3378 1677 3439 Regillensi,
1707 3379 1808 3433 sire
1843 3380 1976 3441 quod
2009 3380 2126 3428 inde
2158 3379 2250 3428 ori-

1236 3442 1369 3491 unda
1400 3448 1504 3491 erat
1536 3442 1642 3490 infr.
1665 3442 1734 3491 iii.
1759 3445 1838 3505 58,
1859 3459 1946 3491 seu
1973 3444 2104 3505 quod
2137 3446 2252 3492 urbs

1237 3502 1490 3569 Regillum
1524 3507 1574 3553 in
1608 3506 1756 3555 iidem
1787 3522 1954 3555 eorum
1977 3514 2028 3556 et
2050 3508 2250 3556 cliente-

1237 3570 1337 3617 lam
1366 3584 1431 3618 sc.
1458 3571 1746 3618 contulerat.
1781 3571 1988 3619 Niebhr.
2011 3571 2041 3619 i.
2067 3587 2114 3632 p.
2140 3571 2250 3634 546.

1239 3634 1337 3683 sed
1374 3634 1498 3682 haec
1537 3633 1703 3681 omnia
1737 3634 1884 3681 missa
1915 3634 2032 3682 facit
2065 3636 2249 3684 Wach-

1239 3697 1417 3745 smuth.
1434 3714 1482 3759 p.
1498 3712 1605 3759 303.
1637 3698 1719 3758 qui
1735 3700 1965 3771 oppidum
1981 3699 2251 3760 Regillum,

1238 3770 1335 3809 non
1352 3769 1546 3823 ,pentem
1565 3760 1710 3809 fuisse
1730 3762 1926 3809 ammad
1934 3763 2088 3811 vertit.

1304 3838 1331 3887 5
1364 3826 1664 3884 Secundum]
1704 3826 1854 3874 Post:
1889 3832 1944 3874 ut
1973 3840 2142 3875 sensus
2171 3828 2252 3884 sit,

1240 3890 1473 3951 quosdam
1492 3904 1596 3937 esse
1613 3890 1849 3947 consules,
1861 3890 2037 3951 quibus
2051 3890 2251 3951 quinam

1240 3954 1554 4002 successerint
1576 3954 1765 4002 definiri
1787 3970 1886 4003 non
1908 3954 2072 4017 possit.
2134 3956 2250 4005 Pos-

1238 4018 1304 4067 sis
1335 4019 1493 4082 legere
1525 4020 1789 4068 secundum
1819 4036 1954 4083 quos,
1983 4020 2085 4067 sive
2115 4036 2250 4082 quos—

1240 4098 1353 4131 nam
1367 4102 1383 4132 .-
1418 4089 1473 4130 ut
1511 4084 1750 4131 incertum
1785 4083 1845 4131 sit
1877 4084 2076 4146 quinam
2117 4098 2252 4143 prae-

1240 4147 1485 4207 cesserint,
1551 4147 1750 4209 quinam
1827 4148 1982 4196 secuti
2056 4146 2250 4193 fuerint.

1241 4212 1403 4261 Cam.

1305 4275 1337 4324 6
1368 4277 1748 4335 Aristodemum]
1796 4274 1856 4322 cf.
1893 4273 2042 4322 Dion.
2077 4272 2138 4320 vi.
2174 4287 2250 4321 21.

1244 4340 1323 4388 rii.
1348 4356 1393 4390 2.
1418 4342 1584 4402 Heyn.
1605 4340 1788 4400 Opusc.
1807 4338 1960 4385 Acad.
1985 4352 2027 4383 v.
2053 4350 2100 4398 p.
2120 4352 2228 4399 4²7·
