3000 4784
812 224 1003 291 LIB.
1051 224 1241 291 VIII.
1306 225 1530 291 CAP.
1580 230 1682 291 36.
2171 230 2300 289 493

178 362 651 446 firmatumque
696 360 1039 447 imperium
1088 361 1357 426 militare
1404 362 1582 426 haud
1623 361 1834 425 minus
1880 359 2162 446 periculo
2215 360 2296 435 Q.
2323 376 2390 424 U.
2413 374 2472 422 c,
2498 388 2607 433 4³0·

180 447 404 524 Fabii,
436 468 629 533 quam
672 445 983 534 supplicio
1012 446 1351 513 miserabili
1393 447 1810 513 adolescentis
1839 444 2092 522 Manlii,
2124 445 2303 510 vide-
2319 442 2379 490 A.
2415 439 2472 490 0·
2501 452 2556 498 ³²
2567 452 2606 486 ²·

182 536 405 599 batur.
496 532 685 597 Forte
716 533 805 598 ita
832 556 911 597 eo
932 556 1102 599 anno
1132 534 1365 610 evenit,
1388 548 1484 612 ut,
1509 534 2012 620 quotiescunque
2032 532 2304 597 dictator

180 623 281 687 ab
326 620 615 684 exercitu
644 620 917 695 recessit,
950 620 1161 685 hostes
1193 622 1259 684 in
1300 620 1559 685 Samnio
1591 634 2013 685 moverentur.
2109 618 2304 684 Cete-

180 730 347 771 rum
378 706 448 769 in
478 705 677 771 oculis
716 707 1085 792 exemplum
1112 720 1249 771 erat
1282 707 1363 782 Q.
1400 706 1632 772 Fabius
1667 706 1758 773 M.
1783 706 2042 771 Valerio
2071 706 2300 791 legate,

182 794 317 879 qui
362 793 581 857 castris
624 806 927 877 praeerat,
974 815 1056 857 ne
1101 815 1295 879 quam
1340 794 1468 857 vim
1512 794 1788 859 hostium
1845 793 2062 879 magis,
2110 815 2302 877 quam

186 895 453 945 trucem
512 878 835 943 dictatoris
906 880 1083 956 iram,
1146 881 1416 945 timeret.
1511 880 1757 966 Itaque,
1817 880 2304 943 frumentatores

184 988 427 1053 quum,
474 965 889 1029 circumventi
940 988 1022 1029 ex
1068 966 1334 1043 insidiis,
1380 968 1546 1031 caesi
1593 966 1733 1031 loco
1791 965 2014 1051 iniquo
2069 978 2300 1042 essent,

184 1052 519 1118 creditum
566 1052 757 1139 vulgo
808 1065 923 1128 est,
976 1053 1297 1116 subveniri
1347 1054 1425 1116 iis
1484 1054 1563 1117 ab
1615 1052 1823 1139 legato
1883 1052 2180 1137 potuisse,
2234 1051 2304 1116 ni

186 1138 410 1205 tristia
436 1137 649 1201 edicta
689 1138 1129 1203 exhorruisset.
1223 1137 1321 1203 Ea
1358 1161 1616 1225 quoque
1647 1139 1742 1203 ira
1779 1136 2077 1203 alienavit
2103 1161 2143 1201 a
2170 1138 2306 1201 die-

192 1240 409 1291 tatore
439 1224 713 1289 militum
741 1226 1005 1302 animos,
1034 1224 1161 1289 iam
1190 1238 1338 1289 ante
1358 1225 1655 1302 infensos,
1687 1224 1862 1311 quod
1893 1222 2306 1310 implacabilis

138 1330 167 1377 7
197 1313 293 1387 Q.
330 1310 533 1375 Fabio·
577 1310 829 1375 fuisset:
904 1324 989 1387 et,
1042 1311 1218 1397 quod
1275 1311 1404 1375 suis
1454 1312 1748 1397 precibus
1807 1325 2114 1395 negasset,
2169 1309 2307 1372 eius

188 1422 289 1486 po
339 1396 445 1463 ulo
477 1396 770 1462 Romano
799 1398 1049 1461 veniam
1079 1396 1374 1462 dedisset.

352 1496 644 1568 ostquam
674 1484 961 1560 dictator,
994 1484 1351 1569 praeposito
1392 1484 1461 1546 in
1490 1484 1647 1547 urbe
1678 1482 1754 1547 L.
1781 1482 2039 1568 Papirio
2073 1482 2304 1547 Crasso
2427 1480 2529 1539 36·

190 1570 505 1657 magistro
566 1570 874 1655 equitum,
928 1570 1010 1644 Q„
1040 1568 1234 1633 Fabio
1282 1571 1481 1634 vetito
1529 1570 1872 1669 quicquam
1931 1590 2048 1655 pro
2107 1568 2307 1653 magi-

191 1671 409 1723 stratu
437 1678 643 1741 agere,
676 1657 743 1719 in
774 1670 977 1721 castra
1004 1656 1233 1731 rediit3
1280 1678 1490 1743 neque
1524 1656 1766 1720 civibus
1787 1656 1934 1719 satis
1965 1654 2166 1719 laetus
2195 1654 2308 1719 ad-

192 1758 435 1809 ventus
484 1743 621 1807 eius
670 1741 810 1819 fuit,
862 1764 983 1807 nec
1035 1742 1319 1807 hostibus
1370 1742 1717 1829 quicquam
1767 1741 1982 1806 attulit
2033 1741 2301 1805 terroris.

198 1830 511 1916 Namque
556 1841 809 1914 postero
854 1828 978 1905 die,
1025 1851 1139 1893 seu
1184 1828 1389 1915 ignari
1434 1829 1679 1893 venisse
1729 1828 2125 1905 dictatorem,
2171 1850 2308 1903 seu,

198 1918 456 1983 adesset
484 1938 567 1980 an
602 1916 863 1991 abesset,
894 1915 1073 2000 parvi
1106 1915 1429 1992 facienteS,
1460 1916 1770 1980 instructa
1807 1916 1942 1980 acie
1981 1915 2064 1978 ad
2103 1928 2308 1979 castra

198 2016 622 2070 accesserunt.
717 2000 1023 2066 Ceterum
1075 2012 1323 2065 tantum
1376 2002 1685 2066 momenti
1735 2002 1804 2065 in
1857 2024 1988 2065 uno
2037 2002 2174 2065 viro
2222 2000 2298 2064 L.
2320 2006 2557 2071 Legiones

200 2090 466 2177 Papirio
494 2088 635 2164 fuit,
672 2100 764 2164 ut,
796 2088 849 2152 si
886 2086 1067 2151 ducis
1106 2087 1369 2151 consilia
1406 2086 1580 2152 favor
1619 2087 1988 2151 subsecutus
2028 2086 2300 2150 militum
2321 2072 2598 2184 ‹litoyngnaq

198 2179 391 2254 foret,
422 2174 725 2241 debellari
765 2195 843 2238 eo
872 2172 977 2237 die
1018 2196 1165 2237 cum
1211 2172 1598 2237 Samnitibus
1640 2173 1940 2257 potuisse,
1971 2194 2087 2257 pro
2133 2170 2305 2235 haud
2321 2153 2450 2248 ,1:³⁸¹ss
2475 2144 2633 2263 ἔξω

201 2262 407 2329 dubio
437 2261 723 2326 habitum
753 2260 871 2324 sit:
922 2261 1011 2323 ita
1039 2259 1339 2347 instruxit
1367 2258 1569 2323 aciem
1597 2257 1738 2321 loco
1768 2281 1841 2322 ac
1871 2256 2183 2333 subsidiis,
2214 2257 2306 2319 ita
2318 2270 2454 2311 nant-

202 2350 387 2416 omni
428 2364 563 2413 arte
606 2346 833 2411 bellica
873 2345 1163 2409 firmavit.
1259 2344 1594 2409 Cessatum
1635 2366 1674 2407 a
1711 2343 1933 2420 milite,
1965 2366 2038 2407 ac
2079 2343 2160 2408 de
2205 2343 2306 2407 in-

202 2436 467 2511 dustria,
510 2446 583 2498 ut
626 2434 1083 2497 obtrectaretur
1124 2430 1419 2495 laudibus
1461 2430 1662 2506 ducis,
1700 2429 2006 2515 impedita
2047 2429 2308 2494 victoria

202 2536 323 2589 est.
400 2521 627 2586 Plures
659 2517 1041 2583 Samnitium
1070 2517 1392 2582 cecidere:
1441 2516 1654 2603 plures
1686 2515 1964 2579 Romani
1991 2515 2304 2579 vulnerati

203 2621 377 2675 sunt.
458 2606 669 2671 Sensit
697 2605 937 2692 peritus
964 2604 1117 2680 dux,
1149 2626 1315 2690 quae
1346 2625 1445 2667 res
1474 2602 1772 2667 victoriae
1802 2602 2107 2666 obstaret:
2144 2617 2305 2665 tem·
2323 2617 2548 2666 Dictator

203 2694 565 2785 perandum
600 2691 929 2777 ingenium
964 2712 1149 2755 suum
1190 2712 1343 2766 esse,
1376 2702 1445 2753 et
1480 2688 1878 2753 severitatem
1917 2687 2304 2752 miscendam
2321 2683 2503 2795 {omim-

156 2800 189 2847 8
208 2782 529 2853 comitate.
642 2777 889 2863 Itaque,
942 2776 1240 2841 adhibitis
1291 2775 1532 2863 legatiS,
1588 2776 1721 2861 ipse
1773 2774 2013 2838 circum
2063 2774 2308 2839 saucios
2341 2754 2494 2796 ''⁰⁸¹²‘'

208 2868 445 2933 milites
481 2867 764 2930 inserens
806 2865 877 2927 in
916 2864 1189 2928 tentoria
1230 2876 1441 2949 caput,
1482 2860 1784 2948 singulos,
1827 2875 1899 2925 ut
1939 2883 2071 2925 sese
2114 2860 2308 2925 habe-

208 2967 375 3032 rent,
398 2952 697 3039 rogitans,
723 2972 939 3015 curam
968 2970 1189 3013 eorum
1218 2948 1594 3013 nominatim
1625 2947 1866 3035 legatis.
1891 2948 2306 3033 tribunisque,

159 3066 193 3117 9
210 3056 279 3106 et
337 3028 669 3127 praefectis
722 3035 1158 3100 demandabat.
1270 3035 1437 3099 Rem
1495 3057 1612 3122 per
1667 3058 1734 3099 se
1791 3034 2161 3122 popularem
2218 3034 2310 3098 ita

212 3128 443 3193 dexter
490 3124 642 3211 egit,
690 3134 781 3200 ut,
830 3120 1162 3187 medendis
1206 3122 1592 3208 corporibus,
1641 3121 1837 3185 animi
1888 3120 2092 3184 multo
2179 3119 2309 3184 rius

212 3214 493 3279 militum
518 3210 881 3298 imperatori
916 3207 1475 3273 reconciliarentur
1498 3231 1516 3283 ;
1565 3228 1686 3271 nec
1717 3207 2058 3304 quicquam
2211 3227 2308 3268 sa·-

211 3299 578 3365 lubritatem
608 3296 922 3361 efficacius
950 3294 1157 3370 fuerit,
1191 3316 1383 3379 quam
1414 3292 1590 3378 quod
1612 3306 1790 3377 grato
1814 3312 2026 3354 ammo
2055 3312 2130 3353 ea
2158 3312 2310 3355 cura

214 3400 477 3472 accepta
504 3395 614 3449 est.
708 3380 978 3445 Refecto
1008 3380 1310 3456 exercitu,
1343 3401 1489 3443 cum
1526 3377 1706 3441 hoste
1737 3398 2106 3463 congressus
2135 3376 2308 3439 haud
2327 3384 2570 3461 sempite-

213 3472 415 3538 dubia
440 3494 551 3570 spe
580 3491 694 3534 sua
721 3468 1143 3552 militumque,
1168 3466 1259 3529 ita
1286 3465 1451 3528 fudit
1477 3463 1846 3549 fugavitque
1882 3460 2213 3539 SamniteS,
2237 3476 2311 3525 ut
2327 3455 2490 3499 ment.

214 3558 323 3623 ille
362 3556 623 3622 ultlmus
660 3556 739 3619 iis
774 3554 911 3618 dies
950 3552 1319 3617 conferendi
1358 3552 1538 3637 signa
1575 3571 1723 3613 cum
1753 3547 2060 3618 dictatore
2095 3547 2307 3613 fuerit.

216 3644 485 3709 Incessit
524 3641 781 3719 deinde,
813 3662 941 3725 qua
978 3638 1165 3703 duxit
1201 3637 1474 3725 praedae
1517 3657 1678 3721 spes,
1716 3635 1916 3698 victor
1953 3634 2308 3713 exercitus3

215 3728 743 3819 perlustravitque
774 3726 1052 3791 hostium
1081 3746 1280 3811 agrae,
1312 3722 1491 3787 nulla
1518 3744 1711 3799 arma,
1743 3720 1982 3785 nullam
2009 3720 2161 3799 vim,
2191 3745 2312 3787 nec

292 3966 319 4017 7
356 3956 489 4004 Eius
525 3955 711 4016 populo
750 3954 971 4001 Romano
1011 3951 1231 4011 veniam]
1299 3948 1473 3997 turmis
1505 3947 1806 4009 equestribus
1840 3953 2108 4010 praeerant.
2147 3946 2314 3993 Dona.

221 4018 343 4067 Eius
354 4022 649 4079 potestatem
663 4032 777 4079 pop.
790 4018 1018 4065 Romano
1031 4014 1235 4061 fecisset.
1302 4012 1400 4061 Sed
1434 4014 1708 4074 praefectos
1742 4013 1994 4068 sociorum,
2023 4008 2126 4081 qui·
2141 4008 2314 4080 eadem

282 4084 313 4131 8
348 4083 607 4141 comitate]
650 4082 875 4129 Comitaen‘
909 4079 1019 4127 edd.
1056 4078 1237 4139 plures,
1302 4076 1469 4124 omnia
1486 4078 1538 4124 in
1561 4075 1735 4134 socios,
1757 4089 1882 4134 quae
1902 4072 2083 4119 tribuni
2111 4085 2162 4117 m
2185 4082 2316 4121 cive·

220 4147 304 4195 sed
324 4148 545 4195 eternitate
569 4144 850 4194 emendavit
873 4142 1166 4201 Gronovius,
1188 4146 1238 4188 et
1301 4142 1622 4201 usurpabant,
1637 4136 1870 4186 hicinnui
1885 4136 2098 4185 Crevier.
2114 4140 2164 4181 et
2179 4134 2314 4195 Rup.

222 4212 393 4272 probat
416 4209 629 4259 Bekker.
1304 4209 1518 4252 censent.

264 4290 294 4337 9
306 4275 609 4335 Praefectis]
632 4272 855 4320 Fortasse
868 4272 1144 4329 alarum,ut
1156 4266 1239 4328 qui
