<?xml version="1.0" encoding="UTF-8"?>
<!DOCTYPE html PUBLIC "-//W3C//DTD XHTML 1.0 Transitional//EN"
    "http://www.w3.org/TR/xhtml1/DTD/xhtml1-transitional.dtd">
<html xmlns="http://www.w3.org/1999/xhtml" xml:lang="en" lang="en">
 <head>
  <title>
</title>
<meta http-equiv="Content-Type" content="text/html;charset=utf-8" />
  <meta name='ocr-system' content='tesseract 3.04.00' />
  <meta name='ocr-capabilities' content='ocr_page ocr_carea ocr_par ocr_line ocrx_word'/>
</head>
<body>
  <div class='ocr_page' id='page_1' title='image "./tliviipatavinih10unkngoog_0628.png"; bbox 0 0 3000 4784; ppageno 0'>
   <div class='ocr_carea' id='block_1_1' title="bbox 636 197 2166 270">
    <p class='ocr_par' dir='ltr' id='par_1_1' title="bbox 636 197 2166 270">
     <span class='ocr_line' id='line_1_1' title="bbox 636 197 2166 270; baseline -0.005 0"><span class='ocrx_word' id='word_1_1' title='bbox 636 210 766 270; x_wconf 84' lang='lat'><em>614</em></span> <span class='ocrx_word' id='word_1_2' title='bbox 1192 198 1702 265; x_wconf 85' lang='lat' dir='ltr'><em>LIBRORUM</em></span> <span class='ocrx_word' id='word_1_3' title='bbox 1749 197 2166 263; x_wconf 62' lang='lat' dir='ltr'><em>&gt;cv—XIX.</em></span> 
     </span>
    </p>
   </div>
   <div class='ocr_carea' id='block_1_2' title="bbox 634 335 2760 510">
    <p class='ocr_par' dir='ltr' id='par_1_2' title="bbox 634 335 2760 510">
     <span class='ocr_line' id='line_1_2' title="bbox 634 335 2752 420; baseline -0.003 -18"><span class='ocrx_word' id='word_1_4' title='bbox 634 340 865 402; x_wconf 75' lang='lat' dir='ltr'><em>aua-ilio</em></span> <span class='ocrx_word' id='word_1_5' title='bbox 898 337 1253 400; x_wconf 75' lang='lat' dir='ltr'><strong><em>Tarentinis</em></strong></span> <span class='ocrx_word' id='word_1_6' title='bbox 1280 339 1481 400; x_wconf 83' lang='lat' dir='ltr'><em>venit.-</em></span> <span class='ocrx_word' id='word_1_7' title='bbox 1528 359 1646 420; x_wconf 85' lang='lat' dir='ltr'><em>quo</em></span> <span class='ocrx_word' id='word_1_8' title='bbox 1656 338 1842 418; x_wconf 85' lang='lat' dir='ltr'><em>facto</em></span> <span class='ocrx_word' id='word_1_9' title='bbox 1869 337 1948 398; x_wconf 87' lang='lat' dir='ltr'><em>ab</em></span> <span class='ocrx_word' id='word_1_10' title='bbox 1977 359 2054 398; x_wconf 82' lang='lat' dir='ltr'><em>us</em></span> <span class='ocrx_word' id='word_1_11' title='bbox 2062 336 2294 418; x_wconf 82' lang='lat' dir='ltr'><em>foedus</em></span> <span class='ocrx_word' id='word_1_12' title='bbox 2321 335 2606 397; x_wconf 72' lang='lat' dir='ltr'><em>violatum</em></span> <span class='ocrx_word' id='word_1_13' title='bbox 2633 343 2752 395; x_wconf 67' lang='lat' dir='ltr'><em>at.</em></span> 
     </span>
     <span class='ocr_line' id='line_1_3' title="bbox 636 421 2760 510; baseline -0.003 -22"><span class='ocrx_word' id='word_1_14' title='bbox 636 427 761 488; x_wconf 86' lang='lat' dir='ltr'><em>Res</em></span> <span class='ocrx_word' id='word_1_15' title='bbox 778 433 1106 510; x_wconf 80' lang='lat' dir='ltr'><em>praeterea</em></span> <span class='ocrx_word' id='word_1_16' title='bbox 1144 433 1359 486; x_wconf 84' lang='lat' dir='ltr'><em>eontra</em></span> <span class='ocrx_word' id='word_1_17' title='bbox 1388 423 1695 498; x_wconf 88' lang='lat' dir='ltr'><em>Lucanos,</em></span> <span class='ocrx_word' id='word_1_18' title='bbox 1735 422 2058 498; x_wconf 84' lang='lat' dir='ltr'><em>Samnites,</em></span> <span class='ocrx_word' id='word_1_19' title='bbox 2091 433 2153 484; x_wconf 86' lang='lat' dir='ltr'><em>et</em></span> <span class='ocrx_word' id='word_1_20' title='bbox 2185 421 2466 484; x_wconf 77' lang='lat' dir='ltr'><em>Bruttios</em></span> <span class='ocrx_word' id='word_1_21' title='bbox 2475 421 2760 503; x_wconf 72' lang='lat' dir='ltr'><strong><em>feliciter</em></strong></span> 
     </span>
    </p>
   </div>
   <div class='ocr_carea' id='block_1_3' title="bbox 630 510 1980 596">
    <p class='ocr_par' dir='ltr' id='par_1_3' title="bbox 630 510 1980 596">
     <span class='ocr_line' id='line_1_4' title="bbox 630 510 1980 596; baseline -0.002 -23"><span class='ocrx_word' id='word_1_22' title='bbox 630 521 853 596; x_wconf 72' lang='lat' dir='ltr'><em>qestas,</em></span> <span class='ocrx_word' id='word_1_23' title='bbox 884 520 944 574; x_wconf 90' lang='lat' dir='ltr'><em>et</em></span> <span class='ocrx_word' id='word_1_24' title='bbox 971 510 1213 594; x_wconf 77' lang='lat' dir='ltr'><strong><em>Pyrrhi</em></strong></span> <span class='ocrx_word' id='word_1_25' title='bbox 1243 513 1401 594; x_wconf 74' lang='lat' dir='ltr'><em>reyis</em></span> <span class='ocrx_word' id='word_1_26' title='bbox 1432 518 1678 572; x_wconf 84' lang='lat' dir='ltr'><em>mortem</em></span> <span class='ocrx_word' id='word_1_27' title='bbox 1709 511 1980 571; x_wconf 84' lang='lat' dir='ltr'><em>continet.</em></span> 
     </span>
    </p>
   </div>
   <div class='ocr_carea' id='block_1_4' title="bbox 1201 754 2190 818">
    <p class='ocr_par' dir='ltr' id='par_1_4' title="bbox 1201 754 2190 818">
     <span class='ocr_line' id='line_1_5' title="bbox 1201 754 2190 818; baseline -0.002 0"><span class='ocrx_word' id='word_1_28' title='bbox 1201 755 1669 818; x_wconf 87' lang='lat' dir='ltr'><em>EPITOME</em></span> <span class='ocrx_word' id='word_1_29' title='bbox 1709 754 1995 818; x_wconf 81' lang='lat' dir='ltr'><em>LIBRI</em></span> <span class='ocrx_word' id='word_1_30' title='bbox 2031 755 2190 816; x_wconf 99' lang='lat' dir='ltr'><em>XV.</em></span> 
     </span>
    </p>
   </div>
   <div class='ocr_carea' id='block_1_5' title="bbox 626 918 2750 1672">
    <p class='ocr_par' dir='ltr' id='par_1_5' title="bbox 656 918 2750 1006">
     <span class='ocr_line' id='line_1_6' title="bbox 656 918 2750 1006; baseline -0.003 -20"><span class='ocrx_word' id='word_1_31' title='bbox 656 923 985 987; x_wconf 84' lang='lat' dir='ltr'><strong><em>VICTIS</em></strong></span> <span class='ocrx_word' id='word_1_32' title='bbox 1038 922 1388 986; x_wconf 77' lang='lat' dir='ltr'><em>Tarentinis</em></span> <span class='ocrx_word' id='word_1_33' title='bbox 1416 945 1552 1006; x_wconf 71' lang='lat' dir='ltr'><em>pas:</em></span> <span class='ocrx_word' id='word_1_34' title='bbox 1580 932 1640 983; x_wconf 86' lang='lat' dir='ltr'><em>et</em></span> <span class='ocrx_word' id='word_1_35' title='bbox 1674 922 1918 983; x_wconf 86' lang='lat' dir='ltr'><em>libertas</em></span> <span class='ocrx_word' id='word_1_36' title='bbox 1946 922 2097 981; x_wconf 90' lang='lat' dir='ltr'><em>data</em></span> <span class='ocrx_word' id='word_1_37' title='bbox 2126 929 2230 981; x_wconf 88' lang='lat' dir='ltr'><em>est.</em></span> <span class='ocrx_word' id='word_1_38' title='bbox 2321 919 2510 1002; x_wconf 73' lang='lat' dir='ltr'><em>Leyio</em></span> <span class='ocrx_word' id='word_1_39' title='bbox 2561 918 2750 982; x_wconf 78' lang='lat' dir='ltr'><em>Cam-</em></span> 
     </span>
    </p>

    <p class='ocr_par' dir='ltr' id='par_1_6' title="bbox 626 1006 2748 1672">
     <span class='ocr_line' id='line_1_7' title="bbox 626 1006 2746 1094; baseline -0.002 -24"><span class='ocrx_word' id='word_1_40' title='bbox 626 1031 825 1093; x_wconf 87' lang='lat' dir='ltr'><em>pana,</em></span> <span class='ocrx_word' id='word_1_41' title='bbox 884 1031 1040 1094; x_wconf 81' lang='lat' dir='ltr'><em>quae</em></span> <span class='ocrx_word' id='word_1_42' title='bbox 1099 1009 1401 1093; x_wconf 74' lang='lat' dir='ltr'><em>Rheqium</em></span> <span class='ocrx_word' id='word_1_43' title='bbox 1448 1017 1867 1091; x_wconf 84' lang='lat' dir='ltr'><em>occupaverat,</em></span> <span class='ocrx_word' id='word_1_44' title='bbox 1913 1007 2164 1080; x_wconf 83' lang='lat' dir='ltr'><em>obsessa,</em></span> <span class='ocrx_word' id='word_1_45' title='bbox 2212 1006 2502 1066; x_wconf 83' lang='lat' dir='ltr'><em>deditione</em></span> <span class='ocrx_word' id='word_1_46' title='bbox 2533 1006 2746 1086; x_wconf 76' lang='lat' dir='ltr'><em>facta,</em></span> 
     </span>
     <span class='ocr_line' id='line_1_8' title="bbox 638 1091 2748 1179; baseline -0.003 -22"><span class='ocrx_word' id='word_1_47' title='bbox 638 1099 837 1158; x_wconf 86' lang='lat' dir='ltr'><em>securi</em></span> <span class='ocrx_word' id='word_1_48' title='bbox 854 1117 1149 1179; x_wconf 83' lang='lat' dir='ltr'><em>percussa</em></span> <span class='ocrx_word' id='word_1_49' title='bbox 1178 1105 1279 1156; x_wconf 87' lang='lat' dir='ltr'><em>est.</em></span> <span class='ocrx_word' id='word_1_50' title='bbox 1384 1093 1590 1171; x_wconf 79' lang='lat' dir='ltr'><em>Quum</em></span> <span class='ocrx_word' id='word_1_51' title='bbox 1621 1094 1844 1176; x_wconf 74' lang='lat' dir='ltr'><em>leyatos</em></span> <span class='ocrx_word' id='word_1_52' title='bbox 1861 1093 2343 1175; x_wconf 73' lang='lat' dir='ltr'><em>Apolloniatium</em></span> <span class='ocrx_word' id='word_1_53' title='bbox 2363 1091 2452 1152; x_wconf 93' lang='lat' dir='ltr'><em>ad</em></span> <span class='ocrx_word' id='word_1_54' title='bbox 2473 1099 2748 1152; x_wconf 78' lang='lat' dir='ltr'><em>senatum</em></span> 
     </span>
     <span class='ocr_line' id='line_1_9' title="bbox 639 1177 2742 1281; baseline -0.003 -37"><span class='ocrx_word' id='word_1_55' title='bbox 639 1185 851 1244; x_wconf 82' lang='lat' dir='ltr'><em>missos</em></span> <span class='ocrx_word' id='word_1_56' title='bbox 890 1182 1150 1281; x_wconf 47' lang='lat' dir='ltr'><em>quidam·</em></span> <span class='ocrx_word' id='word_1_57' title='bbox 1183 1184 1418 1242; x_wconf 87' lang='lat' dir='ltr'><em>iuvenes</em></span> <span class='ocrx_word' id='word_1_58' title='bbox 1441 1180 1809 1263; x_wconf 73' lang='lat' dir='ltr'><strong><em>pulsassent,</em></strong></span> <span class='ocrx_word' id='word_1_59' title='bbox 1841 1179 2027 1239; x_wconf 85' lang='lat' dir='ltr'><em>dediti</em></span> <span class='ocrx_word' id='word_1_60' title='bbox 2069 1186 2214 1238; x_wconf 88' lang='lat' dir='ltr'><em>sunt</em></span> <span class='ocrx_word' id='word_1_61' title='bbox 2238 1177 2742 1259; x_wconf 72' lang='lat' dir='ltr'><em>Apolloniatibus-</em></span> 
     </span>
     <span class='ocr_line' id='line_1_10' title="bbox 638 1263 2746 1350; baseline -0.001 -21"><span class='ocrx_word' id='word_1_62' title='bbox 638 1268 987 1330; x_wconf 85' lang='lat' dir='ltr'><em>Picentibus</em></span> <span class='ocrx_word' id='word_1_63' title='bbox 1008 1269 1178 1328; x_wconf 85' lang='lat' dir='ltr'><em>victis</em></span> <span class='ocrx_word' id='word_1_64' title='bbox 1196 1289 1331 1350; x_wconf 68' lang='lat' dir='ltr'><em>pas:</em></span> <span class='ocrx_word' id='word_1_65' title='bbox 1356 1267 1508 1327; x_wconf 80' lang='lat' dir='ltr'><em>data</em></span> <span class='ocrx_word' id='word_1_66' title='bbox 1537 1275 1638 1327; x_wconf 87' lang='lat' dir='ltr'><em>est.</em></span> <span class='ocrx_word' id='word_1_67' title='bbox 1743 1263 2024 1327; x_wconf 79' lang='lat' dir='ltr'><em>Coloniae</em></span> <span class='ocrx_word' id='word_1_68' title='bbox 2051 1263 2364 1338; x_wconf 87' lang='lat' dir='ltr'><em>deductae,</em></span> <span class='ocrx_word' id='word_1_69' title='bbox 2395 1263 2746 1326; x_wconf 58' lang='lat' dir='ltr'><em>Ariminum</em></span> 
     </span>
     <span class='ocr_line' id='line_1_11' title="bbox 638 1349 2746 1431; baseline -0.002 -18"><span class='ocrx_word' id='word_1_70' title='bbox 638 1356 704 1417; x_wconf 89' lang='lat' dir='ltr'><em>in</em></span> <span class='ocrx_word' id='word_1_71' title='bbox 747 1354 991 1429; x_wconf 86' lang='lat' dir='ltr'><em>Piceno,</em></span> <span class='ocrx_word' id='word_1_72' title='bbox 1038 1353 1444 1414; x_wconf 84' lang='lat' dir='ltr'><em>Beneventum</em></span> <span class='ocrx_word' id='word_1_73' title='bbox 1488 1354 1553 1412; x_wconf 89' lang='lat' dir='ltr'><em>in</em></span> <span class='ocrx_word' id='word_1_74' title='bbox 1600 1350 1869 1413; x_wconf 79' lang='lat' dir='ltr'><em>Samnio-</em></span> <span class='ocrx_word' id='word_1_75' title='bbox 1975 1349 2154 1410; x_wconf 87' lang='lat' dir='ltr'><em>Tunc</em></span> <span class='ocrx_word' id='word_1_76' title='bbox 2179 1351 2454 1431; x_wconf 86' lang='lat' dir='ltr'><em>primum</em></span> <span class='ocrx_word' id='word_1_77' title='bbox 2481 1349 2746 1430; x_wconf 72' lang='lat' dir='ltr'><em>populus</em></span> 
     </span>
     <span class='ocr_line' id='line_1_12' title="bbox 639 1433 2746 1521; baseline -0.004 -20"><span class='ocrx_word' id='word_1_78' title='bbox 639 1439 957 1501; x_wconf 88' lang='lat' dir='ltr'><em>Romanus</em></span> <span class='ocrx_word' id='word_1_79' title='bbox 1013 1448 1261 1521; x_wconf 74' lang='lat' dir='ltr'><em>arqento</em></span> <span class='ocrx_word' id='word_1_80' title='bbox 1306 1440 1401 1499; x_wconf 85' lang='lat' dir='ltr'><em>uti</em></span> <span class='ocrx_word' id='word_1_81' title='bbox 1442 1439 1648 1520; x_wconf 83' lang='lat' dir='ltr'><em>coepit.</em></span> <span class='ocrx_word' id='word_1_82' title='bbox 1753 1435 1971 1499; x_wconf 88' lang='lat' dir='ltr'><em>Umbri</em></span> <span class='ocrx_word' id='word_1_83' title='bbox 2013 1444 2072 1496; x_wconf 91' lang='lat' dir='ltr'><em>et</em></span> <span class='ocrx_word' id='word_1_84' title='bbox 2125 1433 2452 1496; x_wconf 78' lang='lat' dir='ltr'><em>Sallentini</em></span> <span class='ocrx_word' id='word_1_85' title='bbox 2495 1437 2638 1494; x_wconf 82' lang='lat' dir='ltr'><em>victi</em></span> <span class='ocrx_word' id='word_1_86' title='bbox 2679 1455 2746 1494; x_wconf 70' lang='lat' dir='ltr'><em>m</em></span> 
     </span>
     <span class='ocr_line' id='line_1_13' title="bbox 638 1520 2744 1608; baseline -0.003 -22"><span class='ocrx_word' id='word_1_87' title='bbox 638 1526 991 1586; x_wconf 82' lang='lat' dir='ltr'><em>deditionem</em></span> <span class='ocrx_word' id='word_1_88' title='bbox 1018 1527 1251 1608; x_wconf 84' lang='lat' dir='ltr'><em>accepti</em></span> <span class='ocrx_word' id='word_1_89' title='bbox 1276 1533 1432 1586; x_wconf 83' lang='lat' dir='ltr'><em>sunt.</em></span> <span class='ocrx_word' id='word_1_90' title='bbox 1539 1521 1940 1598; x_wconf 60' lang='lat' dir='ltr'><em>Quaestor-um</em></span> <span class='ocrx_word' id='word_1_91' title='bbox 1965 1541 2251 1582; x_wconf 84' lang='lat' dir='ltr'><em>numerus</em></span> <span class='ocrx_word' id='word_1_92' title='bbox 2278 1520 2610 1603; x_wconf 82' lang='lat' dir='ltr'><em>ampliatus</em></span> <span class='ocrx_word' id='word_1_93' title='bbox 2635 1528 2744 1592; x_wconf 79' lang='lat' dir='ltr'><em>est,</em></span> 
     </span>
     <span class='ocr_line' id='line_1_14' title="bbox 642 1619 1091 1672; baseline -0.002 0"><span class='ocrx_word' id='word_1_94' title='bbox 642 1620 712 1672; x_wconf 88' lang='lat' dir='ltr'><em>ut</em></span> <span class='ocrx_word' id='word_1_95' title='bbox 738 1619 930 1672; x_wconf 86' lang='lat' dir='ltr'><em>essent</em></span> <span class='ocrx_word' id='word_1_96' title='bbox 948 1619 1091 1672; x_wconf 90' lang='lat' dir='ltr'><em>octo.</em></span> 
     </span>
    </p>
   </div>
   <div class='ocr_carea' id='block_1_6' title="bbox 1172 1852 2194 1916">
    <p class='ocr_par' dir='ltr' id='par_1_7' title="bbox 1172 1852 2194 1916">
     <span class='ocr_line' id='line_1_15' title="bbox 1172 1852 2194 1916; baseline -0.001 -2"><span class='ocrx_word' id='word_1_97' title='bbox 1172 1853 1642 1915; x_wconf 89' lang='lat' dir='ltr'><em>EPITOME</em></span> <span class='ocrx_word' id='word_1_98' title='bbox 1667 1853 1953 1915; x_wconf 87' lang='lat' dir='ltr'><em>LIBRI</em></span> <span class='ocrx_word' id='word_1_99' title='bbox 1996 1852 2194 1916; x_wconf 88' lang='lat' dir='ltr'><strong><em>XVI.</em></strong></span> 
     </span>
    </p>
   </div>
   <div class='ocr_carea' id='block_1_7' title="bbox 620 2018 2740 2962">
    <p class='ocr_par' dir='ltr' id='par_1_8' title="bbox 620 2018 2740 2962">
     <span class='ocr_line' id='line_1_16' title="bbox 648 2018 2740 2104; baseline -0.001 -21"><span class='ocrx_word' id='word_1_100' title='bbox 648 2019 818 2083; x_wconf 91' lang='lat' dir='ltr'><em>ORl</em></span> <span class='ocrx_word' id='word_1_101' title='bbox 826 2018 889 2083; x_wconf 80' lang='lat' dir='ltr'><em>G</em></span> <span class='ocrx_word' id='word_1_102' title='bbox 902 2019 959 2082; x_wconf 90' lang='grc' dir='ltr'><em>Ο</em></span> <span class='ocrx_word' id='word_1_103' title='bbox 1015 2019 1608 2104; x_wconf 70' lang='lat' dir='ltr'><em>Carthaqiniensium</em></span> <span class='ocrx_word' id='word_1_104' title='bbox 1637 2030 1713 2081; x_wconf 88' lang='lat' dir='ltr'><em>-et</em></span> <span class='ocrx_word' id='word_1_105' title='bbox 1743 2019 2087 2102; x_wconf 80' lang='lat' dir='ltr'><em>primordia</em></span> <span class='ocrx_word' id='word_1_106' title='bbox 2131 2019 2296 2080; x_wconf 86' lang='lat' dir='ltr'><em>urbis</em></span> <span class='ocrx_word' id='word_1_107' title='bbox 2339 2039 2544 2080; x_wconf 86' lang='lat' dir='ltr'><em>eorum</em></span> <span class='ocrx_word' id='word_1_108' title='bbox 2587 2019 2740 2100; x_wconf 71' lang='lat' dir='ltr'><em>refe-</em></span> 
     </span>
     <span class='ocr_line' id='line_1_17' title="bbox 635 2103 2740 2191; baseline -0 -23"><span class='ocrx_word' id='word_1_109' title='bbox 635 2116 900 2182; x_wconf 87' lang='lat' dir='ltr'><em>runtur,·</em></span> <span class='ocrx_word' id='word_1_110' title='bbox 976 2116 1187 2168; x_wconf 90' lang='lat' dir='ltr'><em>contra</em></span> <span class='ocrx_word' id='word_1_111' title='bbox 1245 2127 1393 2191; x_wconf 86' lang='lat' dir='ltr'><em>quos</em></span> <span class='ocrx_word' id='word_1_112' title='bbox 1451 2115 1509 2166; x_wconf 87' lang='lat' dir='ltr'><em>et</em></span> <span class='ocrx_word' id='word_1_113' title='bbox 1565 2105 1894 2168; x_wconf 81' lang='lat' dir='ltr'><em>IIieronem</em></span> <span class='ocrx_word' id='word_1_114' title='bbox 1953 2127 2146 2189; x_wconf 75' lang='lat' dir='ltr'><em>reyem</em></span> <span class='ocrx_word' id='word_1_115' title='bbox 2211 2103 2740 2187; x_wconf 75' lang='lat' dir='ltr'><em>Syracusanorum</em></span> 
     </span>
     <span class='ocr_line' id='line_1_18' title="bbox 636 2191 2740 2274; baseline -0.001 -19"><span class='ocrx_word' id='word_1_116' title='bbox 636 2195 932 2256; x_wconf 72' lang='lat' dir='ltr'><em>aua-ilium</em></span> <span class='ocrx_word' id='word_1_117' title='bbox 953 2192 1687 2273; x_wconf 81' lang='lat' dir='ltr'><em>Mamertinisferendum</em></span> <span class='ocrx_word' id='word_1_118' title='bbox 1719 2193 1948 2253; x_wconf 86' lang='lat' dir='ltr'><em>censuit</em></span> <span class='ocrx_word' id='word_1_119' title='bbox 1972 2201 2234 2266; x_wconf 83' lang='lat' dir='ltr'><em>senatus,</em></span> <span class='ocrx_word' id='word_1_120' title='bbox 2257 2211 2444 2274; x_wconf 82' lang='lat' dir='ltr'><em>quum</em></span> <span class='ocrx_word' id='word_1_121' title='bbox 2473 2191 2547 2252; x_wconf 86' lang='lat' dir='ltr'><em>de</em></span> <span class='ocrx_word' id='word_1_122' title='bbox 2573 2213 2648 2253; x_wconf 84' lang='lat' dir='ltr'><em>ea</em></span> <span class='ocrx_word' id='word_1_123' title='bbox 2675 2213 2740 2252; x_wconf 85' lang='lat' dir='ltr'><em>re</em></span> 
     </span>
     <span class='ocr_line' id='line_1_19' title="bbox 638 2277 2733 2360; baseline -0.001 -19"><span class='ocrx_word' id='word_1_124' title='bbox 638 2282 795 2341; x_wconf 87' lang='lat' dir='ltr'><em>inter</em></span> <span class='ocrx_word' id='word_1_125' title='bbox 836 2279 1171 2353; x_wconf 76' lang='lat' dir='ltr'><em>suadentes,</em></span> <span class='ocrx_word' id='word_1_126' title='bbox 1204 2287 1275 2338; x_wconf 90' lang='lat' dir='ltr'><em>ut</em></span> <span class='ocrx_word' id='word_1_127' title='bbox 1312 2278 1591 2357; x_wconf 83' lang='lat' dir='ltr'><em>idfieret,</em></span> <span class='ocrx_word' id='word_1_128' title='bbox 1621 2277 2146 2360; x_wconf 77' lang='lat' dir='ltr'><em>dissuadentesque</em></span> <span class='ocrx_word' id='word_1_129' title='bbox 2189 2278 2478 2338; x_wconf 82' lang='lat' dir='ltr'><em>eontentio</em></span> <span class='ocrx_word' id='word_1_130' title='bbox 2487 2277 2733 2358; x_wconf 79' lang='lat' dir='ltr'><em>suisset.</em></span> 
     </span>
     <span class='ocr_line' id='line_1_20' title="bbox 650 2362 2739 2447; baseline -0.001 -20"><span class='ocrx_word' id='word_1_131' title='bbox 650 2365 1076 2447; x_wconf 58' lang='lat' dir='ltr'><em>stansqresszs</em></span> <span class='ocrx_word' id='word_1_132' title='bbox 1105 2373 1232 2426; x_wconf 86' lang='lat' dir='ltr'><em>tum</em></span> <span class='ocrx_word' id='word_1_133' title='bbox 1251 2366 1527 2446; x_wconf 84' lang='lat' dir='ltr'><em>primum</em></span> <span class='ocrx_word' id='word_1_134' title='bbox 1570 2385 1739 2424; x_wconf 88' lang='lat' dir='ltr'><em>mare</em></span> <span class='ocrx_word' id='word_1_135' title='bbox 1767 2364 2060 2447; x_wconf 86' lang='lat' dir='ltr'><em>equitibus</em></span> <span class='ocrx_word' id='word_1_136' title='bbox 2103 2363 2418 2436; x_wconf 88' lang='lat' dir='ltr'><em>Romanis,</em></span> <span class='ocrx_word' id='word_1_137' title='bbox 2451 2362 2739 2424; x_wconf 80' lang='lat' dir='ltr'><em>adversus</em></span> 
     </span>
     <span class='ocr_line' id='line_1_21' title="bbox 637 2448 2733 2533; baseline 0 -21"><span class='ocrx_word' id='word_1_138' title='bbox 637 2450 967 2512; x_wconf 81' lang='lat' dir='ltr'><em>Hieronem</em></span> <span class='ocrx_word' id='word_1_139' title='bbox 1024 2453 1265 2533; x_wconf 83' lang='lat' dir='ltr'><em>saepius</em></span> <span class='ocrx_word' id='word_1_140' title='bbox 1323 2450 1462 2511; x_wconf 89' lang='lat' dir='ltr'><em>bene</em></span> <span class='ocrx_word' id='word_1_141' title='bbox 1515 2458 1876 2532; x_wconf 71' lang='lat' dir='ltr'><em>puqnatum.</em></span> <span class='ocrx_word' id='word_1_142' title='bbox 1968 2448 2210 2510; x_wconf 87' lang='lat' dir='ltr'><em>Petenti</em></span> <span class='ocrx_word' id='word_1_143' title='bbox 2252 2452 2386 2531; x_wconf 76' lang='lat' dir='ltr'><em>pat</em></span> <span class='ocrx_word' id='word_1_144' title='bbox 2431 2448 2584 2510; x_wconf 86' lang='lat' dir='ltr'><em>data</em></span> <span class='ocrx_word' id='word_1_145' title='bbox 2633 2458 2733 2512; x_wconf 73' lang='lat' dir='ltr'><em>est.</em></span> 
     </span>
     <span class='ocr_line' id='line_1_22' title="bbox 634 2533 2736 2598; baseline 0 0"><span class='ocrx_word' id='word_1_146' title='bbox 634 2535 933 2598; x_wconf 85' lang='lat' dir='ltr'><em>Lustrum</em></span> <span class='ocrx_word' id='word_1_147' title='bbox 991 2558 1033 2597; x_wconf 92' lang='lat' dir='ltr'><em>a</em></span> <span class='ocrx_word' id='word_1_148' title='bbox 1093 2535 1428 2596; x_wconf 83' lang='lat' dir='ltr'><em>censoribus</em></span> <span class='ocrx_word' id='word_1_149' title='bbox 1484 2536 1788 2597; x_wconf 78' lang='lat' dir='ltr'><em>condztum</em></span> <span class='ocrx_word' id='word_1_150' title='bbox 1846 2543 1947 2596; x_wconf 86' lang='lat' dir='ltr'><em>est.</em></span> <span class='ocrx_word' id='word_1_151' title='bbox 2069 2533 2264 2597; x_wconf 85' lang='lat' dir='ltr'><em>Censa</em></span> <span class='ocrx_word' id='word_1_152' title='bbox 2321 2543 2466 2596; x_wconf 83' lang='lat' dir='ltr'><em>sunt</em></span> <span class='ocrx_word' id='word_1_153' title='bbox 2519 2536 2736 2598; x_wconf 79' lang='lat' dir='ltr'><em>civium</em></span> 
     </span>
     <span class='ocr_line' id='line_1_23' title="bbox 634 2620 2730 2705; baseline 0 -23"><span class='ocrx_word' id='word_1_154' title='bbox 634 2625 840 2704; x_wconf 84' lang='lat' dir='ltr'><em>capita</em></span> <span class='ocrx_word' id='word_1_155' title='bbox 870 2623 1126 2683; x_wconf 85' lang='lat' dir='ltr'><em>ducenta</em></span> <span class='ocrx_word' id='word_1_156' title='bbox 1156 2622 1452 2704; x_wconf 73' lang='lat' dir='ltr'><em>octoyinta</em></span> <span class='ocrx_word' id='word_1_157' title='bbox 1479 2620 1600 2683; x_wconf 83' lang='lat' dir='ltr'><em>duo</em></span> <span class='ocrx_word' id='word_1_158' title='bbox 1629 2621 1841 2696; x_wconf 84' lang='lat' dir='ltr'><em>millia,</em></span> <span class='ocrx_word' id='word_1_159' title='bbox 1861 2621 2119 2682; x_wconf 88' lang='lat' dir='ltr'><em>ducenta</em></span> <span class='ocrx_word' id='word_1_160' title='bbox 2147 2623 2400 2704; x_wconf 72' lang='lat' dir='ltr'><em>triyinta</em></span> <span class='ocrx_word' id='word_1_161' title='bbox 2429 2629 2730 2705; x_wconf 77' lang='lat' dir='ltr'><em>quattuor.</em></span> 
     </span>
     <span class='ocr_line' id='line_1_24' title="bbox 633 2706 2739 2790; baseline -0 -21"><span class='ocrx_word' id='word_1_162' title='bbox 633 2707 724 2769; x_wconf 92' lang='lat' dir='ltr'><em>D.</em></span> <span class='ocrx_word' id='word_1_163' title='bbox 753 2706 972 2770; x_wconf 84' lang='lat' dir='ltr'><em>Iunius</em></span> <span class='ocrx_word' id='word_1_164' title='bbox 1016 2707 1259 2769; x_wconf 87' lang='lat' dir='ltr'><em>Brutus</em></span> <span class='ocrx_word' id='word_1_165' title='bbox 1300 2728 1521 2769; x_wconf 88' lang='lat' dir='ltr'><em>munus</em></span> <span class='ocrx_word' id='word_1_166' title='bbox 1558 2706 1994 2790; x_wconf 75' lang='lat' dir='ltr'><em>qladiatorium</em></span> <span class='ocrx_word' id='word_1_167' title='bbox 2039 2708 2104 2768; x_wconf 86' lang='lat' dir='ltr'><em>in</em></span> <span class='ocrx_word' id='word_1_168' title='bbox 2146 2707 2425 2768; x_wconf 75' lang='lat' dir='ltr'><em>honorem</em></span> <span class='ocrx_word' id='word_1_169' title='bbox 2467 2707 2739 2789; x_wconf 78' lang='lat' dir='ltr'><em>defuncti</em></span> 
     </span>
     <span class='ocr_line' id='line_1_25' title="bbox 622 2791 2734 2876; baseline 0 -22"><span class='ocrx_word' id='word_1_170' title='bbox 622 2795 831 2875; x_wconf 86' lang='lat' dir='ltr'><em>patris</em></span> <span class='ocrx_word' id='word_1_171' title='bbox 876 2793 1062 2855; x_wconf 86' lang='lat' dir='ltr'><em>edidit</em></span> <span class='ocrx_word' id='word_1_172' title='bbox 1094 2795 1355 2876; x_wconf 86' lang='lat' dir='ltr'><em>primus.</em></span> <span class='ocrx_word' id='word_1_173' title='bbox 1458 2791 1708 2856; x_wconf 85' lang='lat' dir='ltr'><em>Colonia</em></span> <span class='ocrx_word' id='word_1_174' title='bbox 1759 2793 2054 2854; x_wconf 81' lang='lat' dir='ltr'><em>Aesernia</em></span> <span class='ocrx_word' id='word_1_175' title='bbox 2102 2791 2356 2854; x_wconf 80' lang='lat' dir='ltr'><em>deducta</em></span> <span class='ocrx_word' id='word_1_176' title='bbox 2413 2801 2518 2854; x_wconf 87' lang='lat' dir='ltr'><em>est.</em></span> <span class='ocrx_word' id='word_1_177' title='bbox 2609 2792 2734 2854; x_wconf 79' lang='lat' dir='ltr'><em>Res</em></span> 
     </span>
     <span class='ocr_line' id='line_1_26' title="bbox 620 2863 2699 2962; baseline 0 -23"><span class='ocrx_word' id='word_1_178' title='bbox 620 2889 942 2959; x_wconf 85' lang='lat' dir='ltr'><em>praeterea</em></span> <span class='ocrx_word' id='word_1_179' title='bbox 966 2888 1176 2941; x_wconf 86' lang='lat' dir='ltr'><em>contra</em></span> <span class='ocrx_word' id='word_1_180' title='bbox 1206 2879 1437 2940; x_wconf 88' lang='lat' dir='ltr'><em>Poenos</em></span> <span class='ocrx_word' id='word_1_181' title='bbox 1466 2889 1526 2940; x_wconf 85' lang='lat' dir='ltr'><em>et</em></span> <span class='ocrx_word' id='word_1_182' title='bbox 1569 2863 1869 2940; x_wconf 86' lang='lat' dir='ltr'><em>Vulsinios</em></span> <span class='ocrx_word' id='word_1_183' title='bbox 1886 2899 2176 2962; x_wconf 83' lang='lat' dir='ltr'><em>prospere</em></span> <span class='ocrx_word' id='word_1_184' title='bbox 2198 2887 2400 2962; x_wconf 74' lang='lat' dir='ltr'><em>qestas</em></span> <span class='ocrx_word' id='word_1_185' title='bbox 2429 2880 2699 2940; x_wconf 83' lang='lat' dir='ltr'><em>continet.</em></span> 
     </span>
    </p>
   </div>
   <div class='ocr_carea' id='block_1_8' title="bbox 1144 3123 2228 3190">
    <p class='ocr_par' dir='ltr' id='par_1_9' title="bbox 1144 3123 2228 3190">
     <span class='ocr_line' id='line_1_27' title="bbox 1144 3123 2228 3190; baseline 0.001 -2"><span class='ocrx_word' id='word_1_186' title='bbox 1144 3123 1615 3189; x_wconf 86' lang='lat' dir='ltr'><em>EPITOME</em></span> <span class='ocrx_word' id='word_1_187' title='bbox 1657 3123 1953 3188; x_wconf 86' lang='lat' dir='ltr'><em>LIBRI</em></span> <span class='ocrx_word' id='word_1_188' title='bbox 1991 3125 2228 3190; x_wconf 90' lang='lat' dir='ltr'><strong><em>XVII.</em></strong></span> 
     </span>
    </p>
   </div>
   <div class='ocr_carea' id='block_1_9' title="bbox 640 3256 2730 3333">
    <p class='ocr_par' dir='ltr' id='par_1_10' title="bbox 640 3256 2730 3333">
     <span class='ocr_line' id='line_1_28' title="bbox 640 3256 2730 3333; baseline 0 -12"><span class='ocrx_word' id='word_1_189' title='bbox 640 3257 794 3321; x_wconf 89' lang='lat' dir='ltr'><em>CN.</em></span> <span class='ocrx_word' id='word_1_190' title='bbox 838 3256 1411 3321; x_wconf 87' lang='lat' dir='ltr'><em>CORNELIUS</em></span> <span class='ocrx_word' id='word_1_191' title='bbox 1446 3258 1690 3333; x_wconf 84' lang='lat' dir='ltr'><em>consul,</em></span> <span class='ocrx_word' id='word_1_192' title='bbox 1722 3280 1767 3320; x_wconf 91' lang='lat' dir='ltr'><em>a</em></span> <span class='ocrx_word' id='word_1_193' title='bbox 1797 3257 2008 3322; x_wconf 81' lang='lat' dir='ltr'><em>classe</em></span> <span class='ocrx_word' id='word_1_194' title='bbox 2048 3257 2305 3322; x_wconf 83' lang='lat' dir='ltr'><em>Punica</em></span> <span class='ocrx_word' id='word_1_195' title='bbox 2348 3258 2730 3322; x_wconf 76' lang='lat' dir='ltr'><em>circumven-</em></span> 
     </span>
    </p>
   </div>
   <div class='ocr_carea' id='block_1_10' title="bbox 612 3342 2729 4362">
    <p class='ocr_par' dir='ltr' id='par_1_11' title="bbox 612 3342 2728 4362">
     <span class='ocr_line' id='line_1_29' title="bbox 630 3342 2728 3430; baseline 0.001 -24"><span class='ocrx_word' id='word_1_196' title='bbox 630 3353 755 3419; x_wconf 86' lang='lat' dir='ltr'><em>tus,</em></span> <span class='ocrx_word' id='word_1_197' title='bbox 786 3351 851 3406; x_wconf 87' lang='lat' dir='ltr'><em>et</em></span> <span class='ocrx_word' id='word_1_198' title='bbox 883 3365 1016 3428; x_wconf 79' lang='lat' dir='ltr'><em>per</em></span> <span class='ocrx_word' id='word_1_199' title='bbox 1036 3342 1359 3426; x_wconf 80' lang='lat' dir='ltr'><em>fraudem</em></span> <span class='ocrx_word' id='word_1_200' title='bbox 1387 3343 1664 3407; x_wconf 83' lang='lat' dir='ltr'><em>velutin</em></span> <span class='ocrx_word' id='word_1_201' title='bbox 1708 3343 2094 3428; x_wconf 80' lang='lat' dir='ltr'><em>colloquium</em></span> <span class='ocrx_word' id='word_1_202' title='bbox 2137 3354 2464 3419; x_wconf 81' lang='lat' dir='ltr'><em>evocatus,</em></span> <span class='ocrx_word' id='word_1_203' title='bbox 2497 3353 2728 3430; x_wconf 74' lang='lat' dir='ltr'><em>captus</em></span> 
     </span>
     <span class='ocr_line' id='line_1_30' title="bbox 629 3427 2729 3514; baseline 0.001 -23"><span class='ocrx_word' id='word_1_204' title='bbox 629 3437 749 3492; x_wconf 84' lang='lat' dir='ltr'><em>est.</em></span> <span class='ocrx_word' id='word_1_205' title='bbox 847 3429 919 3492; x_wconf 76' lang='lat' dir='ltr'><em>C.</em></span> <span class='ocrx_word' id='word_1_206' title='bbox 955 3427 1229 3492; x_wconf 81' lang='lat' dir='ltr'><em>Duilius</em></span> <span class='ocrx_word' id='word_1_207' title='bbox 1266 3429 1493 3491; x_wconf 86' lang='lat' dir='ltr'><em>consul</em></span> <span class='ocrx_word' id='word_1_208' title='bbox 1529 3429 1841 3492; x_wconf 84' lang='lat' dir='ltr'><em>adversus</em></span> <span class='ocrx_word' id='word_1_209' title='bbox 1876 3429 2148 3492; x_wconf 85' lang='lat' dir='ltr'><em>classem</em></span> <span class='ocrx_word' id='word_1_210' title='bbox 2183 3428 2544 3492; x_wconf 81' lang='lat' dir='ltr'><em>Poenorum</em></span> <span class='ocrx_word' id='word_1_211' title='bbox 2571 3453 2729 3514; x_wconf 81' lang='lat' dir='ltr'><em>pro-</em></span> 
     </span>
     <span class='ocr_line' id='line_1_31' title="bbox 628 3513 2725 3599; baseline 0.001 -24"><span class='ocrx_word' id='word_1_212' title='bbox 628 3533 821 3596; x_wconf 80' lang='lat' dir='ltr'><em>spere</em></span> <span class='ocrx_word' id='word_1_213' title='bbox 860 3515 1209 3599; x_wconf 81' lang='lat' dir='ltr'><em>pugnavit,</em></span> <span class='ocrx_word' id='word_1_214' title='bbox 1256 3513 1634 3599; x_wconf 80' lang='lat' dir='ltr'><em>primusque</em></span> <span class='ocrx_word' id='word_1_215' title='bbox 1686 3513 1959 3577; x_wconf 82' lang='lat' dir='ltr'><em>omnium</em></span> <span class='ocrx_word' id='word_1_216' title='bbox 2013 3514 2445 3578; x_wconf 85' lang='lat' dir='ltr'><em>Romanorum</em></span> <span class='ocrx_word' id='word_1_217' title='bbox 2501 3515 2725 3579; x_wconf 83' lang='lat' dir='ltr'><em>ducum</em></span> 
     </span>
     <span class='ocr_line' id='line_1_32' title="bbox 625 3597 2724 3686; baseline 0.004 -29"><span class='ocrx_word' id='word_1_218' title='bbox 625 3597 881 3660; x_wconf 86' lang='lat' dir='ltr'><em>navalis</em></span> <span class='ocrx_word' id='word_1_219' title='bbox 911 3600 1223 3663; x_wconf 83' lang='lat' dir='ltr'><em>victoriae</em></span> <span class='ocrx_word' id='word_1_220' title='bbox 1269 3600 1459 3663; x_wconf 69' lang='lat' dir='ltr'><em>duxit</em></span> <span class='ocrx_word' id='word_1_221' title='bbox 1504 3600 1912 3685; x_wconf 77' lang='lat' dir='ltr'><em>triumphum.</em></span> <span class='ocrx_word' id='word_1_222' title='bbox 2011 3599 2114 3663; x_wconf 90' lang='lat' dir='ltr'><em>Ob</em></span> <span class='ocrx_word' id='word_1_223' title='bbox 2145 3623 2338 3686; x_wconf 86' lang='lat' dir='ltr'><em>quam</em></span> <span class='ocrx_word' id='word_1_224' title='bbox 2376 3621 2638 3664; x_wconf 84' lang='lat' dir='ltr'><em>causam</em></span> <span class='ocrx_word' id='word_1_225' title='bbox 2665 3603 2724 3666; x_wconf 89' lang='lat' dir='ltr'><em>ei</em></span> 
     </span>
     <span class='ocr_line' id='line_1_33' title="bbox 612 3685 2724 3766; baseline 0.003 -23"><span class='ocrx_word' id='word_1_226' title='bbox 612 3691 975 3766; x_wconf 62' lang='lat' dir='ltr'><em>perpetuus</em></span> <span class='ocrx_word' id='word_1_227' title='bbox 1005 3685 1207 3748; x_wconf 79' lang='lat' dir='ltr'><em>honos</em></span> <span class='ocrx_word' id='word_1_228' title='bbox 1234 3685 1497 3749; x_wconf 78' lang='lat' dir='ltr'><em>habitus</em></span> <span class='ocrx_word' id='word_1_229' title='bbox 1527 3693 1647 3761; x_wconf 86' lang='lat' dir='ltr'><em>est,</em></span> <span class='ocrx_word' id='word_1_230' title='bbox 1672 3693 1742 3747; x_wconf 85' lang='lat' dir='ltr'><em>ut</em></span> <span class='ocrx_word' id='word_1_231' title='bbox 1769 3686 2112 3748; x_wconf 83' lang='lat' dir='ltr'><em>revertenti</em></span> <span class='ocrx_word' id='word_1_232' title='bbox 2140 3709 2185 3750; x_wconf 89' lang='lat' dir='ltr'><em>a</em></span> <span class='ocrx_word' id='word_1_233' title='bbox 2215 3707 2436 3763; x_wconf 86' lang='lat' dir='ltr'><em>coena,</em></span> <span class='ocrx_word' id='word_1_234' title='bbox 2470 3686 2724 3750; x_wconf 75' lang='lat' dir='ltr'><em>tibicine</em></span> 
     </span>
     <span class='ocr_line' id='line_1_34' title="bbox 626 3767 2720 3854; baseline 0.002 -24"><span class='ocrx_word' id='word_1_235' title='bbox 626 3775 915 3842; x_wconf 86' lang='lat' dir='ltr'><em>canente,</em></span> <span class='ocrx_word' id='word_1_236' title='bbox 954 3767 1198 3848; x_wconf 85' lang='lat' dir='ltr'><em>funale</em></span> <span class='ocrx_word' id='word_1_237' title='bbox 1242 3771 1724 3854; x_wconf 78' lang='lat' dir='ltr'><em>praeferretur.</em></span> <span class='ocrx_word' id='word_1_238' title='bbox 1844 3771 1926 3834; x_wconf 92' lang='lat' dir='ltr'><em>L.</em></span> <span class='ocrx_word' id='word_1_239' title='bbox 1983 3771 2322 3835; x_wconf 82' lang='lat' dir='ltr'><em>Cornelius</em></span> <span class='ocrx_word' id='word_1_240' title='bbox 2381 3772 2611 3835; x_wconf 87' lang='lat' dir='ltr'><em>consul</em></span> <span class='ocrx_word' id='word_1_241' title='bbox 2657 3773 2720 3835; x_wconf 81' lang='lat' dir='ltr'><em>in</em></span> 
     </span>
     <span class='ocr_line' id='line_1_35' title="bbox 626 3853 2720 3933; baseline 0.001 -16"><span class='ocrx_word' id='word_1_242' title='bbox 626 3853 944 3917; x_wconf 84' lang='lat' dir='ltr'><em>Sardinia</em></span> <span class='ocrx_word' id='word_1_243' title='bbox 973 3861 1038 3916; x_wconf 88' lang='lat' dir='ltr'><em>et</em></span> <span class='ocrx_word' id='word_1_244' title='bbox 1076 3853 1350 3917; x_wconf 86' lang='lat' dir='ltr'><em>Corsica</em></span> <span class='ocrx_word' id='word_1_245' title='bbox 1390 3864 1621 3919; x_wconf 84' lang='lat' dir='ltr'><em>contra</em></span> <span class='ocrx_word' id='word_1_246' title='bbox 1659 3855 1931 3933; x_wconf 83' lang='lat' dir='ltr'><em>Sardos,</em></span> <span class='ocrx_word' id='word_1_247' title='bbox 1963 3865 2028 3920; x_wconf 86' lang='lat' dir='ltr'><em>et</em></span> <span class='ocrx_word' id='word_1_248' title='bbox 2065 3857 2325 3933; x_wconf 85' lang='lat' dir='ltr'><em>Corsos,</em></span> <span class='ocrx_word' id='word_1_249' title='bbox 2359 3865 2422 3919; x_wconf 87' lang='lat' dir='ltr'><em>et</em></span> <span class='ocrx_word' id='word_1_250' title='bbox 2451 3856 2720 3920; x_wconf 86' lang='lat' dir='ltr'><em>Hanno-</em></span> 
     </span>
     <span class='ocr_line' id='line_1_36' title="bbox 622 3938 2719 4027; baseline 0.002 -25"><span class='ocrx_word' id='word_1_251' title='bbox 622 3961 765 4003; x_wconf 87' lang='lat' dir='ltr'><em>nem</em></span> <span class='ocrx_word' id='word_1_252' title='bbox 796 3938 1155 4003; x_wconf 84' lang='lat' dir='ltr'><em>Poenorum</em></span> <span class='ocrx_word' id='word_1_253' title='bbox 1194 3939 1415 4002; x_wconf 89' lang='lat' dir='ltr'><em>ducem</em></span> <span class='ocrx_word' id='word_1_254' title='bbox 1422 3939 1731 4023; x_wconf 61' lang='lat' dir='ltr'><em>seltener</em></span> <span class='ocrx_word' id='word_1_255' title='bbox 1749 3939 2099 4027; x_wconf 79' lang='lat' dir='ltr'><em>pugnavit.</em></span> <span class='ocrx_word' id='word_1_256' title='bbox 2191 3941 2438 4006; x_wconf 83' lang='lat' dir='ltr'><em>Atilius</em></span> <span class='ocrx_word' id='word_1_257' title='bbox 2474 3941 2719 4006; x_wconf 83' lang='lat' dir='ltr'><em>Calati-</em></span> 
     </span>
     <span class='ocr_line' id='line_1_37' title="bbox 622 4024 2715 4111; baseline 0.002 -23"><span class='ocrx_word' id='word_1_258' title='bbox 622 4047 743 4088; x_wconf 83' lang='lat' dir='ltr'><em>nus</em></span> <span class='ocrx_word' id='word_1_259' title='bbox 766 4026 1007 4101; x_wconf 82' lang='lat' dir='ltr'><em>consul,</em></span> <span class='ocrx_word' id='word_1_260' title='bbox 1033 4048 1223 4111; x_wconf 86' lang='lat' dir='ltr'><em>quum</em></span> <span class='ocrx_word' id='word_1_261' title='bbox 1245 4025 1311 4089; x_wconf 86' lang='lat' dir='ltr'><em>in</em></span> <span class='ocrx_word' id='word_1_262' title='bbox 1334 4024 1588 4088; x_wconf 83' lang='lat' dir='ltr'><em>locum</em></span> <span class='ocrx_word' id='word_1_263' title='bbox 1563 4027 1869 4111; x_wconf 69' lang='lat' dir='ltr'><em>iniquum,</em></span> <span class='ocrx_word' id='word_1_264' title='bbox 1891 4050 1934 4090; x_wconf 92' lang='lat' dir='ltr'><em>a</em></span> <span class='ocrx_word' id='word_1_265' title='bbox 1961 4027 2202 4091; x_wconf 83' lang='lat' dir='ltr'><em>Poenis</em></span> <span class='ocrx_word' id='word_1_266' title='bbox 2223 4027 2715 4105; x_wconf 67' lang='lat' dir='ltr'><em>circumsessum,</em></span> 
     </span>
     <span class='ocr_line' id='line_1_38' title="bbox 622 4111 2716 4211; baseline 0.002 -39"><span class='ocrx_word' id='word_1_267' title='bbox 622 4119 856 4174; x_wconf 86' lang='lat' dir='ltr'><em>temere</em></span> <span class='ocrx_word' id='word_1_268' title='bbox 893 4112 1187 4176; x_wconf 75' lang='lat' dir='ltr'><em>duxisset</em></span> <span class='ocrx_word' id='word_1_269' title='bbox 1225 4111 1599 4187; x_wconf 78' lang='lat' dir='ltr'><em>exereitum,</em></span> <span class='ocrx_word' id='word_1_270' title='bbox 1644 4112 1744 4174; x_wconf 90' lang='lat' dir='ltr'><em>M.</em></span> <span class='ocrx_word' id='word_1_271' title='bbox 1787 4112 2134 4211; x_wconf 82' lang='lat' dir='ltr'><em>Calpurnii</em></span> <span class='ocrx_word' id='word_1_272' title='bbox 2175 4112 2418 4175; x_wconf 83' lang='lat' dir='ltr'><em>tribuni</em></span> <span class='ocrx_word' id='word_1_273' title='bbox 2455 4113 2716 4176; x_wconf 80' lang='lat' dir='ltr'><em>militum</em></span> 
     </span>
     <span class='ocr_line' id='line_1_39' title="bbox 622 4196 2714 4282; baseline 0.002 -25"><span class='ocrx_word' id='word_1_274' title='bbox 622 4196 859 4260; x_wconf 82' lang='lat' dir='ltr'><em>virtute</em></span> <span class='ocrx_word' id='word_1_275' title='bbox 888 4205 950 4259; x_wconf 88' lang='lat' dir='ltr'><em>et</em></span> <span class='ocrx_word' id='word_1_276' title='bbox 980 4218 1183 4280; x_wconf 83' lang='lat' dir='ltr'><em>opera</em></span> <span class='ocrx_word' id='word_1_277' title='bbox 1222 4197 1471 4260; x_wconf 83' lang='lat' dir='ltr'><em>evasit:</em></span> <span class='ocrx_word' id='word_1_278' title='bbox 1518 4197 1650 4281; x_wconf 83' lang='lat' dir='ltr'><em>qui,</em></span> <span class='ocrx_word' id='word_1_279' title='bbox 1683 4219 1820 4260; x_wconf 85' lang='lat' dir='ltr'><em>cum</em></span> <span class='ocrx_word' id='word_1_280' title='bbox 1862 4198 2168 4262; x_wconf 84' lang='lat' dir='ltr'><em>trecentis</em></span> <span class='ocrx_word' id='word_1_281' title='bbox 2196 4197 2508 4261; x_wconf 75' lang='lat' dir='ltr'><em>militibus</em></span> <span class='ocrx_word' id='word_1_282' title='bbox 2535 4219 2714 4282; x_wconf 82' lang='lat' dir='ltr'><em>erup-</em></span> 
     </span>
     <span class='ocr_line' id='line_1_40' title="bbox 622 4281 2712 4362; baseline 0.002 -20"><span class='ocrx_word' id='word_1_283' title='bbox 622 4281 1031 4362; x_wconf 84' lang='lat' dir='ltr'><em>tionefacta,</em></span> <span class='ocrx_word' id='word_1_284' title='bbox 1063 4282 1334 4346; x_wconf 75' lang='lat' dir='ltr'><em>hostes</em></span> <span class='ocrx_word' id='word_1_285' title='bbox 1310 4305 1377 4346; x_wconf 77' lang='lat' dir='ltr'><em>tn</em></span> <span class='ocrx_word' id='word_1_286' title='bbox 1408 4305 1479 4346; x_wconf 82' lang='lat' dir='ltr'><em>se</em></span> <span class='ocrx_word' id='word_1_287' title='bbox 1512 4291 1935 4347; x_wconf 83' lang='lat' dir='ltr'><em>converterat.</em></span> <span class='ocrx_word' id='word_1_288' title='bbox 2011 4281 2364 4348; x_wconf 81' lang='lat' dir='ltr'><em>Hannibal</em></span> <span class='ocrx_word' id='word_1_289' title='bbox 2389 4283 2524 4348; x_wconf 76' lang='lat' dir='ltr'><em>dux</em></span> <span class='ocrx_word' id='word_1_290' title='bbox 2555 4283 2712 4347; x_wconf 84' lang='lat' dir='ltr'><em>Poe-</em></span> 
     </span>
    </p>
   </div>
   <div class='ocr_carea' id='block_1_11' title="bbox 2971 7 2978 2840">
    <p class='ocr_par' dir='ltr' id='par_1_12' title="bbox 2971 7 2978 2840">
     <span class='ocr_line' id='line_1_41' title="bbox 2971 7 2978 2840; baseline 0 0"><span class='ocrx_word' id='word_1_291' title='bbox 2971 7 2978 2840; x_wconf 95' lang='lat' dir='ltr'><em> </em></span> 
     </span>
    </p>
   </div>
  </div>
 </body>
</html>
