3000 4784
346 359 416 411 U.
521 372 631 422 452.

344 428 407 476 A.

358 2357 502 2407 Decii
524 2372 627 2406 ora·

354 2423 426 2470 tio
446 2423 509 2470 de
528 2437 601 2470 sa-

356 2486 582 2534 cerdotiis

356 2565 471 2598 cum
492 2551 637 2624 plebe

357 2627 623 2662 commum-

357 2677 537 2727 caudis.

438 361 498 410 0.

440 425 501 476 C.
525 439 635 488 500.

664 217 791 280 564
1434 209 1658 278 ΤῙΤΙ
1717 210 1988 276 LIVII

670 374 870 440 quum
919 351 1088 416 inter
1136 365 1405 438 augures
1442 363 1720 429 constet,
1772 353 2076 440 imparem
2136 371 2470 414 numerum
2519 347 2760 412 debere
2775 367 2806 419 7

670 462 826 516 esse,
868 451 941 502 ut
983 451 1109 502 tres
1150 439 1449 524 antiquae
1494 440 1713 517 tribus,
1749 439 2053 516 Ramnes,
2084 437 2424 514 Titienses
2455 435 2762 510 Luceres,

670 547 857 592 suum
885 547 1176 612 quaeque
1206 547 1510 612 augurem
1540 526 1852 603 habeant3
1900 538 2028 603 aut,
2059 525 2114 588 si
2145 524 2433 611 pluribus
2466 523 2551 587 sit
2579 543 2764 609 opm,

671 613 807 702 pari
846 613 1014 677 inter
1049 634 1117 677 se
1162 633 1430 677 numero
1476 613 1832 678 sacerdotes
1876 611 2340 698 multiplicentt
2387 611 2556 676 sicut
2598 609 2768 673 mul-

674 699 937 787 tiplicati
982 711 1150 776 sunt,
1199 721 1401 784 quum
1446 700 1532 766 ad
1577 713 1877 788 quattuor
1920 699 2205 785 quinque
2251 697 2486 762 adiecti
2532 719 2769 762 novem

674 806 1030 862 numerum,
1060 797 1135 849 ut
1164 785 1329 849 terni
1362 787 1433 849 in
1466 786 1744 874 singulas
1782 799 2010 863 essent,
2039 784 2472 872 expleverunt.
2571 783 2772 849 Cete-

674 893 835 949 rum,
861 871 1013 958 quia
1038 871 1121 937 de
1150 871 1337 958 plebe
1366 873 1814 960 allegebantur,
1839 873 2022 937 iuxta
2047 895 2188 936 eam
2218 894 2352 937 rem
2381 893 2576 958 aegre
2603 870 2772 958 passi

676 959 915 1035 Patres,
946 979 1139 1044 quam
1168 981 1367 1045 quum
1396 960 1794 1024 consulatum
1821 959 2063 1046 vulgari
2091 957 2395 1023 viderent.
2492 955 2774 1022 Simula-

676 1045 850 1122 bant,
891 1045 975 1110 ad
1015 1044 1171 1110 deos
1214 1045 1283 1109 id
1330 1048 1546 1133 magis,
1578 1069 1770 1134 quam
1814 1045 1898 1110 ad
1942 1069 2030 1123 se,
2065 1045 2421 1133 pertinere:
2468 1045 2646 1132 ipsos
2679 1045 2776 1108 vi·

677 1153 872 1208 sume,
906 1155 991 1196 ne
1038 1154 1213 1197 sacra
1254 1153 1371 1196 sua
1412 1131 1796 1221 polluantur.
1885 1131 1966 1196 Id
2007 1155 2074 1196 se
2118 1145 2336 1219 optare
2379 1145 2660 1208 tantum,
2689 1153 2772 1194 ne

724 1241 809 1284 ua
845 1219 915 1284 in
953 1219 1407 1319 rempublicam
1452 1219 1663 1285 clades
1703 1221 1933 1284 veniat.
2026 1219 2250 1282 Minus
2293 1231 2512 1283 autem
2563 1232 2776 1282 teten-

678 1243 850 1385 dem,
881 1320 1111 1370 assueti
1144 1307 1271 1371 iam
1300 1306 1411 1370 tali
1438 1329 1673 1394 genere
1703 1307 2118 1371 certaminum
2145 1307 2332 1370 vinci.
2426 1303 2514 1369 Et
2549 1327 2776 1369 cerne-

678 1393 851 1471 bant,
899 1393 1285 1459 adversarios
1329 1416 1461 1458 non
1507 1394 1594 1470 id,
1643 1393 1816 1480 quod
1865 1393 2016 1457 olim
2061 1393 2170 1456 vix
2221 1392 2636 1480 speraverint,
2685 1391 2776 1455 af·

678 1479 985 1544 sectantes
1012 1501 1273 1566 magnos
1300 1480 1592 1557 honoreS‚
1621 1479 1734 1544 sed
1769 1480 1984 1545 omnia
2011 1479 2156 1556 iam,
2185 1480 2254 1542 in
2283 1501 2564 1566 quorum
2594 1501 2774 1566 spem

679 1566 940 1631 dubiam
986 1579 1119 1632 erat
1164 1581 1492 1644 certatum,
1535 1581 1746 1631 tamen
1792 1566 2074 1653 adeptos,
2114 1565 2495 1653 multiplices
2541 1587 2776 1630 consu-
2789 1579 2816 1624 8

678 1653 861 1730 latus,
884 1675 1305 1740 censurasque
1328 1667 1395 1718 et
1412 1653 1781 1741 triumphos·
1847 1649 2178 1718 Certatum
2201 1667 2412 1718 tamen
2441 1652 2777 1717 suadenda

680 1739 1226 1838 dissuadendaque
1256 1739 1317 1804 le
1360 1763 1395 1804 e
1426 1741 1594 1805 inter
1615 1740 1679 1804 A
1725 1787 1741 1804 .
1767 1737 2112 1804 Claudium
2139 1739 2413 1804 maxime
2442 1739 2688 1816 ferunt,
2711 1752 2776 1804 et

677 1825 845 1888 inter
872 1824 946 1888 P.
970 1824 1247 1888 Dec1um
1276 1763 1554 1890 him-em.
1715 1827 1784 1891 ui
1811 1849 2012 1913 quum
2039 1827 2263 1891 eadem
2289 1826 2488 1890 ferme
2519 1826 2610 1891 de
2636 1827 2774 1891 iure

678 1909 939 1974 Patrum
962 1933 1035 1975 ac
1055 1910 1277 1997 plebis,
1302 1935 1467 1999 quae
1496 1912 1774 2000 prolege
1797 1913 2052 1978 Licinia
2067 1911 2390 2000 quondam
2417 1935 2545 1977 oon
2694 1935 2772 1977 ue

677 2019 818 2062 eam
856 1996 1029 2062 dicta
1070 2011 1269 2076 erant,
1300 2021 1502 2085 quum
1545 1999 1808 2100 plebeiis
1851 1999 2212 2065 consulatus
2253 1998 2616 2088 rogabatur,
2697 1999 2774 2063 's-

679 2085 1056 2161 seruissent3
1110 2085 1395 2150 retulisse
1441 2086 1675 2151 dicitur
1714 2086 1954 2151 Decius
2003 2086 2280 2174 parentis
2329 2086 2428 2150 sui
2467 2087 2768 2173 speciem,
2785 2109 2814 2158 9

681 2171 934 2259 qualem
980 2193 1127 2236 eum
1174 2172 1379 2250 multi,
1429 2174 1542 2260 qui
1588 2174 1656 2236 in
1701 2173 2008 2238 concione
2059 2186 2258 2250 erant,
2305 2171 2622 2249 viderant,
2673 2174 2768 2236 in-

680 2258 959 2325 cinctum
994 2257 1251 2324 Gabino
1285 2259 1483 2336 cultu,
1515 2281 1704 2346 super
1737 2259 1935 2324 telum
1969 2272 2258 2341 stantem,
2289 2283 2419 2346 quo
2445 2281 2518 2324 se
2545 2259 2770 2324 habitu

680 2367 797 2431 pro
842 2345 1079 2432 populo
1126 2367 1199 2410 ac
1237 2346 1592 2432 legionibus
1630 2346 1938 2412 Romanis
1976 2346 2342 2412 devovisset.
2434 2355 2454 2384 6
2477 2345 2656 2410 Tum
2695 2346 2766 2411 P.

684 2439 703 2468 6
726 2430 1003 2496 Decium
1068 2432 1393 2497 consulem
1505 2455 1691 2497 urum
1735 2433 1924 2533 pium
1971 2457 2052 2498 ue
2109 2433 2247 2498 deis
2309 2431 2772 2498 immortalibus

682 2525 703 2556 ‘
723 2517 945 2596 visum,
976 2541 1049 2583 ae
1096 2541 1177 2582 ue
1218 2541 1293 2582 ac
1336 2519 1388 2583 si
1495 2567 1512 2584 .
1549 2517 1831 2584 Manlius
1875 2520 2034 2584 cole
2159 2521 2296 2585 eius
2331 2520 2768 2584 devoveoetur.

682 2611 703 2642 ‘
726 2604 1024 2670 Eundem
1129 2653 1145 2670 .
1173 2605 1469 2684 Decium,
1520 2606 1632 2692 qui
1682 2629 1857 2671 sacra
1957 2607 2044 2671 ub
2072 2607 2168 2671 'ca
2221 2606 2440 2707 populi
2489 2605 2770 2671 Romani

682 2701 701 2729 ‘
722 2691 974 2769 faceret,
997 2691 1125 2780 legi
1153 2692 1273 2756 rite
1302 2714 1435 2758 non
1464 2693 1785 2780 potuisse?
1843 2691 1880 2756 Ι
1951 2715 2085 2758 esse
2199 2693 2488 2770 ticulum,
2511 2715 2598 2757 ne
2627 2715 2770 2758 suas

680 2787 701 2816 6
720 2800 940 2864 preces
983 2779 1193 2844 minus
1237 2779 1532 2844 audirent
1575 2778 1688 2856 dii,
1729 2801 1921 2866 quam
1961 2781 2088 2867 Ap.
2177 2779 2423 2845 laudii?
2514 2779 2770 2844 Cestius

679 2873 699 2902 6
720 2887 869 2927 eum
908 2885 1083 2928 sacra
1114 2866 1361 2951 privata
1391 2865 1618 2944 facere,
1650 2878 1716 2930 et
1753 2865 2103 2953 religiosius
2131 2867 2288 2932 deos
2314 2865 2542 2944 colere,
2573 2889 2768 2953 quam

680 2957 698 2986 6
720 2949 839 3012 se?
931 2951 1145 3024 Quem
1185 2952 1511 3036 poenitere
1547 2966 1854 3030 votorum,
1868 2952 2050 3039 ‘quae
2089 2976 2206 3040 pro
2245 2953 2567 3040 republica
2601 2976 2769 3018 nun-
2791 2977 2808 3010 ι

681 3044 701 3072 6
722 3035 1091 3121 cupaverint
1128 3048 1223 3122 tot
1262 3037 1550 3101 consules
1587 3037 1841 3139 plebeii,
1872 3052 1969 3104 tot
2001 3038 2356 3116 dictatores&
2385 3052 2495 3104 aut
2531 3039 2616 3104 ad
2658 3062 2769 3104 ex-

682 3130 703 3161 ‘
724 3121 956 3203 ercitus
984 3135 1228 3200 cumea,
1259 3135 1370 3188 aut
1398 3125 1567 3188 inter
1595 3148 1616 3188 1
1693 3148 1731 3189 a
1755 3123 1969 3190 bella?
2037 3125 2546 3192 Numerarentur
2571 3125 2770 3191 ducoe

681 3218 703 3248 ‘
722 3233 943 3274 eorum
974 3231 1302 3288 annorum,
1333 3211 1564 3297 quibus
1591 3148 1982 3299 plizbeiorum
2011 3213 2210 3278 ductu
2250 3227 2316 3278 et
2355 3213 2638 3300 auspicio
2673 3235 2770 3277 res

682 3305 701 3335 6
720 3297 856 3384 geri
885 3309 1145 3384 coeptae
1182 3311 1367 3363 sunt:
1416 3311 1900 3363 numerarentur
1939 3299 2260 3388 triumphi.
2353 3299 2487 3364 Iam
2529 3323 2614 3363 ne
2655 3322 2770 3364 no-
2787 3321 2808 3352 ²

747 3544 774 3595 7
806 3536 1051 3596 Impurum
1070 3535 1352 3594 numerum]
1380 3533 1579 3596 Nempe
1599 3537 1690 3581 ter-
1755 3532 1932 3582 stitisse
1953 3532 2216 3596 imaginem
2237 3532 2454 3596 parentis
2471 3533 2564 3582 mi.
2593 3533 2756 3584 Cur.

679 3597 871 3645 narium
894 3599 971 3646 vel
999 3613 1030 3646 e
1058 3597 1269 3646 ternario
1288 3598 1488 3647 fictum.
1557 3597 1693 3645 Hinc
1826 3611 1846 3644 1
1885 3599 2037 3656 Quem
2067 3601 2318 3674 poenitere
2349 3599 2593 3657 votorum]
2647 3597 2768 3646 Ideo

680 3660 821 3721 syna
851 3675 1109 3709 numerum
1140 3678 1175 3710 a
1203 3677 1371 3712 novem
1395 3663 1459 3711 ad
1491 3663 1691 3726 quinde-
1756 3675 1936 3724 nempe
1951 3677 2197 3712 neuunem
2220 3661 2462 3724 poenituit
2475 3661 2675 3710 illorum
2689 3677 2766 3711 vo-

678 3725 771 3770 ct'm
792 3724 945 3772 auxit.
1010 3725 1108 3772 Sed
1140 3725 1180 3772 si
1212 3725 1513 3774 Niebuhrius
1543 3741 1691 3787 scopo
1755 3730 1934 3784 torum,
1949 3726 2065 3787 quia
2083 3725 2316 3789 apparuit
2329 3741 2394 3774 ex
2415 3739 2648 3790 prospero
2665 3727 2766 3774 bel-

678 3801 778 3834 non
810 3787 1118 3846 aberraverit,
1156 3787 1277 3836 haec
1312 3804 1388 3838 res
1422 3787 1692 3852 antiquitus
1755 3790 1912 3838 lorum
1934 3795 2114 3838 eventu
2138 3795 2250 3839 vota
2269 3797 2476 3852 accepta
2495 3790 2592 3838 diis
2605 3789 2766 3840 filine.

680 3849 921 3900 Romanis
942 3849 1160 3912 religioni
1182 3866 1281 3898 non
1302 3857 1421 3901 erat.
1757 3853 1919 3903 Cam.

744 3916 777 3965 8
814 3915 1232 3992 Tamen-adeptos]
1262 3917 1442 3990 Tamen
1461 3916 1526 3964 ad
1549 3917 1690 3992 omis-
1821 3931 1850 3965 ο
1883 3920 1993 3966 Iam
2024 3933 2089 3967 ne
2117 3919 2385 3968 nobil-'tatis
2416 3919 2614 3993 quiden
2647 3935 2768 3968 cuae

678 3978 1565 4104 ffaefflxzhffifflfflss
1584 3995 1690 4092 ᾖ
1749 3981 2766 4094 fffflmffifflmfflg
2964 4091 2965 4112 Ν

677 4108 787 4156 loco
806 4108 877 4157 aie
896 4109 1243 4172 supplendum,
1259 4109 1316 4155 in
1335 4123 1541 4171 qnorum
1559 4123 1692 4170 spem
1756 4109 1861 4157 bus.
1927 4109 2104 4172 Itaque
2125 4109 2160 4157 ii
2183 4109 2362 4172 plebeii
2377 4111 2585 4172 chiorum
2607 4116 2768 4172 patres
2964 4129 2965 4174 ῃ

675 4172 896 4230 quamvis
907 4174 1105 4220 dubium
1120 4179 1497 4230 mmmm,
1511 4177 1687 4220 tamen.
1753 4174 2078 4232 consulatum,
2105 4181 2192 4222 aut
2224 4180 2522 4236 praeturam,
2539 4179 2630 4222 aut
2658 4189 2764 4222 eeu—
2964 4185 2965 4196 ¹

706 4296 716 4306 ι
738 4248 771 4294 9
802 4235 1044 4284 Reme-'m
1065 4271 1079 4284 .
1103 4271 1117 4284 .
1141 4270 1154 4283 .
1179 4270 1192 4283 .
1222 4238 1449 4295 parentio
1474 4238 1555 4284 mi
1583 4251 1687 4297 spe-
1751 4249 1932 4295 suram,
1952 4243 2040 4285 aut
2071 4237 2363 4286 dictaturam
2391 4243 2656 4300 generant,
2683 4253 2764 4286 no-
2963 4205 2965 4318 4

672 4297 819 4352 cnm]
862 4297 1138 4344 Revocasse
1158 4303 1209 4345 et
1232 4298 1279 4345 vi
1300 4297 1532 4345 orationis
1551 4313 1687 4360 prae-
1753 4297 1876 4346 biles
1896 4307 2049 4348 erent.
2083 4301 2252 4350 Cium·

671 4361 863 4402 nentem
882 4359 1243 4416 quodammodo
1263 4361 1327 4408 ob
1355 4361 1524 4408 oculos
1551 4377 1686 4422 prae-
