3000 4784
373 368 426 418 U

493 1402 592 1463 15.

697 224 826 285 364
1479 217 1709 284 T1T1
1768 216 2041 285 LIVII

431 404 444 417 .
467 367 528 417 ο.
555 376 662 431 3⁷0·
704 366 725 395 ‘
745 356 914 456 auri·
941 356 1244 456 occultari
1303 378 1344 421 a
1400 354 1715 421 Patribus’
1766 354 1951 456 iecit.
2018 363 2175 456 ‘nec
2224 356 2355 419 iam
2410 353 2810 453 pomidendis

373 434 438 483 A.
469 432 530 483 c·
554 432 664 493 ³⁸²·
705 453 725 483 ‘
741 442 1012 531 publicis
1039 464 1206 529 agns
1233 454 1571 507 contentos
1598 464 1755 519 esse,
1784 464 2280 605 ιιιειῆῐὲἶοιιῐιιωῃ
2310 465 2579 529 quoque
2614 440 2817 529 publi-

703 540 725 571 ‘
745 552 888 595 cam
931 542 1255 593 avertant:
1303 552 1382 594 ea
1425 552 1529 594 res
1566 530 1621 593 si
1662 529 1871 616 palam

705 626 726 658 ‘
747 616 958 681 alieno
985 617 1209 703 posse.’
1303 616 1488 690 Quae
1520 616 1633 681 ubi
1664 616 1913 680 obiecta
1930 638 2074 702 spes
2102 628 2219 693 est,
2242 637 2581 679 enimvero
2614 614 2819 699 indig-

703 726 860 767 num
901 703 1148 767 facinus
1197 702 1419 780 videri,
1470 724 1673 790 quum
1732 701 2191 767 conferendum
2234 701 2319 765 ad
2370 700 2820 766 redimendam

2078 528 2346 629 exsolvi·
2364 528 2639 616 plebem
2686 549 2815 591 aere

704 789 1024 853 civitatem
1053 812 1094 853 a
1125 788 1327 853 Gallis
1357 811 1583 853 aurum
1610 788 1820 865 fuerit,
1854 788 2092 853 tributo
2120 786 2529 853 collationem
2550 788 2857 852 factam:
2947 800 2948 825 ἢ

705 876 879 940 idem
927 898 1172 954 aurum,
1213 898 1296 940 ex
1342 876 1631 939 hostibus
1676 888 1952 963 captum,
1995 875 2065 937 in
2110 896 2461 961 paucorum
2509 873 2825 961 praedam

707 962 982 1027 cessisse.
1075 962 1302 1049 Itaque
1347 963 1861 1062 exsequebantur
1900 960 2289 1048 quaerendo,
2322 960 2434 1025 ubi
2464 974 2701 1025 tantae
2740 958 2825 1021 rei

707 1048 946 1113 furtum
977 1049 1435 1125 occultaretur3
1483 1048 1969 1135 differenteque‚
1990 1061 2057 1112 et
2081 1060 2367 1134 tempore
2398 1070 2519 1111 suo
2550 1070 2629 1112 se
2662 1044 2829 1109 indi-

708 1148 998 1199 caturum
1043 1134 1316 1212 dicente,
1351 1135 1579 1200 ceteris
1622 1135 1884 1211 omissis,
1926 1156 2004 1199 eo
2040 1156 2255 1199 versae
2294 1146 2482 1197 erant
2526 1133 2827 1198 omnium

709 1244 934 1286 curae:
983 1222 1326 1321 apparebat
1373 1244 1473 1298 ue,
1497 1244 1621 1286 nec
1648 1221 1781 1285 veri
1811 1220 2031 1285 indicii
2062 1220 2329 1307 gratiam
2360 1220 2680 1296 mediam,
2712 1238 2829 1281 nec

707 1307 848 1372 falsi
877 1308 1294 1373 offensionem
1349 1330 1474 1373 ore.

798 1394 902 1459 Ita
917 1417 1022 1459 sus
1107 1394 1236 1459 nsis
1257 1394 1445 1459 rebus
1473 1394 1767 1471 dictator,
1788 1394 2027 1458 accitus
2050 1394 2129 1457 ab
2158 1392 2471 1469 exercitu,
2490 1392 2565 1456 in
2592 1392 2829 1456 urbem

387 1484 618 1535 Dictator
637 1485 688 1535 in
709 1482 903 1546 venit.
1053 1494 1262 1545 ostero
1297 1480 1402 1545 die
1442 1494 1667 1545 senatu
1707 1480 1945 1557 habito,
1976 1500 2197 1567 quum,
2228 1479 2379 1543 satis
2422 1478 2829 1566 periclitatus

385 1551 556 1598 urbem
579 1550 644 1599 ad

383 1614 525 1662 citus.

709 1566 1070 1632 voluntates
1121 1567 1472 1643 hominum,
1524 1565 1849 1631 discedere
1898 1580 2188 1631 senatum
2242 1566 2323 1629 ab
2372 1587 2441 1629 se
2491 1566 2827 1632 vetuisset,

711 1654 977 1740 stipatus
1005 1676 1083 1717 ea
1111 1652 1544 1730 multitudine,
1568 1653 1723 1717 sella
1750 1653 1819 1715 in
1848 1653 2108 1717 comitio
2134 1653 2359 1739 posita,
2389 1652 2719 1716 viatorem
2748 1648 2825 1712 ad

387 1750 635 1799 Manlium
715 1738 810 1803 M.
835 1738 1154 1803 Manlium
1199 1739 1406 1804 misit:
1469 1738 1603 1827 qui,
1662 1738 1989 1803 dictatoris
2046 1738 2221 1803 iussu
2275 1753 2563 1815 vocatus,
2618 1756 2827 1825 quum

387 1820 545 1863 vocat.

709 1825 964 1923 signum
999 1826 1128 1889 suis
1163 1824 1463 1902 dedisset,
1502 1826 1721 1891 ade-e
1758 1839 2099 1903 certamen,
2141 1824 2393 1912 agmine
2440 1825 2707 1925 ingenti
2748 1820 2825 1885 ad

581 1984 598 1996 ,
710 1911 987 1975 tribunal
1031 1911 1226 1975 venit.
1321 1910 1496 1975 Hinc
1543 1928 1815 1990 senatuS,
1864 1912 2017 1976 hinc
2060 1912 2258 1999 plebs,
2310 1934 2501 1975 suum
2542 1930 2823 2012 qmsque

709 1997 1034 2062 intuentes
1061 1996 1312 2075 ducem,
1337 1998 1515 2063 velut
1543 1999 1611 2062 in
1634 1997 1767 2063 acie
1798 1999 2231 2063 constiterant.
2286 2072 2295 2082 ⁰
2321 1997 2498 2061 Tum
2520 1997 2825 2069 dictator,

709 2084 962 2149 silentio
979 2085 1164 2163 faet0,
1194 2094 1213 2122 ⁶
1238 2084 1545 2162 Utinam,’
1574 2084 1645 2149 in
1694 2086 1804 2162 uit,
1826 2094 1848 2123 ‘
1864 2085 2023 2149 mihi
2054 2084 2483 2173 Patribusque
2504 2081 2823 2149 Romanis

714 2172 846 2235 ‘ita
873 2172 956 2235 de
987 2172 1214 2238 ceteris
1241 2172 1430 2237 rebus
1459 2194 1607 2236 cum
1636 2194 1681 2258 p
1704 2172 1823 2235 ebe
1852 2172 2207 2249 conveniat,
2240 2170 2821 2259 quemadmodum,

715 2267 734 2295 ⁶
753 2258 930 2345 quod
959 2259 1042 2322 ad
1087 2272 1150 2323 te
1181 2258 1412 2323 attinet
1453 2280 1723 2344 eamque
1754 2280 1909 2335 rem,
1940 2280 2136 2409 qsuam
2165 2257 2249 2323 de
2294 2270 2357 2322 te
2386 2278 2532 2321 sum
2564 2254 2819 2352 quaesi-

715 2352 735 2381 ‘
753 2357 948 2421 turne,
970 2358 1434 2409 conventurum
1451 2344 1601 2408 satis
1622 2344 1897 2409 confido.
2100 2366 2166 2407 m
2183 2344 2415 2409 factam
2430 2366 2471 2408 a
2488 2357 2553 2408 te
2576 2344 2821 2409 civitati

714 2438 735 2468 c
750 2430 960 2509 video,
993 2430 1119 2496 fide
1167 2429 1472 2495 incolumi
1516 2450 1600 2494 ex
1644 2430 1955 2494 thesauris
2054 2429 2272 2507 allicis,
2304 2450 2465 2517 quos
2484 2432 2861 2530 ‚Pfim0ffl3
2938 2416 2944 2529 ,Ι

715 2525 736 2555 ‘
757 2516 1023 2582 Patrum
1080 2517 1420 2595 occultent,
1473 2516 1788 2581 creditum
1846 2516 2002 2581 solvi
2060 2538 2260 2604 posse.
2372 2515 2504 2582 Cu1
2726 2512 2817 2579 rei

715 2611 736 2642 ‘
755 2616 1002 2669 tantum
1031 2606 1209 2669 abest
1235 2617 1310 2669 ut
1335 2603 1799 2691 impedimento
1826 2602 1965 2680 sim,
1986 2618 2061 2668 ut
2088 2616 2311 2668 contra
2338 2616 2424 2681 te,
2456 2540 2817 2675 Meffanli,

716 2699 737 2729 ‘
753 2691 1069 2769 adhorter,
1101 2691 1329 2755 liberes
1357 2690 1575 2754 fenore
1604 2688 1857 2776 plebem
1892 2689 2285 2753 Romanamt
2334 2701 2401 2753 et
2429 2690 2602 2767 istos„
2637 2691 2817 2753 incu-

716 2784 736 2814 ‘
751 2777 975 2841 bantes
1017 2776 1287 2876 publicis
1333 2776 1663 2853 thesauriS,
1704 2798 1784 2841 ex
1824 2775 2060 2863 praeda
2104 2776 2501 2841 clandestina
2542 2777 2815 2841 evolvas.

716 2870 738 2899 ‘
761 2862 956 2936 Quod
985 2863 1106 2925 msi
1135 2862 1314 2953 sacis»,
1327 2862 1456 2927 sive
1488 2862 1665 2950 quod
1694 2875 1760 2927 et
1787 2862 1923 2949 ipse
1946 2862 2015 2927 in
2044 2876 2221 2951 parte
2227 2862 2517 3013 (praedae
2548 2862 2656 2940 εἰς»,
2688 2863 2813 2927 sive

716 2954 737 2985 ‘
799 2948 908 3010 uia
944 2969 1178 3011 vanum
1218 2948 1529 3011 indicium
1566 2962 1682 3027 est,
1714 2950 1781 3013 iu
1820 2949 2077 3014 vincula
2113 2963 2179 3013 te
2274 2950 2377 3013 uci
2406 2949 2665 3027 iubebo,
2700 2968 2813 3013 nec

717 3042 735 3070 ‘
753 2968 997 3097 diutius
1020 3032 1239 3133 patiar,
1265 3056 1304 3097 a
1321 3046 1382 3098 te
1409 3033 1888 3101 multitudinem
1908 3035 2115 3101 fallaci
2138 3059 2249 3124 spe
2270 3036 2617 3101 concitari.‘
2708 3030 2813 3099 Ad

713 3142 792 3185 ea
835 3118 1138 3197 ManliuS,
1173 3127 1193 3157 ‘
1209 3142 1330 3185 nec
1373 3142 1439 3185 se
1477 3120 1813 3199 fefellisse,’
1853 3121 1961 3199 ait,
2006 3132 2025 3161 ‘
2044 3146 2175 3188 non
2211 3121 2509 3187 adversus
2547 3121 2813 3187 Volscos

715 3216 736 3247 ‘
753 3208 941 3273 toties
998 3208 1231 3286 hosteS,
1292 3208 1543 3295 quoties
1601 3207 1898 3273 Patribus
1955 3208 2276 3297 expediat,
2336 3231 2457 3273 nec
2516 3208 2812 3273 adversus

716 3301 738 3332 ‘
759 3294 1024 3361 Latinos
1045 3294 1511 3382 Hernicosque,
1534 3318 1695 3381 quos
1715 3295 1886 3359 falsis
1915 3296 2285 3360 criminibus
2302 3294 2371 3359 in
2394 3317 2575 3359 arma
2602 3307 2808 3382 agant,

715 3388 737 3419 ‘
757 3382 870 3446 sed
894 3382 1190 3447 adversus
1219 3406 1286 3447 se
1317 3405 1390 3447 ac
1425 3382 1680 3469 plebem
1714 3380 2093 3459 Romanam,
2124 3382 2499 3447 dictatorem
2528 3398 2809 3447 creatum

715 3476 734 3506 ‘
757 3490 909 3533 esse.
986 3467 1143 3546 Iam,
1165 3468 1394 3534 omisso
1412 3468 1599 3546 bello,
1622 3468 1796 3555 quod
1814 3468 2180 3533 simulatum
2198 3470 2298 3547 sit,
2319 3469 2387 3532 in
2408 3490 2475 3533 se
2500 3468 2806 3557 impetum

781 3730 808 3777 7
843 3720 1042 3766 Tributo
1074 3722 1372 3769 οοὶἰαείοησηι
1397 3720 1617 3780 factam]
1665 3720 1727 3769 cf.
1792 3734 1889 3768 non
1922 3734 2019 3781 quo
2050 3719 2250 3781 publica
2277 3719 2505 3768 aedificia
2534 3720 2603 3768 de
2632 3720 2806 3781 integro

713 3778 855 3841 Supr.
866 3797 910 3829 v.
921 3794 997 3841 50.
1023 3782 1167 3829 Haec
1179 3784 1380 3830 minime
1395 3798 1509 3831 cum
1527 3784 1586 3831 iis
1602 3799 1728 3845 quae
1793 3790 2201 3833 construerentur.
2248 3784 2363 3831 Hac
2380 3798 2433 3831 re
2454 3798 2659 3845 quoque
2678 3784 2807 3845 plebe

713 3858 862 3905 supra
882 3843 932 3891 in
961 3844 1054 3892 loc.
1079 3844 1160 3892 cit.
1185 3845 1368 3907 scripta
1397 3854 1528 3906 sunt,
1554 3862 1727 3895 conve-
1792 3848 1946 3910 magis
1967 3854 2183 3906 onerata,
2196 3848 2329 3909 quod
2348 3846 2592 3895 tributum
2614 3856 2801 3898 uma-

711 3908 817 3955 nire
838 3908 946 3969 quis
967 3908 1161 3966 dixerit,
1193 3908 1276 3956 ubi
1307 3924 1340 3956 a
1363 3911 1598 3959 matronis
1627 3912 1725 3960 col-
1790 3914 1921 3960 rium
1955 3912 2191 3974 proximis
2220 3910 2501 3972 quindecim
2528 3912 2675 3959 annis
2703 3914 2803 3972 post

712 3972 868 4021 latum
891 3988 1064 4021 aurum
1093 3973 1157 4020 ad
1183 3973 1352 4021 urbem
1387 3974 1725 4023 redimendam
1790 3978 1962 4024 urbem
1982 3992 2013 4024 a
2030 3976 2193 4024 Gallis
2212 3981 2411 4036 captam
2433 3974 2700 4037 irrogatum
2722 3980 2801 4022 est.

711 4036 918 4085 dicitur:
947 4036 1032 4086 sed
1048 4052 1124 4086 res
1139 4037 1272 4086 clara
1285 4045 1375 4097 est,
1391 4038 1432 4087 si
1453 4038 1727 4087 Niebuhfio
1792 4040 1853 4088 cf.
1880 4040 2055 4087 Festus
2076 4054 2122 4087 v.
2149 4040 2476 4088 mutorum.

709 4102 1048 4161 assentiamus,
1077 4102 1159 4163 qui
1195 4102 1322 4150 hanc
1358 4102 1541 4150 tributo
1576 4103 1723 4150 colla-
1852 4106 1884 4151 8
1916 4104 2041 4153 Fide
2060 4104 2317 4162 incolumi]
2356 4102 2439 4151 Ita
2466 4107 2527 4150 ut
2550 4103 2801 4151 creditum

709 4165 894 4213 tionem
921 4166 1104 4214 factam
1131 4180 1235 4215 esse
1257 4172 1438 4225 censet,
1463 4172 1723 4228 postquam
1788 4166 1911 4215 nihil
1940 4183 2001 4215 ex
2028 4182 2105 4227 eo,
2127 4168 2259 4229 quod
2284 4172 2515 4214 mutuum
2546 4166 2799 4223 dedinent,

710 4229 848 4277 Galli
866 4231 986 4278 urbe
998 4236 1327 4288 excesserunt,
1341 4245 1438 4291 quo
1459 4230 1615 4303 magis
1635 4231 1723 4279 du·-
1789 4232 2087 4280 amitterent.
2118 4230 2282 4281 cuv.
2326 4231 2390 4279 cf.
2414 4230 2637 4293 Appiam.
2662 4231 2738 4280 R.
2756 4244 2795 4295 9.

711 4292 850 4351 plum
873 4293 976 4341 auri
1005 4293 1126 4341 sacri
1148 4294 1277 4353 quod
1301 4310 1360 4341 ex
1385 4294 1587 4355 templis
1610 4308 1723 4341 con·
1792 4297 1907 4344 Ital.
1930 4310 1979 4358 p.
2004 4310 2081 4357 4⁰·

709 4354 940 4411 quisitum
971 4362 1092 4413 erat,
1129 4356 1238 4402 Diis
1281 4357 1579 4415 redderetur,
1612 4372 1723 4405 nec-

2940 2549 2942 2575 ι

2941 2584 2944 2626 1
