3000 4784
453 522 520 574 U.
545 525 602 574 C.
631 536 672 587 7.

451 589 510 636 A.
545 590 603 638 C.
631 603 735 652 745.

451 653 560 727 P.¹²¹
587 669 756 703 conve-

449 722 535 764 mt.

453 950 674 1006 Quirites

450 1016 580 1062 unde
601 1016 734 1065 dicti.

547 2243 624 2302 14

445 2325 512 2374 U.
538 2327 595 2374 C.
625 2287 696 2374 ια.

444 2390 503 2437 A.
539 2391 595 2438 C.
623 2403 729 2452 740.

442 2453 502 2501 T.
529 2453 661 2502 Tatii

441 2532 584 2568 mors.

787 203 860 260 18
1552 195 1773 260 ΤῙΤῙ
1834 195 2101 260 LIVII

781 341 798 372 ‘
817 355 932 398 nos
991 333 1322 398 vulnerum
1380 355 1454 396 ac
1512 331 1803 397 caedium
1860 333 2009 396 viris
2072 356 2146 398 ac
2204 335 2569 422 parentibus
2626 357 2873 400 sumus.
2946 353 2948 416 ζ

779 429 797 456 ‘
817 419 1056 484 Melius
1100 420 1467 506 peribimuS,
1506 442 1695 506 quam
1742 419 1877 482 sine
1918 420 2126 484 alteris
2162 434 2441 486 vestrum
2476 421 2715 486 viduae
2766 435 2879 486 aut

778 513 798 543 ‘
815 508 1001 570 orbae
1031 506 1352 571 vivemus?
1415 505 1641 570 Movet
1669 529 1769 570 res
1798 518 1935 569 tum
1962 506 2453 584 multitudinem,
2478 520 2616 572 tum
2648 509 2875 574 duces·

780 591 1118 657 Silentium
1162 606 1227 657 et
1271 615 1340 656 re
1425 593 1606 656 ntina
1644 593 1717 656 fit
1756 593 1954 678 quieS.
2045 591 2207 658 Inde
2242 594 2325 658 ad
2362 594 2584 658 foedus
2624 594 2877 660 facien-

775 679 929 744 dum
973 679 1167 744 duces
1206 702 1321 766 pro
1367 693 1559 744 eunt:
1608 703 1727 743 nec
1770 703 1993 767 pacem
2036 681 2243 758 mod0‚
2287 681 2400 745 sed
2436 694 2503 746 et
2539 681 2875 746 civitatem

775 789 970 830 unam
1017 789 1098 830 ex
1143 766 1391 831 duabus
1436 765 1711 830 faciunt:
1762 789 2030 852 regnum
2076 768 2470 831 consociant:
2520 768 2611 832 im
2700 770 2875 832 rium

776 875 963 916 omne
1015 852 1347 917 conferunt
1386 851 1677 916 Romam.
1768 853 1869 916 Ita
1916 855 2236 940 geminata
2279 856 2454 932 urbe,
2494 867 2567 918 ut
2658 856 2874 919 abinis

777 952 990 1003 tamen
1019 939 1262 1026 aliquid
1291 939 1565 1015 daretur,
1604 939 1887 1014 Quirites
1918 963 1955 1003 a
1988 939 2265 1004 Curibus
2304 963 2341 1004 a
2386 941 2619 1027 pellati.
2716 941 2871 1006 Mo·
2890 969 2914 1016 3

773 1039 1153 1090 numentum
1183 1026 1318 1089 eius
1393 1047 1617 1110 ugnae,
1650 1027 1759 1090 ubi
1794 1027 2071 1112 primum
2110 1050 2193 1090 ex
2230 1049 2345 1113 pro
2374 1027 2544 1092 unda
2581 1051 2871 1093 emersus

773 1112 1004 1198 palude
1067 1135 1269 1199 equus
1388 1113 1625 1176 urtium
1678 1112 1746 1176 in
1798 1112 1961 1176 vado
2014 1113 2249 1190 statuit,
2302 1113 2601 1178 Curtium
2650 1115 2870 1179 lacum
2888 1133 2915 1173 4

773 1223 812 1262 a
899 1199 1186 1263 ellat-unt.

810 1223 854 1286 p
923 1309 964 1349 x
1008 1285 1177 1352 bello
1219 1300 1346 1351 tam
1389 1285 1551 1350 tristi
1598 1285 1765 1358 laeta
1800 1298 2063 1372 repente
2114 1309 2240 1373 pax
2285 1288 2555 1352 cariores
2596 1287 2869 1354 Sabinas
2947 1367 2948 1370 Ἴ

773 1373 920 1436 viris
977 1396 1051 1436 ac
1109 1374 1492 1460 parentibu8‚
1554 1385 1620 1436 et
1676 1385 1823 1436 ante
1882 1396 2101 1437 omnes
2154 1373 2430 1438 Romulo
2487 1374 2627 1462 ipsi,
2688 1375 2863 1439 fecit.
2947 1395 2948 1416 ³

774 1459 1018 1546 Itaque,
1051 1483 1250 1545 quum
1279 1459 1589 1547 populum
1623 1458 1691 1522 in
1721 1460 1922 1524 curias
1952 1472 1979 1523 t
2014 1461 2026 1472 '
2080 1460 2211 1524 'nta
2238 1459 2567 1538 divideret,
2600 1463 2867 1526 nomina

772 1568 986 1609 earum
1017 1547 1206 1609 curiis
1235 1545 1551 1634 imposuit.
1643 1545 1722 1608 Id
1756 1568 1885 1610 non
1916 1559 1976 1610 tr
2058 1546 2203 1624 itur,
2235 1569 2433 1633 quum
2460 1547 2635 1612 haud
2662 1549 2901 1613 dubies
2947 1541 2948 1552 ¹

773 1630 1096 1716 aliquanto
1133 1655 1434 1696 numerus
1472 1632 1671 1695 maior
1711 1631 1833 1696 hoc
1879 1632 2215 1696 mulierum
2260 1633 2467 1711 fucrit,
2508 1647 2736 1712 aetate,
2778 1659 2863 1699 an

771 1717 1185 1803 dignitatibus
1228 1718 1356 1781 suis
1383 1718 1757 1794 virorumve,
1790 1741 1873 1782 an
1916 1731 2079 1782 sorte
2119 1719 2319 1784 lectae
2363 1721 2507 1798 sint,
2539 1744 2704 1820 quae
2746 1745 2861 1786 no-

771 1803 946 1868 mina
1003 1804 1191 1868 curiis
1239 1804 1481 1869 darent.
1577 1803 1823 1869 Eodem
1882 1817 2165 1894 tempore
2226 1819 2291 1870 et
2349 1820 2671 1872 centuriae
2734 1821 2859 1872 tres

771 1891 916 1976 equi
927 1903 1060 1955 tum
1099 1892 1486 1978 conscriptae
1526 1903 1693 1968 sunt,
1728 1891 2121 1956 Ramnenses
2155 1893 2235 1957 ab
2266 1892 2563 1970 Romulo,
2592 1894 2673 1958 ab
2704 1895 2857 1958 Tito
2872 1903 2899 1952 6

774 1976 963 2040 Tatio
1015 1977 1332 2042 Titienses
1383 1977 1698 2065 appellati.
1789 1977 2109 2042 Lucerum
2155 1979 2429 2043 nominis
2486 1994 2552 2044 et
2594 1981 2898 2067 originisr

773 2085 961 2128 causa
988 2064 1228 2128 incerta
1257 2077 1366 2128 est.

860 2148 1019 2214 Inde
1068 2173 1196 2215 non
1243 2151 1434 2215 modo
1478 2173 1834 2227 commune,
1874 2151 1988 2214 sed
2030 2173 2288 2217 concors
2330 2154 2542 2230 etiam,
2588 2175 2854 2242 regnum

770 2235 1018 2302 duobus
1063 2237 1315 2323 regibus
1364 2237 1502 2301 fuit.
1593 2237 1747 2301 Post
1785 2237 2027 2324 aliquot
2068 2261 2265 2303 annos
2308 2240 2649 2328 propinqui
2692 2242 2853 2328 regis

772 2322 944 2386 Tatii
967 2323 1205 2412 legatos
1227 2323 1646 2388 Laurentium
1667 2323 1952 2410 pulsant:
1986 2348 2311 2424 quumque
2337 2325 2689 2392 Laurentes
2718 2328 2850 2392 iure

767 2410 1054 2496 gentium
1085 2423 1364 2497 agerent,
1389 2434 1428 2475 a
1472 2410 1561 2474 ud
1584 2410 1846 2474 Tatium
1866 2425 2067 2497 grana
2092 2433 2349 2476 suorum
2378 2426 2445 2476 et
2471 2435 2691 2500 preces
2712 2414 2849 2514 plus

765 2509 1074 2582 poterant.
1230 2497 1356 2562 itur
1384 2496 1426 2560 il
1455 2520 1635 2562 orum
1666 2519 1936 2584 poenam
1966 2498 2035 2561 in
2064 2520 2130 2562 se
2150 2499 2372 2563 vertit:
2406 2523 2555 2564 nam
2578 2499 2845 2576 Lavmii,

767 2606 967 2669 quum
1012 2584 1093 2648 ad
1135 2607 1205 2649 so
1255 2607 1420 2649 enne
1459 2585 1837 2649 sacrificium
1876 2607 1955 2649 eo
1994 2585 2285 2662 venisset,
2318 2609 2629 2650 concursu
2665 2586 2844 2664 fact0,

763 2669 1154 2735 interficitur.
1250 2670 1411 2735 Eam
1461 2693 1599 2734 rem
1648 2671 1857 2734 minus
1902 2693 2108 2757 aegre,
2149 2695 2341 2757 quam
2384 2672 2651 2759 dignum
2697 2687 2841 2749 erat,

831 2885 860 2930 3
893 2871 1132 2929 Quirites]
1170 2871 1214 2918 A
1231 2870 1442 2918 Gur-ibus
1457 2870 1676 2925 Quirites
1691 2885 1775 2932 ap-

1842 2871 2116 2921 Niebuhrio
2151 2873 2293 2922 aliter
2325 2876 2481 2924 visum
2512 2881 2603 2935 est,
2624 2882 2681 2925 ut
2710 2877 2842 2926 infra.

765 2933 938 2994 pellari
981 2935 1128 2996 paulo
1171 2934 1338 2981 durius
1375 2933 1581 2992 videtur,
1618 2949 1778 2996 neque
1842 2935 1919 2984 cf.
1944 2937 2047 2986 Cic.
2070 2939 2133 2986 de
2156 2939 2285 3000 Rep.
2308 2939 2357 2988 ii.
2380 2941 2425 2988 8.

763 2997 939 3046 melius
966 3013 998 3045 a
1027 2999 1212 3056 Quivis,
1231 2997 1386 3044 hasta.
1425 2997 1486 3044 cf.
1512 2997 1561 3045 N
1566 2998 1716 3046 iebhr.
1738 2998 1770 3046 i.

763 3077 811 3124 p.
836 3063 946 3122 285,
964 3061 1047 3122 qui
1068 3075 1244 3108 nomen
1268 3076 1300 3108 a
1316 3062 1486 3118 Quirio
1507 3061 1773 3109 deductum

763 3125 965 3184 iudicat,
987 3125 1169 3188 oppido
1191 3124 1240 3174 in
1271 3131 1437 3172 monte
1459 3125 1667 3187 Agonali
1690 3127 1775 3174 Sa-

762 3190 1004 3249 binorum,
1025 3190 1200 3251 quibus
1219 3204 1306 3237 arx
1325 3189 1624 3252 Capitolium
1642 3197 1760 3238 erat.

825 3273 855 3315 4
891 3255 1114 3303 Curtium
1137 3255 1318 3326 lacum]
1360 3253 1523 3302 Aliam
1546 3255 1609 3302 de
1630 3254 1775 3302 huius

761 3319 1105 3380 appellationis
1120 3319 1302 3381 origine
1315 3318 1594 3381 opinionem
1614 3324 1773 3366 narrat

764 3381 949 3438 Livius,
973 3382 1050 3430 vii.
1074 3381 1120 3432 6.

835 3459 862 3508 5
898 3447 1064 3495 Curiis
1099 3447 1350 3508 imposuit]
1425 3446 1646 3496 Nomina
1676 3447 1773 3496 Cu-

761 3510 939 3558 riamm
971 3510 1101 3558 bello
1123 3510 1303 3559 Sabino
1330 3510 1603 3572 antiquiora
1626 3511 1773 3558 fuisse

762 3574 952 3636 scripsit
985 3573 1244 3622 Terentius
1279 3575 1453 3635 Varro,
1489 3580 1614 3623 teste
1652 3575 1769 3623 Dio-

761 3637 930 3699 nysio:
976 3653 1134 3700 neque
1172 3639 1463 3688 Plutarchus
1504 3638 1629 3687 Livii
1664 3653 1769 3687 sen-

759 3700 964 3749 tentiam
999 3702 1325 3764 amplectitur.
1391 3703 1769 3752 Wachsmuthio

761 3766 924 3826 placet
952 3767 1189 3828 populum
1217 3767 1427 3824 Romuli,
1457 3773 1511 3814 ut
1543 3767 1643 3827 qui,
1677 3767 1769 3814 La-

759 3830 866 3876 tina
896 3829 1045 3891 stirpe
1067 3830 1313 3888 oriundus,
1332 3829 1529 3892 triginta
1550 3831 1769 3879 civitates

763 3892 963 3940 Latinas
1001 3895 1336 3953 adumbrabat,
1369 3894 1420 3942 in
1457 3895 1652 3956 triginta
1688 3911 1767 3943 cu-

759 3955 871 4015 rias,
883 3971 971 4004 sua
983 3971 1226 4018 quamque
1242 3972 1377 4006 sacra
1391 3964 1441 4005 et
1457 3959 1771 4007 caerimonias

761 4020 1041 4078 habentem,
1057 4021 1196 4068 initio
1216 4022 1513 4084 descriptum
1534 4022 1694 4081 misse,
1717 4029 1767 4071 et

761 4085 982 4133 curiones
1016 4085 1214 4146 singulis
1252 4085 1463 4147 singulos
1500 4087 1768 4147 praefectos

759 4149 1769 4274 fffl.q¹?.⁶;⁰.2215?305333.¹2‘.332¹3..23

759 4278 1018 4326 militarem
1051 4277 1271 4336 selectos,
1293 4277 1376 4338 qui
1397 4278 1527 4326 cives
1554 4277 1603 4325 in
1636 4279 1767 4327 bella

759 4342 1008 4400 ducerent,
1060 4349 1114 4389 ut
1169 4341 1434 4404 Dionysius
1495 4343 1765 4392 somniavit.

1898 2998 1930 3048 6
1953 3001 2214 3051 Centurioe
2229 3011 2327 3051 tres
2346 3005 2587 3067 equitum]
2614 3004 2843 3063 Eaedem,
2947 2989 2948 2998 ἵ

1838 3079 1962 3124 quae
1990 3064 2143 3114 tribus
2166 3067 2439 3115 Romuleae
2464 3069 2625 3116 dictae
2658 3075 2784 3128 sunt,
2804 3070 2840 3117 si

1842 3127 2274 3178 Wachsmuthium
2300 3131 2571 3191 audiamus,
2592 3133 2674 3194 qui
2699 3134 2841 3182 Grae-

1841 3191 1973 3240 vium
2006 3193 2071 3240 ad
2092 3193 2224 3243 Flor.
2254 3195 2285 3243 i.
2314 3207 2341 3256 5
2374 3195 2604 3256 sequitur,
2624 3199 2657 3224 ‘⁴
2674 3198 2841 3260 Itaque

1837 3260 1935 3304 tres
1965 3256 2079 3304 illae
2110 3259 2263 3306 tribus
2296 3265 2345 3306 et
2378 3260 2566 3321 pedites
2590 3265 2640 3308 et
2662 3263 2840 3323 equites

1838 3320 2179 3369 continebant:
2204 3323 2289 3370 sed
2306 3323 2597 3385 procedente
2611 3329 2837 3388 tempore,

1838 3383 1887 3432 id
1926 3399 2104 3432 nomen
2141 3386 2257 3434 solis
2290 3387 2516 3434 centuriis
2547 3389 2838 3449 equestribus

1838 3447 2007 3497 haesit.
2064 3449 2211 3506 Quae
2228 3465 2373 3498 causa
2388 3456 2462 3500 est
2478 3466 2563 3500 cur
2577 3467 2609 3500 a
2626 3452 2762 3502 Van.
2779 3455 2837 3502 de

1838 3510 1895 3560 L.
1922 3511 1978 3560 L.
2008 3513 2071 3561 iv,
2102 3527 2147 3576 9.
2184 3514 2313 3562 Flor.
2346 3515 2439 3563 loc.
2472 3515 2553 3564 cit.
2587 3521 2639 3564 et
2666 3517 2835 3566 Ascon.

1835 3575 1885 3623 in
1906 3577 2012 3624 Cic.
2038 3576 2176 3626 Verr.
2206 3577 2273 3626 iii.
2305 3589 2332 3640 5
2364 3593 2460 3626 non
2490 3581 2735 3628 centuriae
2757 3583 2833 3629 sed

1832 3639 1986 3688 tribus
2005 3640 2279 3690 dicantur.'’
2344 3641 2451 3691 Liv.
2473 3658 2522 3691 x.
2544 3641 2591 3692 6.

1901 3715 1927 3764 7
1960 3705 2195 3764 Duceru]
2266 3706 2363 3754 Vel
2400 3705 2649 3766 Lucertes,
2681 3723 2713 3756 a
2744 3708 2831 3756 Lu-

1836 3783 1944 3815 cere
1987 3767 2087 3816 sive
2124 3767 2329 3827 Lucero,
2363 3771 2545 3832 oppido
2587 3771 2639 3819 in
2675 3780 2833 3820 monte

1832 3831 2005 3880 Coelio
2028 3833 2345 3890 Albanorum,
2366 3840 2422 3881 ut
2444 3833 2671 3884 Tiburtes
2698 3852 2729 3884 a
2754 3837 2831 3885 Ti—

1834 3897 1968 3954 bure,
2007 3896 2057 3944 N
2061 3897 2212 3946 iebhr.
2295 3897 2637 3947 Wachsmuth.
2670 3905 2719 3948 ot
2748 3902 2831 3949 Aa

1832 3961 1965 4009 nold.
2009 3975 2041 4008 a
2093 3960 2397 4020 Lucumone,
2450 3964 2575 4012 duce
2618 3963 2829 4024 Etrusco,

1830 4025 2117 4073 Ciceronem
2140 4027 2202 4074 de
2224 4027 2351 4088 Rep.
2375 4026 2425 4076 ii.
2449 4028 2497 4086 8,
2518 4028 2685 4077 secuti.
2740 4028 2827 4077 Lu-

1830 4103 1991 4146 cumo,
2022 4088 2153 4138 idem
2188 4091 2269 4152 qui
2304 4090 2479 4139 Coeles
2502 4091 2725 4140 Vibenna
2752 4108 2827 4168 ap.

1832 4151 1951 4201 Tac.
1976 4153 2103 4202 Anu.
2126 4153 2188 4202 iv.
2212 4153 2290 4216 65.
2356 4155 2434 4204 cf.
2458 4156 2581 4204 Tab.
2604 4155 2755 4219 Lugd.
2780 4171 2826 4205 ιιι

1832 4215 1991 4265 Tacit.
2022 4217 2116 4265 Ed.
2150 4218 2282 4280 Lips.
2312 4218 2394 4266 fol.
2428 4234 2477 4280 p.
2502 4221 2608 4280 528.
2644 4220 2825 4270 Gruter.

1832 4280 1983 4330 Inscr.
2002 4297 2048 4342 p.
2068 4295 2161 4331 nn.
2211 4281 2385 4330 Festus
2405 4297 2449 4331 v.
2473 4283 2672 4333 Coelius
2691 4285 2826 4334 Mons

1830 4349 1881 4392 et
1906 4343 2212 4394 Lucci-enses.
2248 4346 2388 4396 Varr.
2412 4347 2475 4394 de
2498 4346 2556 4396 L.
2580 4347 2639 4398 L.
2662 4349 2719 4398 iv.
2740 4365 2783 4416 9.
