3000 4784
699 218 829 281 684
1470 210 1700 278 ΤΙΤῙ
1757 210 2028 278 LIVII

380 361 448 411 U·
472 361 531 412 C·
554 371 665 423 457-
703 351 853 417 Fuit
896 365 1069 418 certe
1114 349 1439 416 contentio
1484 351 1558 415 in
1601 362 1862 428 senatu3
1907 361 1994 427 et,
2038 360 2378 436 postquam
2421 347 2514 414 ibi
2558 346 2803 413 Fabius

377 427 439 476 A.
470 427 529 476 ⁰·
553 437 665 490 ²95·
702 438 846 540 plus
872 450 1139 526 poterat,
1166 449 1457 502 revocata
1482 459 1584 502 res
1611 435 2018 537 adpopulum
2045 448 2158 500 est.
2249 434 2330 500 In
2359 435 2701 512 concione,
2731 447 2804 497 ut

704 538 873 590 mter
912 523 1211 590 militares
1249 524 1436 602 viros,
1482 536 1552 588 et
1591 523 1771 589 factis
1819 523 2050 610 potina,
2091 545 2284 609 quam
2325 521 2537 599 dictis,
2575 521 2800 596 steten.

709 631 913 700 pauca
946 611 1139 676 verba
1175 611 1425 676 habitat
1473 610 1723 688 Fabius,
1757 618 1778 648 ‘
1797 633 1993 697 quam
2029 611 2316 676 arborem
2353 607 2804 684 censer-fimet,

704 699 821 764 sub
862 721 939 763 ea
969 697 1180 784 legere
1221 697 1415 762 alium
1454 697 1755 774 fmctum,
1795 697 2133 784 indignum
2177 696 2352 774 esse}
2389 695 2650 770 dicere3
2701 703 2724 734 ‘
2737 715 2804 758 se

708 793 728 824 ‘
746 783 1061 872 aperuisse
1096 782 1442 849 Ciminiam
1471 783 1713 861 silvam,
1733 785 2028 870 viamque
2045 805 2162 870 per
2187 782 2406 847 devios
2431 781 2637 848 salma
2671 779 2810 846 Ro-

708 879 729 912 ‘
748 893 937 936 mano
965 869 1135 935 bello
1153 870 1391 936 fecisse.
1486 869 1668 946 Quid
1687 893 1754 934 se
1783 869 1854 934 id
1869 869 2090 934 aetatis
2105 868 2572 946 sollicitassent,
2591 867 2651 934 si
2683 867 2808 932 alio
2827 894 2846 928 1

708 967 728 996 ‘
744 957 907 1022 duce
930 956 1171 1022 bellum
1198 958 1436 1045 gesturi
1458 969 1668 1022 essent
1681 959 1712 1022 Ρ
1756 955 2080 1021 Nimirum
2098 955 2532 1020 adversarium
2559 977 2652 1032 se,
2671 973 2808 1019 non

706 1053 729 1084 ‘
744 1044 986 1109 socium
1030 1043 1299 1131 imperii,
1334 1043 1599 1132 legisse,'
1641 1044 1872 1108 sensim
1913 1042 2279 1130 exprobrat:
2345 1050 2367 1080 ‘
2382 1053 2452 1108 et
2497 1041 2806 1106 invidisse
2824 1068 2852 1101 2

710 1140 730 1170 6
752 1131 1027 1196 Decium
1058 1129 1477 1196 concordibus
1505 1129 1782 1217 collegiis
1811 1130 2046 1195 tribus)
2131 1129 2481 1206 Posti-eme,
2519 1137 2544 1167 6
2561 1152 2632 1194 se
2665 1143 2810 1194 ten·

712 1226 733 1256 ‘
754 1217 904 1283 dere
926 1217 1089 1282 nihil
1116 1217 1298 1294 ultra,
1322 1239 1517 1304 quam
1546 1229 1636 1294 ut,
1659 1218 1711 1280 si
1734 1239 1800 1282 se
1823 1217 2090 1302 dignum
2117 1215 2442 1303 provincia
2459 1215 2806 1289 ducerent,

716 1313 735 1344 6
755 1305 825 1368 in
854 1327 995 1368 eam
1022 1304 1381 1369 mitterent:
1430 1305 1497 1367 in
1521 1317 1774 1368 senatus
1801 1304 2058 1368 arbitrio
2087 1326 2154 1368 se
2181 1301 2392 1379 fuime,
2423 1315 2494 1366 et
2523 1301 2598 1366 in
2619 1315 2810 1390 pote-

713 1400 736 1431 ‘
754 1404 914 1456 state
944 1389 1165 1479 populi
1190 1390 1514 1455 fiiturum?
1601 1389 1674 1454 P.
1701 1390 1943 1454 Decius
1971 1403 2222 1454 senatus
2239 1388 2544 1454 iniuriam
2575 1411 2808 1476 quere·

711 1479 894 1543 batur
908 1503 927 1542 ι
978 1486 998 1517 6
1012 1477 1225 1564 quoad
1252 1477 1594 1564 potuerint,
1625 1476 1845 1542 Patres
1873 1476 2144 1554 anniane,
2172 1499 2254 1540 ue
2289 1475 2564 1562 plebeiis
2591 1475 2808 1541 aditm

714 1573 734 1603 ‘
752 1564 833 1629 ad
864 1587 1125 1652 magnos
1152 1564 1423 1629 honores
1451 1577 1647 1628 esset:
1695 1575 2028 1651 postquam
2057 1562 2193 1651 ipsa
2211 1562 2410 1628 virtus
2435 1562 2804 1649 pervicerit,

712 1658 733 1691 6
754 1673 836 1716 ne
894 1651 962 1714 in
1022 1650 1151 1716 ullo
1196 1673 1429 1738 genere
1487 1650 1818 1715 hominum
1875 1649 2254 1714 inhonorata
2304 1663 2491 1726 esset,
2603 1648 2804 1724 uteri,

711 1744 731 1775 ‘
750 1736 1289 1823 quemadmodum
1328 1737 1506 1800 irrita
1529 1737 1660 1801 sint
1695 1739 1828 1801 hon
1855 1736 2150 1823 suffiugia
2179 1735 2372 1801 modo
2405 1758 2544 1822 pop
2616 1735 2661 1813 ⁶,
2691 1733 2805 1800 sed

709 1831 729 1861 ‘
748 1823 1005 1886 arbitria
1030 1822 1221 1886 etiam
1249 1823 1558 1900 fortunae,
1582 1836 1647 1887 et
1675 1823 1744 1887 in
1772 1845 2118 1910 paucorum
2145 1833 2526 1910 potestatem
2547 1835 2806 1888 vertan-

705 1918 724 1947 ‘
744 1921 862 1972 tur.
956 1907 1199 1973 Omnes
1250 1921 1395 1972 ante
1440 1932 1510 1973 se
1553 1909 1846 1974 consules
1890 1908 2140 1974 sortitos
2181 1908 2576 2009 provinciam
2621 1931 2800 1984 esse;

706 2003 726 2032 6
746 2015 919 2058 nunc
966 2006 1147 2058 extra
1184 2007 1414 2060 sortem
1456 1995 1654 2060 Fabio
1697 2009 1987 2061 senatum
2029 1994 2417 2083 provmciam
2459 1995 2636 2062 dare.
2735 1993 2804 2061 Si

704 2090 727 2120 6
747 2081 1003 2146 honoris
1025 2080 1161 2146 eius
1176 2103 1397 2146 causa:
1445 2082 1536 2148 ita
1555 2105 1706 2147 eum
1721 2083 1802 2147 de
1817 2107 1905 2160 se,
1926 2083 2134 2171 deque
2153 2082 2480 2169 republica
2493 2083 2804 2148 meritum

706 2178 727 2206 6
748 2191 905 2245 esse,
935 2181 1009 2233 ut
1026 2168 1233 2233 faveat
1265 2169 1346 2245 Q,
1370 2169 1549 2234 Fabii
1577 2169 1830 2257 gloriae,
1855 2192 2018 2256 quae
2048 2169 2237 2234 modo
2263 2191 2398 2234 non
2425 2191 2546 2234 sua
2571 2184 2800 2236 contu-

709 2262 730 2293 ‘
749 2254 941 2320 melia
990 2255 1337 2342 splendeat.
1431 2255 1562 2320 Cui
1620 2269 1832 2320 autem
1889 2255 2157 2320 dubium
2214 2277 2370 2334 esse,
2418 2255 2536 2320 ubi
2594 2279 2804 2322 unum

705 2351 727 2380 ‘
748 2341 983 2406 bellum
1012 2341 1097 2406 sit
1122 2365 1413 2429 asperum
1434 2365 1510 2406 ac
1539 2341 1812 2419 difficile,
1833 2365 2032 2430 quum
2059 2342 2130 2407 id
2150 2342 2332 2406 altefi
2359 2355 2541 2406 extra
2561 2361 2802 2408 sortem

708 2438 728 2468 ‘
750 2427 1107 2506 mandetur,
1173 2429 1285 2493 uin
1315 2429 1473 2494 alter
1498 2429 1720 2494 consul
1738 2452 1852 2516 pro
1875 2451 2336 2530 supervacaneo
2355 2442 2553 2530 atque
2585 2429 2804 2495 inutili

706 2523 726 2552 ‘
741 2514 1089 2580 habeatur?
1203 2515 1408 2580 loriari
1436 2515 1700 2580 Fabium
1722 2516 1910 2581 rebus
1938 2539 2006 2580 1n
2033 2515 2286 2580 Etruria
2306 2529 2516 2602 gestis·
2610 2516 2803 2582 Velle

706 2611 725 2640 ‘
742 2616 809 2665 et
831 2600 903 2665 P.
925 2600 1203 2666 Decium
1219 2601 1497 2689 gloriari:
1547 2616 1612 2666 et
1631 2601 1906 2680 forsitan,
1928 2625 2118 2689 quem
2138 2601 2242 2666 ille
2261 2603 2561 2667 obrutum
2579 2602 2804 2690 ignem

706 2697 726 2726 ‘
744 2687 1091 2774 reliquerit,
1138 2689 1230 2753 ita
1274 2701 1346 2752 ut
1395 2689 1582 2753 toties
1624 2689 1864 2753 novum
1909 2711 1992 2754 ex
2035 2689 2374 2777 improviso
2421 2689 2803 2756 incendium

706 2784 723 2812 6
746 2773 942 2852 daret,
968 2797 1117 2840 eum
1138 2798 1204 2840 se
1223 2777 1700 2840 exstincturum.
1788 2775 2118 2841 Postremo
2137 2799 2206 2840 se
2223 2775 2502 2863 collegae
2519 2775 2803 2842 honores

706 2869 725 2898 ‘
743 2861 1151 2947 praemiaque
1202 2883 1644 2926 concessurum
1691 2861 2074 2927 verecundia
2131 2862 2352 2928 aetatis
2403 2863 2539 2927 eim
2600 2865 2803 2929 maie·-

706 2953 727 2982 ‘
747 2947 1086 3033 statisque3
1132 2969 1331 3033 quum
1360 2948 1732 3034 periculum,
1763 2971 1963 3036 quum
1991 2949 2314 3015 dimicatio
2339 2949 2666 3036 proposita
2691 2952 2798 3029 sit,

706 3041 724 3068 6
742 3053 949 3117 neque
968 3032 1194 3116 cedere
1212 3056 1327 3098 sua
1341 3049 1585 3120 sponte,
1607 3059 1688 3100 ne
1737 3059 1816 3100 ue
1835 3058 2173 3101 cessurum.
2239 3034 2344 3112 Et,
2365 3037 2420 3100 si
2437 3035 2600 3100 nihil
2619 3036 2800 3102 aliud

707 3127 727 3158 6
748 3141 929 3184 exeo
958 3119 1297 3185 certamine
1322 3119 1556 3199 tulerit,
1575 3059 1736 3186 illud
1751 3136 1922 3187 certe
1947 3122 2240 3201 latui-um,
2265 3136 2356 3200 ut,
2377 3122 2550 3210 quod
2657 3125 2798 3210 puli

708 3215 725 3244 ‘
742 3206 841 3284 sit,
854 3205 1124 3307 populus
1140 3207 1353 3273 iubeat
1368 3207 1598 3294 potina,
1609 3232 1802 3296 quam
1819 3209 2039 3274 Patres
2129 3210 2506 3275 atificentur.
2569 3146 2800 3275 ffvem

705 3302 725 3331 ‘
744 3309 1055 3381 opt1mum
1083 3295 1429 3360 maximum
1470 3294 1751 3382 deosque
1781 3231 2165 3360 immortales
2191 3319 2258 3362 se
2299 3297 2564 3383 precari,
2597 3308 2672 3360 ut
2705 3298 2800 3362 ita

706 3389 725 3418 6
744 3393 977 3447 sortem
1006 3403 1273 3468 aequam
1304 3381 1421 3445 sibi
1452 3403 1600 3445 cum
1629 3381 1870 3468 collega
1899 3382 2074 3459 dent,
2105 3383 2159 3446 si
2189 3383 2460 3448 eandem
2487 3383 2798 3449 virtutem

702 3475 726 3506 6
744 3466 1231 3554 felicitatemque
1255 3468 1321 3532 in
1341 3467 1509 3532 bello
1526 3466 2022 3536 administrando
2039 3468 2250 3533 daturi
2265 3471 2412 3534 sint.
2507 3468 2708 3534 Certe
2727 3471 2794 3535 id

705 3561 725 3589 ‘
747 3567 814 3616 et
830 3568 1055 3619 natura
1076 3577 1369 3641 aequum,
1394 3567 1459 3619 et
1476 3554 1772 3641 exemplo
1789 3554 1944 3619 utile
1961 3578 2115 3633 esse,
2135 3571 2199 3621 et
2215 3555 2300 3620 ad
2316 3557 2548 3621 famam
2567 3555 2794 3644 populi

702 3645 726 3675 ‘
746 3637 1027 3703 Romani
1076 3641 1413 3728 pertinere,
1465 3663 1574 3706 eos
1620 3642 1909 3707 consules
1957 3665 2114 3720 esse,
2167 3665 2440 3730 quorum
2489 3642 2794 3709 utrolibet

704 3731 725 3761 ‘
744 3722 907 3787 duce
956 3724 1191 3790 bellum
1240 3727 1578 3792 Etruscum
1619 3729 1755 3816 geri
1801 3741 1968 3794 recte
2015 3730 2250 3816 possit)
2335 3729 2584 3810 Fabius,
2625 3729 2789 3794 nihil

700 3808 875 3875 aliud
914 3823 1203 3897 precatus
1241 3814 1570 3898 populum,
1601 3839 1794 3902 quam
1838 3828 1912 3880 ut
1941 3817 2134 3903 priuS,
2167 3839 2360 3903 quam
2398 3817 2567 3881 intro
2600 3839 2787 3881 voca-

696 3909 918 3966 rentur
946 3897 1028 3962 ad
1054 3897 1421 3984 suffragium
1450 3901 1671 3978 tribus,
1697 3901 1824 3989 Ap.
1855 3901 2112 3968 Claudii
2131 3903 2440 3991 praetoris
2465 3902 2686 3969 allatas
2705 3927 2788 3969 ex

766 4185 783 4218 ι
820 4173 885 4219 Se
926 4174 981 4219 ia
1018 4174 1217 4231 aetatis]
1264 4173 1395 4222 Cum
1440 4187 1500 4220 ea
1541 4177 1704 4221 aetate
1765 4187 1853 4235 gas
1885 4175 2059 4223 eadem
2095 4174 2353 4224 concordia
2383 4174 2511 4223 inter
2541 4189 2594 4224 se
2623 4189 2786 4239 agere,

692 4233 771 4282 sit.
804 4234 866 4282 cf.
884 4234 989 4282 Cic.
1012 4236 1075 4282 de
1098 4236 1181 4283 Or.
1205 4236 1236 4284 i.
1261 4233 1337 4296 46.
1374 4235 1513 4284 Verr.
1535 4234 1569 4284 i.
1594 4233 1672 4284 26.
1767 4251 1866 4298 qua
1899 4239 2022 4287 duos
2052 4237 2153 4287 iam
2183 4239 2468 4289 consulatus
2495 4239 2644 4290 simul
2681 4255 2784 4304 gu-

760 4311 787 4342 2
820 4299 1062 4346 Invidisse
1082 4299 1315 4358 Decium]
1354 4298 1585 4347 Noluisse
1602 4299 1704 4348 De-
1767 4299 1953 4351 sissent.
1987 4303 2152 4354 cmv.

690 4355 840 4415 cium,
862 4359 1006 4406 tertio
1040 4364 1144 4408 tum
1176 4360 1229 4409 in
1264 4363 1522 4412 consulatu
1557 4363 1703 4411 colle-
2961 4349 2963 4464 Ι
