3000 4784
477 561 610 657 T.
701 561 1119 660 LIVII
1213 561 2000 662 PATAVINI

877 854 1399 937 LIBER
1496 855 1617 938 Π.

1051 1115 1441 1154 ⁶·-—-··——-

201 1340 615 1489 LIBERI
659 1344 784 1408 iam
835 1343 986 1415 hinc
1036 1341 1260 1431 populi
1308 1341 1587 1418 Romani
1629 1363 1749 1420 reS,
1840 1363 1951 1406 ace
1998 1341 2295 1431 belloque
2446 1359 2500 1419 1,

365 1443 606 1515 gestas,
639 1452 882 1500 annuos
917 1430 1335 1517 magistratus,
1367 1429 1454 1494 im
1539 1429 1595 1491 ri
1678 1450 1759 1493 ue
1824 1451 2033 1516 egum,
2156 1443 2298 1495 ten·
2316 1441 2384 1492 U.
2408 1442 2467 1492 C.
2492 1455 2603 1505 245·

197 1512 352 1577 tiora
389 1539 594 1602 quam
638 1516 989 1594 hominum,
1030 1538 1112 1603 pe
1223 1538 1344 1580 am.
1508 1451 1926 1582 ung-libertas
1965 1529 2039 1580 ut
2176 1517 2299 1582 tior
2314 1508 2376 1619 ἓ·
2398 1507 2469 1619 10·
2494 1519 2603 1582 50⁷·

197 1613 373 1678 esset,
425 1603 712 1689 proximi
767 1603 935 1690 regis
992 1624 1182 1690 super
1225 1602 1287 1668 ia
1341 1601 1591 1667 fecerat.
1685 1599 1858 1666 Nam
1904 1602 2144 1690 priores
2202 1603 2295 1668 ita
2314 1586 2571 1684 Βξαᾷζωῖ,

199 1703 564 1772 regnarunt,
613 1702 688 1755 ut
737 1688 909 1754 haud
951 1689 1269 1754 immerito
1319 1711 1541 1754 omnes
1582 1689 1885 1776 deinceps
1933 1688 2293 1754 conditores
2312 1669 2583 1774 Tarquinio

199 1773 470 1855 partium
523 1788 698 1842 certe
744 1776 938 1853 urbia,
983 1798 1140 1864 quas
1189 1797 1384 1840 novas
1428 1775 1553 1862 ipsi
1596 1774 1777 1840 sedes
1823 1776 1902 1842 ab
1952 1798 2019 1839 se
2070 1790 2291 1842 auctae
2308 1763 2562 1876 g⁰¹¹²²t¹¹²⁰

203 1857 602 1927 multitudini
661 1861 1066 1940 addiderunt,
1124 1875 1581 1927 numerentur:
1658 1884 1869 1949 neque
1929 1862 2287 1950 ambigitur,
2354 1841 2446 1877 ⁰⁸⁸⁸

203 1945 353 2028 quin
405 1947 656 2014 Brutus
702 1949 894 2026 idem,
947 1949 1076 2036 qui,
1112 1961 1362 2014 tantum
1409 1947 1668 2036 gloriae,
1722 1947 2011 2048 Superbo
2063 1963 2289 2014 exacto
2308 1953 2531 2004 Libertas

206 2051 367 2128 fage,
393 2036 656 2114 meruit,
686 2035 958 2123 pessimo
980 2035 1236 2123 pubfieo
1265 2034 1334 2100 id
1361 2034 1640 2100 facturus
1667 2033 1877 2113 suem,
1900 2034 1956 2098 si
1986 2034 2289 2100 ubertatis
2304 2019 2431 2132 gg?-
2456 2019 2606 2132 1333ss

205 2132 572 2215 lmmaturae
621 2122 922 2209 cupidine
961 2122 1244 2210 priorum
1277 2143 1500 2209 regum
1538 2120 1731 2186 alicui
1770 2143 2040 2208 regnum
2075 2136 2289 2187 extor-
2305 2097 2583 2196 oonffluta.

205 2218 390 2270 smset.
489 2207 677 2284 Quid
704 2209 878 2273 enim
906 2208 1190 2274 futurum
1218 2207 1357 2286 fuit,
1387 2208 1442 2272 si
1471 2207 1583 2272 illa.
1622 2220 1945 2295 pastorum
1974 2229 2290 2274 convena-

211 2309 345 2355 rum
391 2317 474 2358 ue
502 2295 708 2383 plebs,
734 2295 1056 2382 transfuga
1073 2317 1156 2366 ex
1183 2295 1313 2360 suis
1340 2294 1613 2383 populis„
1636 2294 1754 2360 sub
1784 2294 1985 2359 tutela
2010 2294 2297 2368 inviolati

211 2315 426 2465 templi
483 2395 602 2446 aut
668 2382 1044 2459 libertatem,
1105 2395 1216 2446 aut
1283 2394 1452 2447 certe
1518 2381 1986 2468 impunitatem,
2046 2381 2164 2447 ade
2212 2397 2295 2460 ta,

211 2461 407 2530 soluta
432 2469 616 2556 regio
657 2481 853 2546 metu,
883 2468 1108 2556 agitari
1137 2481 1363 2554 coepta
1389 2481 1557 2542 esset
1586 2467 1939 2532 tribuniciis
1980 2457 2172 2555 proce
2224 2467 2239 2481 ⁰
2276 2516 2297 2547 ,

211 2561 272 2611 et
298 2549 366 2614 in
394 2553 608 2619 aliena
629 2556 784 2624 urbe
814 2576 962 2619 cum
991 2554 1286 2620 Patribus
1313 2576 1519 2618 serere
1542 2553 1908 2630 certamina,
1931 2554 2300 2656 priusquam

213 2655 469 2780 flgnora
502 2642 852 2728 coniugum
893 2664 968 2706 ac
1006 2640 1350 2707 liberorum
1393 2639 1746 2726 caritasque
1785 2661 1982 2728 1ps1us
2025 2639 2162 2718 soh,
2192 2663 2298 2706 cul

235 2743 394 2810 ongo
453 2740 742 2815 tempore
801 2727 1194 2808 assuescitur,
1253 2727 1498 2792 animos
1558 2747 1779 2792 eorum
1838 2725 2299 2800 consociasset?

217 2803 567 2898 Dissipatae
599 2837 700 2878 res
727 2813 1016 2879 nondum
1038 2813 1292 2880 adultae
1321 2812 1638 2878 discordia
1665 2812 1907 2878 forent:
1957 2835 2115 2900 quas
2141 2813 2301 2879 fovit

217 2899 554 2984 tranquilla
580 2900 930 2966 moderatio
958 2900 1230 2989 imperii,
1261 2923 1467 2988 eoque
1496 2899 1843 2965 nutriendo
1871 2898 2193 2988 perduxit,
2226 2913 2302 2967 ut

215 2977 439 3050 bonam
467 2987 725 3074 flugem
752 2987 1061 3052 libertatis
1096 2988 1374 3052 maturis
1387 2987 1515 3052 iam
1554 2986 1792 3051 viribus
1817 2987 1983 3052 ferre
2020 3001 2295 3074 possent.

181 3061 552 3138 1Libertatis
595 3086 808 3139 autem
853 3073 1162 3160 originem
1205 3071 1356 3138 inde
1399 3073 1620 3160 magi&
1708 3073 1817 3138 uia
1860 3096 2145 3138 annuum
2178 3075 2301 3138 im-

217 3156 454 3236 perium
476 3159 809 3226 consulare
839 3159 1076 3225 factum
1107 3172 1222 3237 est,
1255 3182 1446 3249 quam
1477 3159 1655 3248 quod
1728 3161 2086 3225 eminutum
2116 3161 2299 3247 quic·-

181 3265 202 3297 π
220 3259 398 3335 quam
427 3248 515 3312 sit
543 3265 625 3312 ex
653 3247 830 3334 regia
854 3259 1184 3334 potestate,
1214 3269 1527 3324 numeres·
1622 3244 1860 3311 Omnia
1896 3247 2053 3324 iura,
2085 3248 2304 3313 omnia

181 3341 204 3388 3
220 3329 482 3417 msignia
555 3333 699 3398 rimi
735 3333 1024 3398 consules
1063 3347 1365 3398 tenuere:
1413 3331 1484 3397 id
1524 3332 1715 3397 modo
1744 3345 2001 3398 cautum
2044 3346 2161 3412 est,
2190 3357 2297 3413 ne,

181 3438 208 3479 4
221 3409 268 3473 Si
285 3419 468 3487 ambo
653 3443 684 3484 s
698 3419 1025 3498 haberent,
1045 3418 1404 3508 duplicatus
1425 3433 1629 3486 terror
1643 3419 1981 3485 videretur.
2062 3419 2301 3486 Brutus

286 3630 305 3663 1
351 3622 480 3678 Qm‘u
521 3637 746 3671 annuum
786 3621 1070 3684 imperium]
1156 3620 1226 3668 Et
1287 3625 1338 3668 et
1367 3619 1430 3667 iv.
1471 3629 1545 3680 74.
1579 3619 1740 3668 szv.
1784 3619 1845 3668 cf.
1874 3618 2041 3680 Lydus
2075 3620 2138 3669 de
2166 3620 2303 3684 Mag.

227 3682 346 3736 quod
397 3685 634 3735 ὑπευθυνοὶ
686 3690 842 3744 erant,
882 3683 1132 3746 quoniam,
1183 3683 1224 3732 si
1287 3683 1320 3732 i.
1347 3698 1423 3745 32·

227 3743 333 3800 quid
369 3757 535 3800 contra
572 3751 704 3813 leges
738 3763 826 3812 pro
857 3749 1062 3810 imperio
1093 3762 1223 3797 com·
1353 3761 1382 3810 3
1415 3747 1672 3806 Consules]
1708 3745 1974 3809 Στρατηγοὶ
1990 3747 2207 3797 Zonaras
2223 3747 2303 3798 vii.

229 3805 470 3876 miniatem,
491 3815 784 3864 circumacto
804 3811 994 3876 imperii
1025 3827 1172 3870 anno,
1191 3827 1225 3860 a
1294 3826 1364 3875 19.
1424 3811 1680 3860 Praetores
1716 3811 1914 3872 quidem
1951 3811 2047 3860 hoc
2083 3817 2305 3874 tempore

230 3882 543 3947 ‘magster-ibus
587 3879 850 3941 parricidii
896 3875 949 3924 in
989 3875 1224 3926 iudicium
1287 3875 1543 3950 appellati,
1592 3890 1753 3938 neque
1804 3889 1984 3924 nomen
2037 3877 2306 3935 oon-sulm,

230 3939 388 3996 “lutis
407 3945 716 3992 vocabantur.
1287 3954 1378 3988 mn
1411 3945 1525 4002 post
1555 3939 1954 3999 decemviratum,
1976 3939 2027 3986 in
2058 3955 2202 3988 usum
2226 3956 2305 3988 ve-

291 4013 314 4046 2
347 4005 519 4056 Omnia
555 4008 797 4068 ίπείρπόα]
858 4005 1058 4054 Praeter
1092 4019 1224 4054 coro-
1287 4004 1374 4052 nit.
1410 4004 1517 4053 Liv.
1555 4003 1624 4054 iii.
1666 4015 1741 4066 55.
1804 4005 2033 4053 Consules
2070 4019 2102 4052 a
2137 4019 2303 4053 eomu-

233 4073 334 4112 nam
353 4082 564 4131 auream,
579 4077 843 4133 sceptrum,
858 4075 910 4118 et
931 4084 1225 4132 purpuream
1287 4070 1427 4118 londo
1448 4069 1553 4118 Cic.
1577 4070 1639 4117 de
1662 4069 1808 4130 Legg.
1828 4067 1893 4116 iii.
1914 4081 1958 4129 3.
2016 4069 2233 4125 omn-ua,
2248 4072 2306 4114 ut

233 4129 654 4184 &amintertextam
667 4136 898 4183 trabeam.
926 4135 1225 4195 Quanquam
1290 4135 1466 4190 ex-sul,
1499 4133 1730 4195 prae-sul,
1755 4131 1875 4180 nihil
1909 4137 2101 4194 praeter
2131 4131 2303 4179 oon-Ie-

235 4191 386 4244 tmboe
403 4201 598 4261 quidem
621 4199 692 4248 usi
715 4199 954 4258 consules,
973 4199 1058 4246 sed
1085 4213 1192 4246 mro
1215 4215 1228 4254 ;
1285 4213 1400 4259 qam
1431 4197 1687 4259 significat,
1717 4201 1775 4244 ut
1808 4197 1913 4245 vult
1948 4193 2153 4243 Niebhr.
2186 4193 2218 4242 i.
2254 4209 2303 4256 p.

238 4255 360 4306 statis
377 4276 550 4328 nempe
570 4263 704 4313 festis
719 4263 907 4322 diebus,
921 4268 974 4312 et
991 4261 1043 4311 in
1058 4261 1224 4310 trium·
1292 4272 1318 4323 5
1329 4275 1399 4310 ια.
2206 4295 2209 4300 -

241 4315 359 4374 Phali
402 4341 593 4391 pompa.
678 4327 794 4377 vid.
842 4327 990 4377 Dion.
1035 4325 1100 4377 iii.
1146 4324 1224 4375 62.
1354 4343 1384 4385 4
1415 4327 1471 4374 Si
1510 4327 1645 4374 ambo
1670 4325 1837 4384 susm
1872 4323 2129 4383 haberent]
2178 4322 2304 4372 Vult
