3000 4784
861 220 1051 288 Lm.
1100 221 1223 289 111.
1286 222 1507 297 CAP.
1554 228 1659 289 48.
1695 188 1710 201 “
2191 226 2310 291 197

198 378 569 423 sennonem
664 358 1073 435 raetenderlt,
1118 359 1379 423 forsitan
1424 360 1508 423 ali
1555 383 1705 425 uem
1752 382 1972 423 verum
2023 372 2310 425 auctores
2331 377 2398 427 U.
2421 378 2480 427 c.
2507 390 2614 439 ³05-

152 467 181 514 3
200 444 458 529 antiqui
490 377 901 509 tradiderint:
945 446 1099 531 quia
1126 467 1439 532 nusquam
1470 446 1538 511 ul
1563 469 1673 510 um
1703 446 1768 511 in
1803 458 1978 513 tanta
2005 446 2308 513 foeditate
2327 443 2388 491 A.
2421 436 2480 490 0·
2505 451 2614 500 44⁷·

198 528 449 593 decreti
488 528 893 593 verisimilem
935 530 1232 606 inveni03
1285 530 1374 607 id,
1406 532 1582 617 quod
1622 544 1886 608 constat,
1925 532 2173 595 nudum
2216 532 2310 595 vi-

148 641 183 683 4
200 614 400 678 detur
446 615 953 701 proponendum,
1008 615 1295 680 decresse
1346 616 1656 681 vindicias
1707 617 2064 681 secundum
2115 618 2310 681 servi-

201 711 433 764 tutem.
524 700 743 764 Primo
783 713 1004 787 stupor
1042 722 1263 765 omnes
1302 702 1722 767 admiratione
1763 704 1855 767 rei
1905 716 2034 766 tam
2081 704 2310 767 atrocis

200 786 474 849 defixit:
539 784 865 849 silentium
914 786 1068 851 inde
1118 786 1511 873 aliquamdiu
1563 788 1786 853 tenuit.
1878 788 2053 852 Dein
2107 810 2306 874 quum

201 870 305 935 M.
344 870 679 949 Claudius,
734 870 1287 937 circumstantibus
1342 874 1666 951 matroniS,
1715 874 1838 939 iret
1894 874 1978 938 ad
2034 874 2308 960 prehen-

200 957 485 1021 dendam
544 957 875 1043 virginem,
928 957 1475 1045 lamentabilisque
1535 982 1682 1023 eum
1743 959 2081 1024 mulierum
2133 983 2307 1025 com-

200 1042 480 1128 ploratio
509 1042 898 1142 excepisset3
932 1042 1281 1130 Virginius,
1306 1044 1630 1109 intentans
1651 1046 1721 1108 in
1746 1045 2034 1131 Appium
2057 1067 2302 1123 manus,

205 1136 225 1165 ‘
250 1127 475 1206 Icili0,’
524 1128 757 1215 inquit,
804 1136 825 1167 ‘
843 1128 1039 1215 Appi,
1092 1151 1224 1192 non
1275 1129 1412 1207 tibi,
1464 1130 1663 1193 filiam
1706 1130 2057 1217 despondi:
2113 1143 2180 1195 et
2223 1128 2306 1195 ad

206 1222 228 1251 ‘
250 1214 527 1301 nuptias,
558 1236 690 1278 non
736 1214 819 1279 ad
865 1228 1175 1301 stuprum,
1205 1214 1489 1279 educavi.
1581 1214 1804 1279 Placet
1848 1216 2171 1301 pecudum
2212 1216 2305 1281 fe-

206 1308 228 1337 ‘
248 1322 593 1386 rarumque
640 1300 769 1364 ritu
813 1299 1169 1386 promiscue
1216 1300 1287 1365 in
1334 1301 1708 1365 concubitus
1758 1301 1988 1365 ruere?
2076 1301 2305 1366 Passu-

205 1394 229 1424 ‘
248 1386 393 1450 rine
421 1385 579 1450 haec
610 1385 719 1450 isti
757 1384 903 1465 sint,
935 1387 1187 1453 nescio:
1236 1408 1367 1453 non
1408 1408 1593 1472 spero
1632 1408 1768 1451 esse
1808 1408 2096 1472 passuros
2139 1386 2300 1464 illos,

206 1479 229 1509 ‘
250 1472 367 1558 qui
396 1494 571 1535 arma
596 1470 875 1537 habent!
966 1470 1187 1547 Quum
1220 1471 1635 1557 repelleretur
1672 1484 1938 1537 assertor
1965 1470 2228 1557 virginis
2266 1495 2306 1537 a

245 1556 399 1622 lobo
426 1556 767 1621 mulierum
796 1557 1464 1644 circumstantiumque
1474 1557 1956 1635 advocatorum,
1979 1556 2302 1622 silentium

308 1656 445 1707 tum
474 1664 591 1729 per
616 1664 1012 1729 praeconem.
1106 1642 1469 1721 Decemvir,
1499 1643 1808 1708 alienatus
1847 1642 1930 1709 ad
1967 1642 2302 1707 libidinem
2413 1648 2519 1708 48.

203 1729 443 1805 anim0,
473 1740 686 1815 negat,
719 1737 739 1769 ⁶
755 1728 1053 1794 hesterno
1082 1740 1331 1793 tantum
1362 1728 1648 1793 convicio
1677 1728 1843 1793 Icilii
1870 1727 2302 1817 violentiaque

206 1823 229 1853 ‘
250 1814 551 1913 Virginii,
602 1815 785 1879 cuius
836 1825 1062 1879 testem
1111 1812 1420 1901 populum
1469 1814 1837 1879 Romanum
1885 1814 2135 1894 habeat,
2187 1814 2303 1879 sed

207 1908 229 1939 ⁶
244 1913 437 1965 certis
479 1922 737 1987 quoque
784 1900 1039 1965 indiciis
1083 1912 1477 1987 compertum
1525 1922 1595 1965 se
1639 1900 1896 1978 habere,
1939 1913 2130 1966 nocte
2171 1913 2305 1966 tota

208 1995 228 2025 ‘
248 1997 473 2051 coetus
529 1986 597 2049 in
655 1986 814 2050 urbe
870 1985 1073 2050 factos
1128 2008 1263 2051 esse
1322 1986 1405 2051 ad
1464 1986 1845 2051 movendam
1901 1986 2298 2053 seditionem.

208 2081 229 2110 ‘
252 2070 481 2157 Itaque
526 2093 617 2149 se,
656 2070 832 2136 haud
874 2071 1145 2135 inscium
1190 2072 1329 2136 eius
1372 2071 1816 2148 dimicationis,
1856 2094 2006 2136 cum
2051 2073 2304 2141 armatis

208 2167 229 2196 ‘
248 2156 693 2234 descendisse3
740 2180 873 2222 non
912 2168 988 2221 ut
1012 2180 1401 2244 quemquam
1431 2158 1723 2243 quietum
1753 2157 2032 2235 violaret,
2074 2158 2189 2221 sed
2229 2172 2304 2222 ut

209 2252 229 2282 ‘
250 2244 579 2308 turbantes
605 2243 878 2309 civitatis
907 2243 1109 2307 otium
1147 2264 1263 2329 pro
1303 2242 1629 2307 maiestate
1669 2242 1921 2343 imperii
1960 2256 2297 2325 coerceret.

208 2338 229 2368 ‘
252 2328 534 2394 Proinde
564 2330 811 2416 quiesse
840 2328 963 2393 erit
990 2328 1231 2393 melius.
1322 2327 1397 2406 I,’
1424 2328 1654 2415 inquit,
1702 2337 1723 2367 ⁶
1740 2328 1944 2406 hctor,
1974 2350 2300 2394 summove

209 2425 229 2453 ‘
252 2416 539 2493 turbam3
601 2428 669 2479 et
726 2414 812 2478 da
859 2414 1030 2478 viam
1086 2414 1349 2477 domino
1406 2414 1491 2477 ad
1585 2412 2069 2478 rehendendum
2121 2436 2304 2479 man-

209 2511 229 2539 ‘
250 2500 532 2587 cipium.’
622 2499 845 2576 Quum
884 2500 1043 2565 haec
1086 2498 1463 2563 intonuisset
1505 2520 1549 2584 p
1574 2520 1732 2561 enus
1774 2498 1924 2575 irae,
1954 2497 2303 2564 multitudo

204 2588 345 2674 ipsa
398 2610 469 2651 se
524 2608 643 2651 sua
694 2598 923 2672 sponte
982 2584 1267 2661 dimovit,
1320 2582 1696 2683 desertaque
1748 2583 1986 2669 praeda
2033 2584 2302 2649 iniuriae

206 2672 423 2759 puella
466 2673 687 2737 stabat.
778 2670 951 2735 Tum
992 2669 1339 2755 Virginius,
1388 2669 1499 2732 ubi
1551 2668 1713 2732 mhil
1765 2690 2032 2755 usquam
2082 2670 2304 2735 auxilii

207 2758 390 2834 vidit,
458 2766 481 2796 ‘
502 2756 797 2834 Quaeso,’
852 2756 1083 2842 inquit,
1152 2764 1173 2794 ⁶
1192 2754 1387 2853 Appi,
1447 2754 1725 2840 primum
1782 2754 2040 2841 ignosce
2183 2756 2305 2819 trio

210 2852 231 2882 ‘
249 2842 479 2920 dolori,
505 2844 560 2907 si
600 2842 761 2929 quid
800 2841 1245 2906 inclementius
1288 2863 1357 2904 m
1401 2852 1466 2905 te
1509 2862 1653 2904 sum
1694 2840 2020 2905 invectus:
2113 2840 2306 2907 einde

210 2935 234 2967 ‘
248 2930 421 2994 sinas
463 2928 570 2993 hic
612 2950 824 2993 coram
868 2928 1111 3013 virgine
1157 2926 1472 2991 nutricem
1517 2925 1936 3013 percunctari,
1981 2926 2142 3013 quid
2183 2926 2307 2993 hoc

210 3024 229 3054 ⁶
248 3016 347 3079 rei
373 3014 507 3079 sit?
556 3026 649 3091 ut,
679 3014 735 3078 si
760 3013 917 3077 falso
944 3026 1126 3099 pater
1151 3012 1360 3077 dictus
1388 3034 1550 3089 sum,
1580 3012 1880 3099 aequiore
1907 3012 2061 3077 hinc
2089 3014 2304 3077 animo

209 3109 230 3139 ‘
252 3100 616 3167 discedam)
700 3099 875 3163 Data
898 3099 1106 3175 venia,
1134 3098 1383 3162 seducit
1410 3098 1605 3161 filiam
1645 3121 1718 3163 ac
1758 3099 2075 3163 nutricem
2104 3120 2302 3186 prope

162 3180 559 3278 3010acinae
618 3185 702 3251 ad
760 3186 1069 3262 taber-nm,
1118 3183 1351 3270 quibus
1394 3204 1570 3247 nunc
1619 3182 1824 3247 Novis
1869 3196 1966 3247 est
2022 3206 2298 3247 nomen:

230 3360 253 3377 ⁸
278 3397 306 3444 3
344 3383 683 3444 Tradat-rm]
728 3382 777 3432 h.
816 3396 861 3430 e.
917 3381 1035 3429 Non
1082 3396 1227 3443 negaae
1290 3382 1469 3428 Ascon.
1503 3378 1556 3426 in
1594 3378 1700 3429 Cic.
1728 3380 1922 3429 Comei.
1958 3380 2035 3429 ed.
2067 3380 2221 3428 Orell.
2252 3394 2301 3441 p.

212 3446 365 3495 verim
420 3460 589 3494 verum
640 3460 915 3494 sermonem
972 3444 1228 3493 tradidisse
1295 3454 1371 3505 77.
1599 3473 1612 3491 .-

211 3509 420 3571 aliquos,
435 3510 522 3557 sed
543 3524 697 3570 quum
716 3510 851 3571 apud
866 3508 1059 3556 nullum
1076 3508 1228 3555 talem
1356 3517 1385 3567 5
1420 3506 1704 3565 Cloacinae]
1775 3505 1966 3553 Volunt
2015 3506 2306 3567 interpretes

210 3572 460 3621 inveniam
504 3588 794 3632 sermonem,
836 3572 995 3633 qualis
1048 3566 1227 3619 iustam
1290 3568 1374 3617 hie
1404 3568 1666 3629 legendum
1693 3583 1796 3617 esse
1819 3568 2102 3627 Cluacinae,
2125 3584 2304 3629 nempe

212 3636 453 3685 rationem
498 3641 602 3684 tam
638 3635 771 3685 foedi
807 3634 990 3683 decreti
1026 3649 1145 3696 prae
1179 3648 1233 3683 se
1298 3630 1535 3680 Veneris:
1581 3636 1838 3692 propterea
1870 3632 2000 3692 quod
2035 3632 2306 3679 Cluacinae

213 3701 353 3760 ferat,
402 3700 597 3747 nullum
652 3700 825 3747 horum
873 3698 1095 3757 referam,
1146 3697 1233 3745 sed
1296 3696 1541 3757 templum
1563 3694 1614 3741 in
1637 3694 1741 3741 soro
1762 3699 2012 3755 emenquo
2027 3693 2078 3742 in
2100 3696 2210 3743 loco
2231 3710 2308 3742 res

213 3765 361 3811 modo
404 3764 655 3811 decretum
690 3762 851 3825 ipsum
885 3763 1075 3810 nudum
1118 3775 1227 3822 pro-
1294 3774 1426 3808 nunc
1446 3757 1629 3819 ge-ritur
1649 3776 1664 3815 ;
1683 3756 1946 3805 Cloacinae
1963 3773 2076 3805 vero
2092 3758 2239 3805 aedes
2254 3758 2305 3805 in

214 3840 425 3888 ponam:
465 3840 617 3887 quum
652 3824 705 3874 id
739 3826 913 3873 saltem
949 3830 1083 3873 certo
1116 3838 1229 3871 con-
1292 3822 1391 3871 alia
1412 3822 1538 3869 soret
1558 3820 1690 3868 urbis
1709 3819 1916 3881 regione.
1967 3821 2138 3869 Venus
2160 3823 2306 3869 Clua-

214 3896 325 3949 stet,
346 3890 443 3938 hoc
462 3904 523 3938 eo
550 3888 857 3951 pertinuisse,
875 3895 935 3963 ut
956 3886 1229 3950 Virginiam
1291 3889 1407 3935 eina
1428 3884 1654 3959 sio-dicta
1673 3884 1831 3931 filerat
1850 3884 1914 3931 ab
1934 3885 2136 3961 antiquo
2159 3885 2307 3931 verbo

214 3954 1231 4066 ‘gssffissffizxzffizssrssffrzfflw
1292 3948 2104 4072 ssssmssfguffizfffix
2121 3962 2306 4058 3333

278 4098 310 4141 4
354 4081 603 4129 det‘ciae
634 4081 899 4129 secundum
922 4079 1229 4138 seminam]
1298 4077 1466 4124 cloaca
1480 4080 1675 4137 reperta
1689 4079 1829 4123 esset.
1869 4074 2022 4122 Plura
2036 4075 2098 4121 de
2114 4074 2308 4121 Venere

216 4144 277 4192 In
299 4158 504 4191 manum
520 4142 767 4191 asoertoris
785 4142 1121 4190 abducendam
1139 4146 1232 4188 tra-
1298 4139 1540 4188 Cluacina
1563 4144 1676 4211 pete
1697 4152 1760 4185 ex
1785 4136 1915 4185 Plin.
1942 4137 2011 4184 H.
2037 4137 2102 4184 N.
2125 4150 2206 4184 xv.
2231 4150 2308 4197 ⁴29.

215 4206 357 4265 didit,
386 4206 467 4254 cui
496 4211 554 4254 ut
586 4222 753 4254 servae
777 4212 1016 4266 stuprum,
1032 4204 1233 4265 impune
1298 4204 1361 4251 de
1406 4203 1646 4252 Cloacina
1688 4216 1750 4248 ex
1796 4200 2017 4249 Laetam.
2066 4200 2128 4246 de
2178 4198 2309 4247 Fals.

214 4271 486 4321 inferretur.
506 4270 602 4325 (cf.
638 4271 809 4320 Senec.
846 4268 1077 4318 Controv.
1108 4283 1156 4316 x.
1188 4285 1233 4327 4.
1300 4266 1462 4327 Reh'g.
1484 4265 1517 4313 i.
1544 4278 1619 4312 πο.
1655 4264 1817 4336 Casv.
1971 4322 1980 4331 ⁸

216 4334 627 4385 inmvmnnilu'l
643 4349 745 4383 non
764 4335 955 4382 domino
977 4333 1135 4380 licere.
1171 4331 1232 4379 cf.
1364 4328 1395 4377 6
1428 4330 1610 4385 Novis]
1649 4326 1710 4373 cf.
1734 4326 1843 4373 infr.
1868 4338 1996 4369 xxvi.
2022 4334 2096 4381 27.
