3000 4784
707 234 839 296 486
1490 227 1718 293 TITI
1781 226 2052 295 LIVII
2857 18 2901 250 W
2938 162 2940 243 Ξ

386 378 439 428 U
444 414 457 428 .
480 378 539 428 c.
565 392 675 440 430·
716 366 1086 469 populando
1128 379 1321 465 atque
1366 364 1615 431 urendo
1659 378 1830 431 tecta
1869 366 2150 431 hostium
2197 376 2497 453 sataque,
2527 365 2602 429 in
2639 363 2812 429 adem

386 444 447 495 A·
482 444 541 493 0·
568 456 677 505 3²²·
717 454 951 519 mvitos
981 465 1295 517 extraxitz
1344 466 1413 517 et
1441 452 1531 517 ita
1557 451 1800 539 proelio
1824 474 1960 517 uno
1995 452 2228 517 accidit
2254 452 2692 517 Vestinorum
2712 472 2842 525 τεῳ

714 539 935 626 haudq
1064 561 1211 603 uam
1240 551 1455 603 tamen
1484 539 1822 604 incruento
1858 538 2058 604 milite
2089 562 2224 616 suo,
2255 553 2325 603 ut
2357 561 2510 602 non
2541 539 2614 601 in
2641 548 2818 601 castra

714 626 921 691 solum
950 648 1019 689 re
1046 638 1315 711 ugerent
1348 624 1580 701 hostes,
1613 624 1744 703 sed,
1777 624 1904 689 iam
1941 648 2024 690 ne
2053 625 2218 691 vallo
2247 624 2532 712 quidem
2563 646 2640 687 ac
2665 622 2818 686 fossis

714 712 879 789 freti,
910 711 1345 775 dilaberentur
1386 711 1455 774 in
1496 710 1752 797 oppida,
1783 712 1909 775 situ
1952 711 2210 775 urbium
2249 711 2528 776 moenib
2653 732 2732 773 ue
2763 728 2820 769 se

716 798 1055 863 defensuri.
1133 797 1467 862 Postremo
1496 796 1736 883 oppida
1763 820 2020 885 quoque
2050 799 2116 862 vi
2143 732 2820 884 expugnarenfflortus,

716 884 923 972 primo
968 882 1275 949 Cutinam
1325 884 1574 969 ingenti
1619 883 1842 949 ardore
1887 883 2164 948 militum
2199 898 2310 949 aut
2335 882 2702 947 vulnerum
2727 880 2853 953 iras

718 972 897 1057 quod
928 970 1103 1035 haud
1131 970 1263 1034 fere
1294 970 1632 1070 quisquam
1671 970 1923 1057 integer
1957 970 2201 1056 proelio
2235 982 2636 1044 excesserat,
2665 964 2824 1030 scalis

717 1057 927 1144 cepit:
975 1056 1211 1121 deinde
1244 1056 1610 1143 Cingiliam.
1705 1056 2058 1142 Utriusque
2099 1056 2271 1121 urbis
2311 1055 2644 1205 praedam
2681 1049 2826 1116 mili-

717 1142 905 1221 tibus,
943 1144 1119 1230 quod
1148 1166 1258 1207 eos
1302 1165 1517 1230 neque
1563 1157 1804 1229 portae,
1847 1166 2058 1229 neque
2105 1143 2270 1207 muri
2359 1142 2620 1207 ostium
2668 1160 2826 1202 arcu·

719 1245 919 1307 erant,
951 1230 1274 1295 concessit.

496 1317 599 1377 30.
806 1316 887 1381 111
920 1316 1249 1381 Samnium
1279 1315 1538 1381 incertis
1565 1316 1726 1381 itum
1757 1318 2054 1403 auspiciis
2081 1330 2210 1383 est:
2260 1317 2452 1382 cuius
2485 1316 2588 1380 rei
2619 1313 2820 1377 vitium

719 1426 851 1467 non
894 1403 965 1467 in
1010 1402 1163 1468 belli
1208 1416 1532 1479 eventum,
1573 1404 1748 1489 quod
1793 1425 2091 1491 prospere
2137 1416 2388 1491 gestum
2441 1416 2574 1479 est,
2615 1398 2726 1465 sed
2767 1396 2822 1458 in

718 1489 955 1555 rabiem
1002 1502 1193 1575 atque
1240 1489 1363 1552 iras
1406 1489 1859 1576 imperatorum
1893 1490 2101 1555 vertit.
2195 1488 2514 1575 Namque
2549 1483 2824 1572 Papirius

718 1574 1007 1653 dictator,
1038 1598 1079 1639 a
1115 1574 1385 1661 pullario
1424 1575 1724 1652 monitus»,
1757 1598 1958 1662 quum
2001 1576 2087 1639 ad
2127 1575 2494 1662 auspicium
2543 1584 2856 1659 repeten·4

716 1659 873 1724 dum
900 1661 1173 1725 Romam
1200 1662 1723 1747 proficisceretur,
1748 1662 2046 1749 magistro
2077 1662 2366 1748 equitum
2395 1655 2819 1728 denuntiavit,

718 1759 791 1809 ut
830 1768 965 1810 sese
1012 1746 1152 1810 loco
1200 1760 1465 1823 teneret,
1509 1770 1657 1825 neu,
1698 1749 1959 1813 absente
2003 1770 2090 1825 se,
2135 1770 2282 1813 cum
2328 1748 2525 1812 hoste
2577 1760 2816 1808 manum

386 1840 571 1889 Fabius
593 1840 668 1889 M·
718 1845 1092 1896 consereret.
1186 1830 1418 1895 Fabius
1448 1856 1648 1917 quum
1687 1846 1832 1921 post
1864 1835 2324 1922 profectionem
2351 1831 2696 1899 dictatoris
2721 1846 2820 1913 per

386 1904 673 2017 {3¹32oe
718 1916 1146 2004 exploratores
1168 1918 1598 2003 comperisset,
1622 1920 1886 2007 perinde
1909 1921 2125 1985 omnia
2151 1918 2358 1984 soluta
2383 1919 2574 2007 apud
2605 1917 2812 1985 hostes,

386 2046 491 2081 mm
514 2003 642 2080 bem}
718 2026 791 2067 ac
822 2002 873 2067 si
903 2024 1095 2067 nemo
1121 2003 1451 2068 Romanus
1480 2004 1548 2068 in
1585 2006 1842 2071 Samnio
1873 2019 2070 2071 esset:
2109 2029 2224 2073 seu
2245 2005 2424 2071 ferox
2457 2004 2815 2071 adolescens

384 2096 523 2159 gerit.
718 2090 1099 2176 indignitate
1144 2112 1464 2168 accensae,
1513 2092 1688 2177 quod
1731 2094 1948 2158 omnia
1988 2094 2057 2157 in
2102 2093 2406 2158 dictatore
2457 2092 2814 2157 viderentur

718 2177 994 2263 reposita
1036 2199 1213 2253 esse3
1260 2200 1372 2241 seu
1418 2179 1747 2243 occasione
1791 2180 1956 2245 bene
2003 2179 2320 2266 gerendae
2361 2180 2460 2243 rei
2505 2176 2809 2243 inductus,

718 2264 1005 2327 exercitu
1048 2263 1355 2328 instructo
1398 2277 1748 2350 paratoque
1791 2266 2111 2351 profectus
2153 2266 2236 2329 ad
2274 2264 2668 2329 Imbrinium
2707 2259 2846 2343 (ita-⁴
2939 2292 2941 2368 l

718 2363 947 2413 vocant
974 2348 1238 2435 locum),
1270 2350 1403 2413 acie
1438 2372 1586 2414 cum
1621 2348 2011 2416 Samnitibus
2045 2350 2348 2416 conflixit.
2443 2351 2551 2415 Ea
2577 2349 2806 2413 fortuna

714 2456 967 2522 pugnae
998 2434 1137 2512 fuit,
1172 2448 1244 2499 ut
1281 2435 1438 2499 nihil
1480 2436 1772 2500 relictum
1813 2438 1912 2513 sit,
1944 2460 2094 2525 quo,
2125 2438 2179 2502 si
2217 2438 2506 2503 affuisset
2535 2437 2806 2523 dictator3

716 2543 815 2587 res
860 2520 1087 2585 melius
1127 2522 1264 2608 geri
1308 2522 1624 2607 potuerit:
1673 2545 1804 2587 non
1850 2523 1984 2589 dux
2029 2523 2234 2601 militi,
2266 2547 2398 2587 non
2443 2523 2634 2587 miles
2673 2517 2802 2581 duel

716 2607 935 2671 defuit.
1018 2606 1237 2693 Eques
1265 2608 1477 2684 etiam,
1510 2622 1766 2673 auctore
1798 2608 1875 2673 L.
1902 2610 2202 2675 Cominio
2231 2610 2494 2675 tribuno
2525 2605 2802 2673 militum,

716 2694 829 2792 qui
869 2694 1203 2779 aliquoties
1247 2694 1491 2781 impetu
1535 2708 1720 2780 capto
1763 2717 2170 2782 perrumpere
2211 2718 2344 2760 non
2385 2706 2640 2782 poterat
2675 2690 2801 2753 hos-

716 2791 877 2843 tium
930 2802 1177 2871 agmen,
1229 2780 1506 2845 detraxit
1554 2780 1766 2845 frenos
1815 2782 2038 2867 equis;
2092 2796 2284 2868 atque
2331 2782 2422 2846 ita
2473 2779 2802 2847 concitatos

716 2864 1065 2927 calcaribus
1094 2867 1401 2949 permisit,
1434 2881 1509 2930 ut
1537 2867 1846 2932 sustinere
1887 2890 1995 2932 eos
2035 2867 2212 2932 nulla
2237 2868 2331 2932 vis
2369 2879 2602 2954 posset.
2691 2860 2800 2923 Pel·

716 2968 907 3023 arma,
950 2970 1065 3033 per
1106 2949 1273 3013 viros
1316 2952 1441 3017 late
1485 2966 1758 3039 stragem
1797 2953 2052 3018 dedere.
2149 2953 2417 3019 Secutus
2459 2952 2658 3041 pedes
2695 2946 2796 3039 ἰωχ-

716 3045 937 3132 petum
996 3034 1309 3131 equitum,
1360 3039 1626 3103 turbatis
1675 3040 1960 3107 hostibus
2009 3039 2229 3104 intulit
2277 3041 2476 3127 signa.
2571 3033 2792 3183 Viffl‘gl

715 3117 913 3183 millia
958 3118 1235 3187 hostium
1283 3144 1467 3189 caesa
1511 3146 1589 3189 eo
1625 3125 1730 3190 die
1779 3126 2132 3193 traduntur.
2225 3130 2546 3193 Auctores
2591 3124 2672 3188 ha
2773 3160 2789 3189 2

714 3205 811 3271 bis
863 3230 1009 3273 eum
1062 3206 1243 3275 hoste
1302 3208 1483 3296 signa
1539 3210 1785 3289 collata,
1840 3212 2146 3276 dictatore
2199 3214 2479 3290 absente,
2535 3211 2631 3276 bis
2675 3222 2792 3271 rem

715 3295 966 3380 egregie
1009 3307 1285 3381 gestam.
1365 3296 1568 3384 Apud
1611 3297 2081 3383 antiquissimos
2117 3299 2452 3385 scriptores
2489 3320 2620 3363 una
2653 3294 2786 3357 haec

714 3400 932 3479 pugna
960 3380 1322 3457 invenitur3
1370 3383 1438 3445 in
1468 3383 1848 3470 quibusdam
1885 3383 2232 3449 annalibus
2248 3397 2382 3449 tota
2409 3406 2511 3450 res
2539 3390 2788 3473 praeter·

713 3486 902 3531 missa
928 3480 1041 3532 est.

802 3551 1115 3639 Magister
1164 3554 1474 3641 equitum,
1531 3568 1600 3619 ut
1660 3580 1743 3621 ex
1803 3569 1980 3623 tanta
2035 3558 2250 3635 caede,
2303 3557 2522 3623 multis
2577 3550 2782 3645 potitus

712 3637 946 3734 spoliis,
978 3654 1279 3724 congesta
1306 3642 1372 3704 in
1398 3642 1727 3727 ingentem
1757 3666 2051 3709 acervum
2083 3643 2337 3708 hostilia
2363 3666 2538 3709 arma
2557 3635 2780 3708 subdito

712 3742 861 3813 igne
890 3725 1349 3789 concremavit:
1399 3749 1514 3791 seu
1542 3740 1762 3793 votum
1792 3729 1859 3793 id
1889 3729 2156 3795 deorum
2186 3730 2465 3820 cuipiam
2493 3730 2644 3803 fuit;
2683 3738 2776 3785 881¹

777 3918 804 3955 ο
838 3906 1057 3964 Accidit]
1096 3904 1407 3969 Debilitavit‚
1440 3911 1515 3960 uti
1550 3913 1730 3973 passim
1795 3930 1828 3963 a
1873 3916 2114 3965 Romanis
2167 3915 2218 3963 in
2267 3930 2418 3964 cavea
2463 3913 2770 3965 mmm:

710 3984 790 4017 ns
810 3972 1012 4021 accisae.
1048 3985 1179 4031 supr,
1202 3970 1271 4022 iii.
1301 3987 1373 4021 10.
1402 3974 1465 4024 vi.
1491 3988 1536 4037 5.
1789 3980 2044 4040 pullarius
2077 3994 2160 4027 eon
2191 3982 2471 4028 asservabat
2503 3985 2555 4029 et
2590 3967 2774 4035 ,aspicia

778 4048 807 4096 3
828 4037 936 4081 Aut
955 4034 1215 4083 vulnerum
1236 4038 1341 4097 ira]
1373 4041 1449 4086 Ac
1469 4041 1730 4089 vulnerum
1793 4042 1954 4091 fausta
1995 4058 2082 4093 seu
2125 4043 2354 4102 infausta,
2389 4044 2491 4091 offa
2534 4040 2672 4105 pullis
2705 4033 2770 4080 ob·

710 4096 973 4159 legendum
1012 4099 1185 4148 suadet
1218 4100 1378 4159 Crem,
1410 4103 1495 4151 sed
1529 4102 1730 4153 sortasse
1791 4106 1936 4166 iectu,
1965 4107 2080 4155 duci
2105 4107 2378 4155 nuntiabat.
2421 4108 2487 4156 es.
2509 4106 2614 4157 inst.
2633 4104 2690 4152 ix.
2711 4110 2767 4153 1⁴·

708 4167 874 4210 noster
894 4161 1055 4211 dicere
1078 4164 1301 4223 voluerit,
1322 4165 1504 4215 milites
1525 4168 1627 4216 sive
1655 4184 1728 4217 ar-
1791 4186 1840 4219 x.
1864 4185 1943 4231 4ο.

709 4224 827 4272 dore
872 4240 1065 4287 pugnae
1108 4225 1209 4276 sive
1253 4227 1325 4274 ira
1368 4230 1622 4279 vulnerum
1675 4232 1727 4281 in
1864 4246 1892 4297 5
1932 4237 2254 4296 Imbrinium]
2321 4234 2542 4291 Quidam
2585 4234 2771 4285 summ

708 4286 875 4343 ,hostes
896 4289 1120 4343 ferociter
1140 4290 1361 4339 saevisse.
1791 4298 2094 4351 Imbrinium.

774 4367 805 4415 4
836 4353 878 4397 Α
902 4354 1149 4413 pralon-io]
1192 4353 1325 4407 Pulli
1358 4356 1547 4416 augurii
1582 4374 1728 4413 caum
