3000 4784
750 250 945 317 LIB.
987 249 1179 317 VIII.
1246 250 1469 317 CAP.
1520 257 1624 317 31.
2109 254 2236 321 487

87 384 399 450 credere
456 384 617 450 libet
668 384 865 451 Fabio
916 387 1179 463 auctori,
1232 409 1310 452 eo
1360 386 1619 465 factum,
1668 408 1752 452 ne
1805 408 1954 452 suae
2001 385 2238 474 gloriae
2257 406 2328 457 U.
2349 406 2410 456 ο.
2431 420 2546 468 430·

87 470 415 535 fructum
445 470 717 537 dictator
745 487 1018 559 caperet,
1037 495 1401 559 nomenque
1430 472 1522 537 ibi
1551 473 1872 551 scriberet,
1899 486 2010 538 aut
2038 473 2240 561 spolia
2255 472 2317 519 A.
2352 472 2411 522 0·
2437 484 2547 533 3²²·

87 558 171 621 in
230 558 575 645 triumpho
603 558 813 624 ferret.
905 558 1161 625 Literae
1208 582 1467 659 quoque
1496 559 1579 623 de
1621 582 1689 623 re
1733 582 2032 648 prospere
2143 573 2240 627 sta

87 644 189 707 ad
225 658 559 723 senatum,
591 668 725 710 non
768 645 851 709 ad
879 644 1275 724 dictatorem,
1305 668 1550 724 missae,
1695 660 2028 712 umentum
2127 668 2236 711 ere

89 730 403 795 minime
434 754 581 795 cum
624 755 701 797 eo
731 733 1259 797 communicantis
1296 732 1535 797 laudes.
1663 748 1729 797 ta
1765 746 1936 799 certe
1967 733 2240 799 dictator
2255 743 2484 794 Dictator
2494 742 2566 793 in-

89 817 171 880 id
206 816 471 881 factum
501 818 766 905 accepit,
792 831 883 895 ut,
905 818 1087 883 laetis
1115 818 1253 883 aliis
1270 819 1536 883 victoria
1562 832 1760 907 parta,
1783 842 1934 906 prae
1953 842 2020 884 se
2043 819 2238 884 ferret
2252 808 2494 872 dignam.

89 902 285 966 iram
342 904 809 991 tristitiamque.
902 904 1105 969 Misso
1156 905 1371 991 itaque
1418 918 1683 991 repente
1737 919 1984 983 senatu,
2037 928 2104 971 se
2153 928 2238 971 ex

94 990 309 1053 curia
345 990 693 1078 proripuit:
744 1004 879 1055 tum
910 1013 1079 1067 vero,
1110 1014 1243 1055 non
1282 990 1663 1055 Samnitium
1694 992 1894 1079 magis
1932 992 2235 1079 legiones,

94 1098 327 1160 quam
372 1077 769 1141 maiestatem
810 1076 1207 1141 dictatoriam
1250 1089 1318 1141 et
1356 1077 1756 1164 disciplinam
1799 1078 2157 1156 militarem,
2197 1102 2238 1143 a

96 1163 434 1248 magistro
463 1164 752 1249 equitum
770 1163 1001 1227 victam
1030 1176 1097 1228 et
1119 1186 1399 1229 eversam
1428 1163 1746 1240 dictitans,
1769 1164 1822 1228 si
1851 1163 1946 1227 illi
1973 1164 2236 1251 impune

95 1262 417 1334 spretum
438 1250 773 1336 imperium
798 1250 1035 1314 fuisset.
1127 1248 1356 1335 Itaque
1374 1249 1602 1335 plenus
1620 1250 1936 1313 minarum
1955 1248 2234 1335 iraeque,

98 1334 455 1419 profectus
514 1335 583 1399 in
630 1349 849 1413 castra,
902 1359 1101 1422 quum
1156 1335 1449 1400 maximis
1500 1335 1834 1401 itineribus
1885 1335 2055 1412 isset,
2104 1358 2238 1401 non

100 1434 351 1485 tamen
392 1422 761 1508 praevenire
790 1422 1023 1487 famam
1054 1421 1365 1487 adventus
1400 1421 1499 1485 sui
1527 1421 1754 1507 potuit.
1846 1421 2238 1486 Praecucur-

98 1519 349 1571 rerant
389 1508 565 1573 enim
608 1508 687 1573 ab
732 1508 908 1585 urbe,
955 1509 1068 1595 qui
1111 1507 1504 1585 nuntiarent,
1549 1508 1925 1572 dictatorem
1977 1507 2236 1572 avidum

244 1616 379 1659 nae
437 1594 675 1677 venire,
735 1594 994 1659 alternis
1058 1616 1264 1681 paene
1324 1594 1531 1659 verbis
1589 1594 1668 1659 Τ.
1703 1592 1937 1660 Manlii
1995 1593 2233 1659 factum

126 1680 518 1746 sudantem.

202 1766 471 1845 Fabius,
518 1768 825 1834 concione
870 1780 1084 1843 extem
1130 1769 1193 1835 lo
1236 1766 1560 1846 advocata,
1608 1770 1956 1835 obtestatus
2000 1767 2234 1833 milites
2348 1766 2452 1825 31·

104 1866 239 1929 est,
280 1862 305 1891 ‘
331 1866 421 1930 ut,
454 1876 583 1940 qua
610 1854 843 1919 virtute
873 1877 1097 1942 rempu
1142 1856 1331 1920 licam
1373 1855 1452 1920 ab
1480 1855 1903 1919 infestissimis
1945 1854 2232 1919 hostibus
2249 1848 2293 1897 F
2292 1848 2399 1925 abii·
2408 1848 2563 1925 qratia
2639 1894 2644 1901 -

111 1946 130 1973 ‘
150 1938 623 2017 defendissent,
654 1940 883 2005 eadem
910 1963 999 2018 se,
1029 1940 1212 2005 cuius
1239 1941 1439 2006 ductu
1474 1941 1884 2028 auspicioque
1913 1941 2230 2018 vicissent,
2247 1914 2312 1962 ad
2333 1914 2528 1963 mmm·

112 2030 133 2059 ‘
150 2026 241 2090 ab
308 2026 647 2113 impotenti
705 2026 1080 2091 crudelitate
1138 2026 1465 2091 dictatoris
1525 2039 1897 2091 tutarentur.
1989 2024 2234 2091 Venire

112 2117 131 2147 ‘
152 2124 491 2177 amentem
514 2112 771 2189 invidia,
792 2113 1022 2177 iratum
1044 2113 1269 2176 virtuti
1284 2112 1527 2176 alienae
1548 2111 1982 2196 felicitatique,
2002 2111 2233 2189 furere,

116 2202 136 2231 ‘
160 2198 374 2283 quod,
406 2221 473 2263 se
504 2200 783 2275 absente,
814 2197 1169 2285 respublica
1197 2198 1451 2284 egregie
1486 2209 1665 2296 gesta
1692 2210 1891 2261 esset:
1942 2196 2150 2274 malle,
2181 2198 2234 2261 si

118 2289 139 2319 ‘
164 2300 427 2350 mutare
456 2285 774 2350 fortunam
816 2296 1047 2371 posset,
1080 2284 1255 2371 apud
1288 2282 1624 2359 Sammtes,
1655 2304 1850 2368 quam
1885 2280 2232 2358 Romanos,

116 2375 137 2405 ‘
154 2370 675 2437 victoriamxesse.
766 2369 1115 2457 Imperium
1137 2369 1429 2434 dictitare
1452 2380 1756 2455 spretum,
1776 2380 2082 2455 tanquam
2099 2390 2234 2433 non

117 2461 140 2491 ‘
157 2456 399 2521 eadem
443 2471 657 2523 mente
694 2457 963 2545 pugnari
992 2456 1283 2533 vetuerit,
1316 2478 1441 2542 qua
1478 2466 1831 2541 pugnatum
1867 2453 2114 2521 doleat:
2163 2466 2232 2518 et

120 2548 140 2577 ‘
162 2555 331 2608 tunc
372 2543 615 2609 invidia
648 2544 735 2607 im
820 2544 958 2607 dire
987 2542 1289 2607 virtutem
1328 2540 1600 2606 alienam
1628 2540 1920 2618 voluisse,
1951 2540 2231 2627 cupidis-

118 2634 139 2663 ‘
160 2630 477 2717 simisque
513 2653 689 2695 arma
714 2654 753 2694 a
794 2630 1069 2694 laturum
1106 2628 1297 2693 fuisse
1342 2627 1669 2704 militibus,
1700 2649 1803 2703 ne,
1835 2648 1902 2691 se
1948 2628 2228 2704 absente,

123 2721 141 2750 ‘
164 2717 417 2782 moveri
437 2729 729 2805 possent:
780 2730 847 2781 et
863 2738 1036 2780 nunc
1066 2714 1134 2780 id
1154 2714 1385 2791 furere,
1416 2713 1486 2777 id
1514 2736 1588 2778 ae
1663 2736 1700 2777 e
1720 2712 1873 2800 pati,
1895 2711 2072 2812 quod
2094 2713 2229 2777 sine

122 2808 143 2836 ‘
166 2802 249 2867 L.
272 2804 373 2867 Pa
416 2804 553 2882 irio,
599 2826 733 2868 non
766 2804 1057 2878 inermes,
1091 2823 1222 2865 non
1258 2799 1469 2865 manci
1508 2800 1598 2863 mi
1625 2800 1740 2864 'tes
1767 2799 2024 2877 fuerint,
2057 2798 2232 2886 quod

126 2894 145 2921 ‘
164 2912 233 2954 se
260 2889 347 2964 Q,
427 2890 607 2955 abins
627 2890 997 2976 magistrum
1015 2887 1307 2975 equitum
1337 2886 1614 2964 duxerit,
1639 2910 1711 2951 ac
1733 2908 1864 2950 non
1895 2906 2232 2951 accensum

128 2980 147 3008 ‘
164 2975 513 3041 dictatoris.
609 2974 791 3051 Quid
812 2974 993 3039 illum
1010 2975 1323 3040 facturum
1351 2973 1566 3051 fuisse,
1583 2973 1656 3050 si,
1681 2972 1858 3061 quod
1879 2972 2031 3038 belli
2051 2994 2232 3037 casus

127 3066 147 3096 ‘
166 3061 408 3139 ferunt,
442 3061 519 3125 M
664 3084 745 3126 ue
776 3061 1147 3138 communis,
1179 3060 1441 3127 adversa
1476 3082 1696 3148 pugna
1723 3059 2070 3135 evenisset3
2119 3058 2232 3145 qui

128 3152 149 3181 ‘
170 3148 316 3225 sibi,
347 3148 611 3213 devictis
696 3148 955 3224 ostibuS,
984 3146 1312 3233 republica
1342 3147 1510 3211 bene
1538 3157 1736 3232 gesta,
1769 3146 1860 3209 ita
1887 3157 1960 3209 ut
1989 3166 2122 3209 non
2150 3144 2232 3207 ab

130 3238 149 3266 ‘
172 3232 288 3299 illo
327 3234 519 3299 unico
548 3233 713 3298 duce
750 3232 977 3297 melius
1004 3232 1140 3318 geri
1270 3232 1481 3307 tuerit,
1513 3229 1896 3317 supplicium
1931 3228 2232 3327 magistro

131 3321 463 3408 ‘equitum
491 3320 815 3385 minetur?
903 3318 1138 3403 Neque
1216 3317 1351 3382 lum
1389 3316 1688 3402 magistro
1717 3314 2012 3400 equitum
2039 3312 2233 3378 mfes-

129 3408 150 3435 ‘
168 3406 419 3483 tiorem,
451 3428 643 3494 quam
674 3404 947 3473 tribunis
974 3402 1269 3479 militum,
1295 3423 1489 3488 quam
1518 3399 2018 3476 centurionibuS,
2038 3421 2233 3498 quam

133 3496 153 3526 ‘
174 3491 482 3557 militibus
539 3514 691 3557 esse.
789 3490 859 3557 Si
908 3489 1123 3577 possit,
1170 3488 1239 3552 in
1300 3509 1522 3553 omnes
1571 3486 1957 3553 saeviturum
2001 3485 2227 3549 fuisse:

134 3583 153 3612 ‘
170 3579 326 3663 quia
353 3578 422 3644 id
466 3590 763 3665 nequeat,
794 3578 865 3641 in
893 3598 1097 3640 unum
1124 3574 1381 3641 saevire.
1474 3572 1690 3637 Etiam
1733 3569 2059 3648 invidiam,
2091 3582 2233 3635 tan·

135 3668 155 3701 ⁶
176 3685 371 3748 quam
400 3665 638 3752 ignem,
668 3684 917 3728 summa
1040 3674 1208 3737 tere3
1256 3661 1325 3727 in
1364 3672 1558 3746 caput
1592 3657 1858 3736 consilii,
1889 3657 1960 3724 in
1999 3657 2232 3723 ducem

136 3755 155 3785 ‘
172 3749 513 3817 incurrere.
608 3749 679 3816 Si
708 3772 775 3815 se
806 3684 1171 3814 simutl'ecum
1198 3746 1403 3834 gloria
1434 3746 1526 3810 rei
1557 3758 1772 3833 gestae
1808 3745 2231 3822 exstinxisset,

198 3989 231 4039 6
262 3994 417 4043 Fabio
434 3994 651 4053 aunem-i]
686 4006 753 4040 sc.
771 3990 927 4041 Fabio
949 3989 1149 4050 Pictori‚
1214 3993 1447 4052 quantem
1466 3987 1586 4038 facit
1603 3988 1816 4037 Fabium
1830 3986 2013 4036 Livius.
2050 3986 2234 4058 ‚Dum

136 4055 471 4117 antiqui-aimo
490 4072 653 4105 rerum
676 4057 1015 4105 Romanorum
1036 4054 1149 4103 scri-
1214 4054 1413 4115 quidem
1471 4052 1688 4115 magistri
1741 4051 1962 4111 equitum
2017 4050 2234 4119 riserant

138 4120 279 4175 ptori.
344 4120 483 4168 Huic
514 4120 649 4169 haud
674 4118 821 4167 dubie
854 4118 999 4167 huius
1029 4118 1149 4167 belli
1216 4116 1449 4176 Romani,
1468 4118 1556 4165 sed
1583 4116 1802 4177 auspicio
1830 4111 2094 4183 dictatoris.
2160 4109 2232 4157 Si-

138 4182 371 4233 memoria
390 4190 443 4233 et
460 4184 592 4232 fama
608 4182 803 4245 gentilis
824 4182 897 4230 sui
922 4182 989 4239 Q„
1008 4180 1151 4231 Fabii
1214 4182 1414 4243 quidem
1452 4179 1682 4241 magister
1717 4175 1940 4237 equitum
1983 4186 2090 4235 ipse
2121 4186 2235 4245 ‘non

140 4240 345 4296 Maximi
366 4262 663 4310 magnopere
684 4261 829 4295 curae
850 4250 968 4295 erat.
1215 4244 1427 4293 habebat
1458 4242 1696 4305 auspicia,
1725 4240 1810 4289 sed
1842 4236 2052 4311 imperio
2083 4235 2236 4309 diets,-

208 4322 233 4370 7
266 4312 419 4361 Cuius
460 4314 615 4360 ductu
657 4312 971 4373 auspicioque
1012 4311 1152 4360 vicie-
1217 4306 1335 4356 toris
1362 4310 1415 4354 et
1441 4305 1672 4367 auspiciis
1691 4304 1902 4377 suberat.
1957 4300 2078 4349 vad.
2101 4299 2236 4349 Pen—

142 4376 269 4435 sent]
320 4374 423 4424 Hic
456 4388 557 4423 non
591 4374 793 4423 omnino
827 4378 1052 4423 semme
1084 4373 1153 4419 lo-
1218 4386 1325 4421 zon.
1349 4368 1612 4420 Animadv.
1637 4368 1772 4415 Hist-
1800 4376 1842 4427 7.
1879 4365 2044 4415 Can·
