3000 4784
685 175 814 237 314
1450 168 1677 237 ΤΙΤῙ
1739 167 2014 237 LIVII

359 317 430 367 U.
452 318 514 368 c.
539 328 648 382 359·
685 307 1038 373 humanum
1073 306 1287 386 etiam,
1317 304 1543 371 visum.
1614 304 1785 371 Iovis
1834 303 2127 390 Solisque
2165 302 2355 389 equis
2394 302 2825 389 ‘aequiparat-h

357 383 420 433 A·
453 384 498 433 c
539 396 649 447 393·
687 393 1082 469 dictatorem,
1117 392 1186 457 in
1227 391 1604 479 religionem
1642 392 1835 457 etiam
1876 390 2249 455 trahebant:
2300 388 2786 489 triumphusque

685 480 770 544 ob
821 501 963 543 eam
1021 500 1216 543 unam
1271 479 1551 543 maxime
1609 500 1745 543 rem
1796 476 2043 554 clarior,
2096 498 2291 562 quam
2340 489 2607 562 gratior,
2652 475 2785 539 fuit.

687 564 862 629 Tum
902 563 1136 629 Iunoni
1184 564 1472 651 Reginae
1522 564 1833 651 templum
1881 562 1951 627 in
1995 562 2325 627 Aventino
2376 562 2637 638 locavit,
2684 562 2791 626 de-

687 651 1048 737 dicavitque
1081 650 1374 716 Matutae
1411 650 1647 716 Matri:
1697 663 1909 736 atque,
1951 649 2051 713 his
2088 648 2321 712 divitiis
2365 647 2791 735 humanisque

361 744 572 794 Decima
687 739 876 802 rebus
909 738 1120 824 gestis,
1152 737 1467 803 dictatura
1506 760 1573 801 se
1614 736 1947 801 abdicavit.
2039 735 2171 821 Agi
2200 734 2440 800 deinde
2472 734 2559 799 de
2596 734 2794 822 Apol-

357 810 572 922 praed?
609 875 647 922 1-
685 824 834 889 linis
855 824 1024 888 dono
1049 838 1382 911 coeptum:
1417 824 1525 887 cui
1552 847 1619 887 se
1642 823 1959 887 decimam
1980 823 2221 886 vovisse
2245 820 2523 908 praedae
2546 835 2793 909 partem

359 888 607 988 i’iffdaff
686 933 888 996 quum
917 910 1159 975 diceret
1193 909 1524 987 CamilluS,
1641 909 1889 973 ntifices
1924 908 2298 973 solvendum
2334 907 2446 971 rel*
2504 908 2655 972 'one
2682 932 2795 995 po-

685 996 908 1084 pulum
939 1011 1306 1073 censerent3
1349 995 1525 1061 haud
1650 996 1733 1060 ile
1764 996 2043 1061 inibatur
2070 995 2243 1059 ratio·
2260 994 2458 1058 iuben
2510 994 2525 1007 “
2560 994 2793 1059 referre

683 1082 984 1170 praedam
1023 1106 1108 1171 po
1155 1082 1354 1160 ulum,
1387 1096 1460 1148 ut
1502 1105 1587 1147 ex
1628 1104 1706 1147 ea
1792 1104 1891 1147 ans
1930 1080 2147 1145 debita
2184 1080 2254 1143 in
2292 1103 2550 1144 sacrum
2590 1104 2794 1147 secer-

684 1182 960 1235 neretur.
1081 1106 1378 1234 faudem
1435 1192 1533 1245 e0,
1586 1191 1677 1255 qu
1820 1167 2209 1231 levissimum
2265 1166 2633 1245 videbatur,
2684 1168 2795 1232 de-

683 1278 939 1321 cursum
966 1268 1084 1335 est,
1107 1268 1200 1333 ut,
1223 1254 1337 1341 qui
1365 1277 1433 1319 se
1463 1255 1857 1343 domumque
1886 1252 2193 1339 religione
2221 1252 2555 1318 exsolvere
2580 1254 2793 1331 vellet,

686 1365 886 1429 quum
944 1343 1198 1407 sibimet
1247 1342 1381 1442 ipse
1439 1341 1743 1428 praedam
1801 1340 2191 1405 aestimasset
2245 1362 2444 1417 suam,
2502 1340 2793 1405 decimae

685 1431 962 1516 pretium
1019 1428 1214 1515 partis
1269 1450 1340 1493 m
1398 1427 1727 1515 publicum
1782 1426 2090 1491 deferret:
2156 1438 2233 1490 ut
2280 1448 2365 1491 ex
2416 1449 2499 1491 eo
2546 1425 2795 1491 donum

685 1538 970 1592 aureum,
1023 1515 1291 1602 dignum
1337 1513 1758 1600 amplitudine
1811 1511 2034 1599 templi
2084 1534 2159 1577 ac
2209 1512 2477 1577 numine
2529 1512 2665 1591 dei,
2712 1536 2793 1578 ex

685 1601 995 1701 dignitate
1025 1600 1247 1688 populi
1279 1600 1556 1665 Romani
1586 1600 1784 1664 fieret.
1877 1597 1977 1663 Ea
2004 1622 2263 1685 quoque
2298 1598 2559 1665 collatio
2638 1600 2795 1665 lebis

683 1710 929 1751 ammos
959 1710 998 1751 a
1030 1686 1306 1752 Camillo
1335 1686 1649 1751 alienavit.
1742 1684 1923 1749 Inter
1956 1684 2115 1749 haec
2155 1685 2565 1772 pacificatum
2626 1688 2795 1775 egati

685 1796 724 1837 a
751 1771 1002 1837 Volscis
1029 1786 1096 1837 et
1126 1772 1374 1858 Aequis
1401 1784 1754 1837 venerunt:
1802 1771 2265 1857 impetrataque
2302 1794 2449 1858 pax,
2482 1794 2697 1860 ωερε
2724 1787 2795 1837 ut

681 1858 845 1923 sessa
895 1874 1024 1922 tam
1070 1858 1321 1922 diutino
1372 1857 1541 1924 bello
1599 1858 2029 1944 acquiesceret
2079 1857 2317 1935 civitas»,
2366 1880 2563 1945 quam
2616 1859 2795 1947 quod

733 1945 746 1959 '
843 1945 864 2008 i
939 1956 1204 2009 etereut.

459 2048 567 2105 24,
683 1944 950 2096 Qeips
978 2031 1198 2118 captis,
1227 2053 1342 2096 sex
1371 2032 1659 2097 tribunos
1686 2029 1961 2095 militum
1990 2030 2305 2097 consulari
2333 2043 2657 2117 potestate
2698 2034 2799 2097 in-

361 2130 428 2179 U.
453 2130 512 2179 c,
539 2127 646 2191 360.
685 2140 960 2204 sequens
987 2140 1190 2183 annus
1219 2117 1459 2195 habuit,
1492 2116 1656 2183 duos
1684 2117 1758 2182 P.
1789 2116 2143 2193 Cornelioe,
2180 2115 2453 2182 Cossum
2482 2130 2553 2183 et
2586 2118 2799 2207 Scipi-

318 2266 324 2271 .
357 2195 420 2307 ᾗ·
438 2194 512 2307 g·
540 2208 647 2304 391}-
685 2228 896 2282 onem,
929 2204 1024 2269 M.
1049 2203 1380 2269 Valerium
1417 2203 1780 2269 Maximum
1808 2204 2062 2281 iterum,
2098 2203 2183 2267 K.
2208 2202 2475 2268 Fabium
2508 2204 2799 2271 Ambus-

358 2272 668 2434 2243ae
849 2291 1124 2441 me:
1151 2290 1236 2441 {a
1251 2288 1971 2441 {siffleduuffim
1994 2288 2427 2441 ..wne
2446 2288 2795 2443 ..g-[123.

408 2400 444 2433 r·
530 2400 580 2433 ι.
811 2400 960 2441 mm.
1237 2400 1272 2441 e
1594 2400 1741 2441 cum
1828 2400 1863 2441 e
1914 2400 1957 2441 u
2244 2400 2309 2439 .r1
2394 2400 2469 2441 ac

360 2448 666 2499 Vua-inbelle.
691 2461 987 2551 Capenas
1029 2400 1194 2529 sor‘te
1235 2463 1466 2529 evenit.
1560 2464 1669 2527 Ab
1712 2464 1791 2527 iis
1830 2400 2193 2528 nonuiirbes
2230 2462 2293 2527 vi
2334 2476 2447 2527 aut
2485 2402 2795 2551 operribtlg

687 2562 989 2629 tentatae,
1047 2550 1162 2617 sed
1229 2572 1378 2637 ager
1436 2563 1535 2614 est
1600 2549 2041 2649 depopulatus,
2100 2548 2502 2649 praedaeque
2574 2574 2795 2617 rerum

687 2638 1028 2723 agrestium
1079 2650 1294 2701 actae:
1358 2635 1537 2701 nulla
1589 2635 1744 2701 fehx
1802 2636 2003 2713 arbor,
2063 2636 2227 2700 mhil
2282 2636 2663 2723 frugiferum
2720 2638 2795 2702 in

685 2744 838 2809 agro
879 2722 1191 2787 relictum.
1285 2721 1384 2786 Ea
1433 2721 1647 2787 clades
1702 2720 2099 2810 Capenatem
2150 2722 2461 2809 populum
2510 2724 2791 2811 subegit.

359 2822 547 2899 Seditio
568 2824 651 2871 do-
687 2808 828 2873 Pax
853 2808 1219 2907 petentibus
1248 2809 1409 2873 data.
1504 2807 1585 2873 In
1614 2808 1872 2873 Faliscis
1900 2808 2139 2875 bellum
2168 2810 2457 2873 restabat.
2538 2809 2794 2875 Romae

358 2902 444 2935 ¹¹¹¹·
686 2894 942 2959 interlm
982 2893 1318 2980 multiplex
1353 2894 1583 2960 seditio
1612 2908 1779 2960 erat:
1823 2895 2003 2961 cuius
2032 2894 2367 2960 leniendae
2397 2918 2591 2961 causa
2614 2897 2797 2963 colo-

689 2979 861 3042 niam
899 2979 972 3042 in
1010 2979 1294 3056 Volsco&
1325 3002 1456 3066 quo
1493 2981 1615 3045 tria
1652 2980 1852 3046 millia
1888 2981 2123 3047 civium
2162 2980 2605 3047 Romanorum
2634 2985 2795 3049 scri-

687 3065 1010 3143 bere-ntur,
1070 3064 1517 3131 deducendam
1584 3080 1996 3133 censuerant:
2074 3068 2514 3155 triumvirique
2576 3070 2665 3135 ad
2720 3070 2793 3135 id
2952 3114 2954 3149 3

687 3152 882 3217 creati
935 3164 1114 3219 terna
1169 3152 1389 3240 iugera
1445 3168 1512 3218 et
1560 3167 1897 3254 septunces
1948 3154 2183 3219 viritim
2234 3153 2595 3220 diviserant.
2694 3156 2837 3225 Eas

687 3238 938 3326 largitio
977 3240 1191 3327 sperni
1231 3254 1494 3327 coepta3
1542 3264 1694 3327 qma
1736 3241 1869 3327 spei
1914 3240 2165 3305 maioris
2200 3240 2581 3306 avertendae
2624 3242 2793 3309 sola-

362 3344 516 3395 Veios
689 3326 852 3389 tium
895 3326 1213 3391 obiectum
1258 3328 1618 3392 censebant.
1714 3325 1852 3391 Cur
1894 3326 2067 3391 enim
2110 3326 2375 3413 relegari
2461 3326 2681 3393 lebem
2722 3331 2793 3394 in

359 3408 581 3458 trammi-
687 3410 970 3489 Volscos,
1001 3436 1204 3500 quum
1247 3413 1671 3501 pulcherrima
1702 3414 1851 3479 urbs
1880 3412 2029 3477 Veii
2066 3436 2343 3501 agerque
2384 3350 2792 3481 &Peientanus

359 3474 660 3587 Μὴ
688 3498 754 3562 in
787 3514 1131 3586 conspectu
1151 3500 1251 3577 sit,
1277 3500 1530 3566 uberior
1558 3499 1949 3587 ampliorque
1976 3500 2273 3565 Romano
2292 3522 2443 3586 agro
2458 3500 2490 3563 1>
2536 3498 2787 3569 Urbem
2804 3518 2835 3569 6

361 3601 514 3663 cupit.
688 3608 944 3673 quoque
975 3587 1117 3651 urbi
1149 3585 1414 3663 Romae,
1443 3586 1548 3651 vel
1576 3586 1722 3664 situ,
1752 3586 1855 3650 vel
1882 3586 2357 3674 magnificentia
2380 3585 2791 3673 publicorum

751 3773 783 3816 4
803 3758 936 3805 Iove}
945 3758 1162 3821 Solisque
1174 3760 1335 3821 equis]
1353 3759 1538 3807 Currus
1554 3758 1704 3820 enim,
1766 3765 1955 3822 septem
1968 3760 2635 3825 duodecimasiugeripartes,
2646 3764 2787 3829 quip-

687 3818 813 3868 albis
856 3818 994 3881 equis
1034 3819 1246 3881 iunctus,
1281 3822 1359 3871 his
1401 3822 1516 3872 Diis
1556 3822 1703 3872 tribui
1766 3840 1831 3887 pe
1852 3826 2003 3875 uncia
2024 3841 2219 3888 semper
2242 3841 2331 3888 pro
2353 3828 2640 3879 duodecim
2666 3846 2787 3892 per·-

688 3882 890 3932 solebat.
958 3882 1108 3931 Porro
1133 3885 1310 3934 durum
1343 3886 1535 3935 videtur
1553 3889 1705 3936 dicta-
1768 3896 1815 3937 te
1846 3888 1933 3949 rei,
1963 3894 2020 3937 ut
2054 3904 2179 3951 quae
2212 3890 2321 3953 ipsa
2351 3891 2650 3943 duodecima
2680 3909 2790 3957 pars

687 3956 836 3997 torem
857 3950 1178 4011 aequiparari
1197 3952 1352 4014 equis,
1367 3966 1519 4013 quum
1544 3950 1707 4015 potius
1768 3952 1888 4001 assis
1909 3952 2113 4013 libralis,
2132 3954 2347 4015 ponitur.

689 4011 952 4061 dicendum
986 4018 1129 4073 esset,
1159 4015 1440 4064 dictatorem
1471 4018 1706 4091 aequipa-
1833 4015 1865 4065 6
1904 4018 2080 4068 Urbem
2100 4022 2313 4081 quoque]
2350 4018 2487 4067 Plut.
2508 4019 2563 4068 in
2579 4020 2725 4071 Cam.
2744 4038 2786 4072 α.

688 4079 796 4125 rari
828 4078 936 4125 Iovi
967 4078 1178 4141 Soliwe.
1244 4079 1306 4128 cf.
1343 4094 1474 4142 supr.
1512 4078 1581 4129 ixi.
1622 4078 1698 4129 26.
1765 4086 1816 4131 et
1826 4080 2239 4145 Dion.[Exe.Vat.
2255 4082 2339 4130 xii.
2361 4096 2433 4145 13·
2450 4085 2629 4133 urbem
2638 4086 2789 4137 Veios

689 4140 798 4189 inst.
819 4140 884 4187 ix.
914 4156 985 4190 10.
1019 4140 1236 4193 Srnoru.
1766 4144 1933 4195 Roma
1953 4160 2052 4196 non
2072 4146 2350 4197 inferiorem
2371 4146 2523 4199 fixisse
2542 4150 2781 4201 scn‘bunt.

755 4216 782 4265 5
816 4206 1105 4267 Septuma]
1150 4208 1352 4271 Septem
1375 4206 1565 4267 uncins,
1582 4206 1631 4257 h.
1656 4224 1699 4261 e.
