3000 4784
834 218 1025 285 LIB.
1075 219 1263 287 VIII.
1339 222 1558 290 CAP.
1613 230 1710 291 12.
2189 232 2318 293 465

176 352 329 437 qui
369 374 459 452 po
504 352 593 418 uli
635 352 949 442 Campani
994 358 1218 435 fuerat,
1254 380 1459 446 usque
1503 360 1588 425 ad
1617 359 2008 425 Vulturnum
2051 361 2312 440 flumen,
2333 374 2402 427 U.
2423 374 2484 425 ο.
2506 389 2619 439 4¹5·

98 462 145 509 7
174 438 388 525 plebi
536 462 758 505 manae
806 441 1129 509 dividitur.
1221 444 1389 510 Bina
1428 446 1499 509 in
1544 445 1779 511 Latino
1823 447 2062 534 iugera,
2105 448 2200 512 ita
2241 462 2316 514 ut
2330 440 2392 489 A.
2425 440 2485 491 Ο·
2511 454 2622 502 337·

174 522 591 591 dodrantem
635 547 721 591 ex
765 527 1123 594 Privernati
1167 531 1580 618 complerent,
1621 531 1808 609 data3
1855 546 2038 599 terna
2079 533 2148 597 in
2193 532 2314 599 Fa-

172 609 414 689 lerno,
436 612 891 697 quadrantibus
914 616 1105 681 etiam
1178 638 1249 681 ro
1280 617 1497 705 longin
1547 618 1746 683 nitate
1767 618 2045 685 adiectis.
2110 618 2314 686 Extra

174 718 485 781 poenam
512 698 691 763 fuere
720 700 1097 766 Latinorum
1332 716 1475 768 ntes
1563 727 2105 791 ampanorumque
2127 708 2312 793 equi-

174 796 331 860 tes,
389 784 541 869 quia
596 808 729 849 non
788 786 1199 853 desciverant.
1312 788 1485 853 Cum
1539 790 1962 856 Laurentibus
2019 794 2312 859 renovari

178 868 435 933 foedus
476 870 757 935 iussum:
805 886 1271 962 renovaturque
1316 898 1399 939 ex
1442 897 1522 940 eo
1565 876 1906 963 quotannis
1948 890 2093 977 post
2133 878 2309 943 diem

102 968 155 1017 8
178 954 531 1019 decimum
578 957 968 1023 Latinarum.
1062 960 1403 1047 Equitibus
1454 960 1800 1049 Campanis
1849 964 2072 1028 ciwtas
2117 963 2304 1029 data:

182 1056 757 1130 monumentoque
788 1058 862 1109 ut
890 1058 1074 1123 esset,
1104 1068 1367 1111 aeneam
1408 1046 1684 1112 tabulam
1727 1048 1792 1111 in
1835 1048 1992 1113 aede
2027 1049 2310 1115 Castoris

186 1127 459 1192 Romae
488 1129 783 1193 fixerunt.
876 1130 1167 1219 Vectigal
1205 1154 1463 1219 quoque
1505 1133 1582 1197 iis
1625 1132 1992 1219 Campanus
2031 1158 2120 1221 po
2165 1134 2310 1200 ulus

116 1238 165 1285 9
186 1212 417 1277 iussus
444 1215 724 1301 pendere
754 1216 823 1279 in
852 1217 1131 1303 singulos
1161 1218 1499 1304 quotannis
1529 1218 1736 1305 (fuere
1777 1232 1992 1283 autem
2031 1158 2206 1284 misse
2241 1233 2310 1285 et

186 1300 527 1387 sexcenti)
588 1300 879 1365 denarios
938 1326 1232 1368 nummos
1282 1303 1754 1391 quadringenos
1804 1306 2304 1391 quinquagenos.

188 1384 313 1449 Ita
363 1384 531 1451 bello
692 1400 777 1463 tc,
826 1389 1123 1474 praemiis
1167 1412 1291 1475 poe
1422 1413 1503 1454 ue
1554 1412 1672 1477 pro
1723 1390 2028 1477 cuiusque
2079 1391 2306 1457 merito
2431 1394 2530 1453 12.

128 1503 157 1535 1
186 1470 563 1557 persolutis,
656 1520 673 1536 .
698 1472 981 1538 Manlius
1013 1474 1288 1539 Romam
1316 1496 1383 1539 re
1435 1475 1542 1539 '‘t:
1581 1476 1688 1539 cui
1715 1476 2000 1542 venienti
2028 1476 2306 1541 seniores

190 1569 459 1621 tantum
488 1559 736 1623 obviam
766 1560 969 1623 exisse
992 1573 1273 1636 constat3
1306 1560 1726 1638 iuventutem,
1749 1574 1816 1626 et
1844 1574 2018 1640 tunc,
2042 1574 2109 1627 et
2129 1562 2306 1627 omni

188 1644 342 1707 vita
366 1643 621 1721 deinde,
652 1658 999 1710 aversatam
1028 1668 1177 1710 eum
1205 1660 1740 1735 exsecratamque.

294 1728 594 1793 Antiates
634 1730 705 1794 in
748 1754 969 1819 agrum
1004 1730 1385 1810 Ostiensem,
1419 1732 1790 1811 Ardeatem,
1833 1732 2162 1799 Solonium
2205 1734 2306 1799 in-

192 1815 531 1879 cursiones
558 1815 863 1881 fecerunt.
956 1816 1241 1883 Manlius
1280 1818 1520 1895 consul,
1553 1820 1705 1905 quia
1741 1820 1877 1907 ipse
1913 1842 2029 1907 per
2061 1820 2305 1886 valetu-
2321 1833 2380 1883 L.
2407 1832 2634 1896 Papirius

193 1902 429 1965 dinem
457 1901 525 1965 id
552 1901 793 1967 bellum
816 1904 1079 1991 exsequi
1100 1904 1453 1990 nequierat,
1476 1904 1852 1971 dictatorem
1875 1905 1952 1969 L.
1973 1906 2305 1994 Papirium
2319 1898 2543 1948 ‘fimf-

200 1986 534 2064 Crassum,
565 1988 679 2074 qui
708 2001 843 2053 tum
872 1989 1033 2054 forte
1068 2004 1205 2053 erat
1282 2002 1510 2068 metor,
1543 1990 1741 2055 dixit:
1791 1991 1869 2056 ab
1897 2014 1976 2057 eo
2157 1992 2306 2059 ‘ster

196 2074 501 2160 equitum
530 2074 607 2138 L.
629 2074 920 2162 Papirius
952 2074 1193 2140 Cursor
1220 2013 1446 2141 dictus.
1541 2075 1726 2139 Nihil
1755 2079 2098 2142 memorabi
2126 2101 2163 2142 e
2193 2078 2306 2143 ad-

196 2182 425 2225 versus
450 2160 743 2225 Antiates
772 2160 852 2225 ab
876 2160 1183 2225 dictatore
1256 2174 1463 2225 estum
1490 2173 1606 2238 est,
1631 2183 1828 2247 quum
1861 2160 2104 2248 aliquot
2125 2186 2308 2227 men-

336 2246 564 2310 stativa
589 2247 659 2309 in
688 2269 838 2346 agro
868 2246 1121 2311 Antiati
1149 2246 1235 2311 ha
1278 2247 1487 2311 uisset.

296 2332 496 2396 Anno
524 2331 760 2419 insigm
788 2332 1053 2397 victoria
1079 2332 1160 2397 de
1202 2344 1300 2399 tot
1339 2356 1413 2397 ac
1453 2345 1585 2396 tam
1623 2332 1992 2419 potentibus
2029 2332 2303 2420 populis,

200 2417 293 2483 ad
326 2416 449 2482 hoc
485 2418 815 2483 consulum
854 2418 1111 2482 alterius
1148 2418 1347 2483 nobili
1388 2430 1610 2495 morte,
1642 2417 1898 2483 alterius
1925 2418 2090 2483 sicut
2117 2419 2302 2496 truci,

198 2503 301 2568 ita
347 2504 519 2569 claro
561 2504 644 2569 ad
684 2505 1075 2582 memoriam,
1126 2504 1215 2569 im
1298 2504 1413 2581 rio,
1460 2525 1814 2569 successere
1858 2504 2148 2569 consules
2198 2503 2300 2569 Ti.
2322 2519 2390 2569 U.
2413 2521 2472 2571 c.
2495 2518 2608 2581 416.

205 2589 529 2654 Aemilius
581 2589 1013 2655 Mamercinus
1064 2603 1131 2655 et
1307 2588 1626 2655 Publilius
1675 2588 1904 2665 Philo;
1971 2612 2184 2675 neque
2233 2590 2302 2653 in
2320 2584 2384 2695 ἐξ
2403 2581 2616 2696 ξὲῃξνί-’ἰξᾶ

202 2674 484 2740 similem
530 2677 857 2741 materiam
902 2698 1133 2753 rerum,
1176 2690 1243 2741 et
1287 2676 1407 2763 ipsi
1452 2687 1566 2739 aut
1609 2697 1866 2740 suarum
1909 2694 2146 2753 rerum,
2193 2688 2306 2741 aut
2323 2679 2634 2766 Q'Publilio’

204 2762 487 2848 partium
526 2761 595 2825 in
632 2762 959 2850 republica
996 2762 1214 2849 magis,
1245 2784 1438 2847 quam
1466 2761 1727 2848 patriae,
1759 2782 2086 2826 memores.
2179 2761 2308 2826 La-
2322 2774 2458 2823 Con.

155 2868 187 2901 α
206 2848 397 2925 tinos,
448 2849 529 2912 ob
574 2847 735 2913 iram
780 2850 916 2935 agri
962 2848 1172 2913 amissi
1218 2847 1616 2925 rebellantes,
1661 2848 1732 2911 in
1781 2847 2021 2934 campis
2065 2846 2308 2913 Fenec-

278 3012 305 3061 7
335 3002 475 3049 Bina
506 3003 563 3049 in
591 3004 771 3051 Latino
800 3004 1001 3063 iugera]
1068 3003 1231 3053 Locus

207 3064 281 3113 ita
313 3064 642 3127 accipiendus.
718 3065 845 3124 Illis,
877 3066 961 3127 qui
994 3064 1044 3113 in
1086 3064 1230 3114 Latio

207 3143 351 3191 agros
382 3134 693 3191 acceperunt,
718 3130 836 3178 data
864 3134 977 3177 sunt
1010 3128 1127 3177 bina
1156 3129 1227 3176 iu-

207 3208 325 3254 gera
354 3192 459 3253 agri
491 3192 673 3251 Latini,
694 3198 745 3241 et
776 3192 973 3255 insuper
1000 3193 1228 3252 dodrans,

208 3272 277 3305 sc.
302 3262 402 3303 tres
420 3262 623 3317 quartae
646 3262 807 3318 partes
834 3256 985 3318 iugeri
1018 3272 1081 3303 ex
1114 3270 1228 3319 agro

211 3318 505 3379 Privernati,
538 3319 637 3368 illis
667 3326 853 3378 autem,
884 3318 967 3381 qui
996 3318 1047 3367 in
1081 3320 1227 3368 Cam-

212 3382 381 3445 pania,
405 3384 522 3431 data
554 3389 669 3431 sunt
700 3383 901 3445 singulis
936 3382 1030 3431 tria
1063 3382 1229 3444 iugera

209 3446 313 3509 agri
367 3446 590 3505 Falerni3
638 3447 881 3508 quadrans
932 3452 1114 3504 autem,
1160 3462 1227 3495 sc.

212 3514 390 3571 quarta
404 3524 517 3571 pars
532 3510 701 3572 iugeri,
714 3524 860 3571 quam
881 3509 933 3556 hi
955 3512 1067 3571 plus
1079 3524 1227 3571 quam

212 3573 287 3622 ini
328 3580 641 3648 acceperunt,
681 3573 875 3623 adiecta
916 3580 990 3621 est
1032 3578 1231 3635 propter

213 3636 313 3701 agri
376 3637 517 3685 istius
576 3637 996 3699 longinquitatem.
1052 3636 1228 3685 Dant.

216 3702 363 3749 Haec
385 3700 603 3749 Strothio
624 3708 675 3749 et
692 3702 917 3763 Ruperto
938 3700 1132 3759 arridet,
1145 3700 1230 3748 sed

213 3765 315 3813 alia
350 3764 514 3813 forsan
548 3764 657 3813 aliis
688 3764 835 3813 huius
868 3764 965 3813 loci
998 3764 1229 3827 interpre-

214 3828 340 3876 tatio
362 3828 618 3890 placuerit.
651 3828 713 3876 cf.
733 3828 783 3876 N
787 3828 939 3876 iebhr.
962 3827 1030 3875 iii.
1053 3844 1101 3876 n.
1121 3825 1228 3889 256.

290 3893 321 3940 8
362 3894 629 3954 Equitibus
664 3892 957 3954 Campanis]
1015 3891 1138 3949 Qui,
1176 3897 1232 3938 ut

218 3955 497 4004 Niebuhrio
517 3956 699 4018 placet,
718 3954 875 4017 gentis
895 3954 1125 4017 antiquae
1148 3954 1231 4002 Sa-

219 4018 427 4068 bellicae
482 4018 715 4081 reliquiae
768 4025 924 4077 erant,
970 4032 1129 4079 neque
1182 4016 1233 4065 in

219 4083 393 4130 foedus
445 4083 812 4144 Campanorum
876 4096 988 4129 cum
1046 4080 1236 4130 Latinis

220 4146 443 4193 iunctum
467 4151 820 4195 consenserant.

284 4224 318 4273 9
351 4210 497 4259 Mille
518 4215 565 4258 et
584 4211 825 4268 sexcenti]
880 4209 1033 4257 Haud
1054 4207 1155 4257 scio
1172 4223 1239 4256 an

223 4278 455 4334 quattuor
494 4273 649 4321 tribus
686 4272 1029 4335 quadringenis
1064 4271 1239 4333 equiti-

224 4338 317 4383 bus
346 4334 429 4384 hic
460 4335 791 4398 designantur,
816 4350 1022 4397 quarum
1054 4335 1241 4385 unicui-

1292 3017 1389 3063 que
1406 3000 1603 3065 triginta
1615 3004 1804 3051 talenta
1815 3002 1866 3051 in
1881 3001 2178 3065 stipendium
2192 3006 2310 3053 data

1292 3072 1435 3115 suntt
1482 3065 1683 3129 triginta
1716 3066 1846 3115 enim
1883 3066 2071 3116 talenta
2102 3081 2309 3130 720,ooo

1292 3130 1550 3178 drachmas
1581 3129 1816 3189 efficiunt,
1837 3136 1888 3178 et
1919 3128 2024 3179 sina
2053 3131 2202 3179 dubio
2227 3132 2306 3179 de-

1290 3196 1475 3251 narios,
1488 3193 1621 3253 qaod
1640 3208 1793 3253 genus
1813 3192 2004 3241 nummi
2025 3194 2187 3241 adhuc
2209 3208 2308 3241 non

1292 3256 1531 3315 exstabat,
1544 3270 1634 3318 pro
1648 3257 1890 3304 drachmis
1909 3259 2074 3303 noster
2092 3254 2299 3317 scripsit.

1370 3334 1391 3367 1
1427 3320 1630 3366 Romam
1665 3320 1838 3377 rediit]
1901 3318 1969 3365 Et
2001 3316 2306 3379 triumphum

1292 3382 1451 3440 duxit,
1484 3382 1524 3429 si
1559 3380 1774 3430 Dionem
1806 3380 2075 3429 audiamus.
2111 3382 2172 3430 cf.
2187 3382 2305 3431 Dio.

1296 3445 1419 3494 Exc.
1446 3445 1562 3493 Vat.
1588 3459 1667 3507 29,
1689 3444 1772 3505 qui
1804 3444 1932 3492 hanc
1962 3450 2162 3507 propter
2193 3460 2306 3493 cau-

1292 3510 1399 3621 }ain‘
1429 3508 1670 3619 pggdilim
1709 3507 1782 3555 illi
1818 3506 2032 3555 maxime
2063 3508 2306 3557 infensum

1314 3587 1441 3619 uisse
1614 3606 1626 3619 .

1360 3651 1387 3683 2
1420 3636 1736 3695 Fmoccmis]
1776 3632 1943 3683 Huius
1961 3634 2176 3684 nominis
2194 3652 2305 3686 nus-

1293 3714 1441 3761 quam
1462 3697 1587 3746 alias
1607 3698 1791 3746 mentio
1811 3698 2036 3747 occurrit.
2103 3700 2226 3750 Ideo
2252 3700 2306 3751 ia

1294 3778 1354 3811 eo
1382 3760 1570 3825 aliquid
1599 3776 1702 3811 esse
1723 3760 1829 3811 vitii
1851 3762 2072 3825 plerique
2093 3765 2306 3816 credide·

1294 3832 1423 3875 runt.
1492 3826 1639 3875 Unus
1669 3841 1698 3874 e
1729 3825 1903 3874 nostris
1931 3828 2078 3877 MSS.
2109 3829 2309 3878 exhibet

1294 3892 1603 3940 Ferentanis.
1672 3890 1823 3939 Unde
1845 3890 2065 3939 firmatur
2087 3891 2310 3941 Douiatii

1296 3954 1577 4002 coniectura
1611 3955 1904 4003 Ferentinis.
1991 3954 2310 4003 Ferentinum

1298 4018 1413 4066 urbs
1444 4024 1518 4065 est
1553 4016 1880 4066 Hernicorum
1913 4032 2042 4079 supr.
2073 4017 2152 4065 vii.
2182 4032 2230 4079 9.
2259 4022 2311 4064 et

1298 4082 1361 4131 de
1396 4096 1528 4142 aqua
1563 4087 1614 4130 et
1647 4082 1762 4130 luco
1801 4080 2090 4128 Ferentinae
2126 4079 2313 4127 mentio

1300 4146 1433 4193 fucta
1462 4160 1495 4192 a
1526 4144 1665 4193 Livio
1687 4150 1778 4203 est,
1799 4158 1930 4205 supr.
1951 4142 1984 4191 i.
2009 4154 2084 4204 51.
2107 4148 2158 4189 et
2179 4140 2312 4191 alibi.

1302 4210 1463 4258 Oaav.
1545 4208 1642 4256 Sed
1685 4222 1854 4271 vocein
1891 4208 2184 4255 Fenectanis
2225 4206 2313 4254 mi-

1303 4272 1436 4321 nime
1456 4271 1814 4320 sollicitandam
1837 4275 2002 4319 censet
2023 4268 2180 4317 Drak.

1849 4394 1970 4458 nh

2323 2836 2610 2885 Latinorum

2321 2900 2540 2951 rebellio.
