3000 4784
824 244 1016 313 LIB.
1066 244 1219 313 VII.
1282 246 1495 321 CAP'.
1547 256 1648 315 33.
2158 258 2286 323 435

242 382 323 448 N
324 406 428 449 on
454 384 606 449 alias
634 383 821 451 militi
848 383 1217 451 familiarior
1244 386 1379 453 dux
1406 387 1548 465 fuit,
1579 388 1796 454 omnia
1829 390 1996 455 inter
2029 378 2281 459 infimos
2303 408 2369 459 U.
2394 412 2452 463 c.
2477 428 2587 475 41¹2.

138 470 455 535 militum
488 470 665 536 haud
698 486 955 559 gravate
986 473 1207 538 munia
1232 474 1550 540 obeundo.
1643 474 1723 539 In
1763 475 1916 541 ludo
1955 491 2278 564 praeterea
2298 474 2358 524 A.
2393 476 2453 527 0·
2477 488 2588 539 3⁴0·

132 556 453 635 militari,
484 578 686 643 quum
713 558 1067 625 velocitatis
1093 560 1451 648 viriumque
1492 562 1663 626 inter
1699 584 1765 627 se
1806 564 2101 651 aequales
2139 588 2278 631 cer-
2401 544 2505 639 33·

134 644 417 708 tamina
442 644 691 721 ineunt,
714 646 983 711 comiter
1006 646 1207 711 facilis
1227 648 1481 714 vincere
1513 670 1585 714 ac
1605 648 1776 713 vinci
1797 650 1980 716 vultu
2009 652 2235 718 eodem
2253 678 2273 732 3
2293 690 2485 741 corvus
2504 689 2573 741 ffi-

132 750 275 794 nec
308 748 713 818 quemquam
752 732 1072 819 aspernari
1220 756 1343 812 em,
1374 736 1490 821 qui
1517 756 1586 801 se
1615 736 1908 813 offerret3
1954 738 2135 804 finctis
2162 741 2262 806 be·
2291 754 2496 804 miliens
2511 758 2601 806 mi-

134 816 407 903 nignus
450 838 565 904 pro
609 838 696 895 re,
728 818 916 883 dictis
958 818 1088 883 hau
1180 821 1391 885 minus
1433 820 1740 887 libertatis
1783 823 2046 902 alienae,
2076 847 2272 914 quam
2290 818 2367 867 ¹³²¹
2389 820 2509 871 ‘¹¹¹¹-

130 924 305 967 suae
342 904 698 991 dignitatis,
728 926 1005 970 memor:
1054 917 1138 982 et,
1164 928 1295 994 quo
1322 908 1486 972 nihil
1503 905 1870 997 popularius
1897 924 2011 989 est,
2037 913 2270 999 quibus

130 989 407 1055 artibus
448 991 719 1077 petierat
758 991 1177 1079 magistratus,
1208 993 1436 1059 iisdem
1481 996 1759 1083 gerebat.
1852 996 2079 1084 Itaque
2125 1001 2267 1065 uni-
2288 1015 2534 1066 Proelium

128 1095 380 1141 versus
420 1078 755 1155 exercitae,
798 1078 1157 1144 incredibili
1202 1079 1522 1146 alacritate
1568 1081 2074 1149 adhortationem
2119 1108 2267 1173 pro-
2285 1096 2398 1157 ⁰¹3¹?
2421 1082 2557 1130 Sam-

107 1175 419 1227 :secutus
446 1162 645 1241 ducis,
669 1164 887 1229 castris
915 1165 1256 1252 egreditur.
1319 1166 1664 1244 Proelium,
1689 1180 1764 1233 ut
1784 1170 1961 1255 quod
1989 1172 2264 1239 maxime
2283 1146 2466 1259 22:3²⁸

130 1270 470 1335 unquam,
518 1251 656 1337 pari
706 1272 837 1337 spe,
887 1252 1208 1338 utrimque
1260 1252 1479 1339 aequis
1527 1254 1784 1331 viribuS,
1836 1276 1986 1320 cum
2031 1257 2270 1325 fiducia

126 1336 263 1413 sui,
297 1336 449 1401 sine
488 1349 863 1425 contemptu
896 1337 1195 1415 hostium,
1226 1339 1632 1405 commissum
1668 1352 1780 1406 est.
1877 1340 2268 1410 Samnitibus

106 1420 459 1487 :ferociam
509 1424 828 1511 augebant
877 1446 1079 1489 novae
1132 1444 1235 1489 res
1279 1438 1493 1512 gestae
1543 1438 1608 1490 et
1737 1450 1890 1492 ucos
1934 1441 2084 1494 ante
2129 1430 2266 1496 dies

128 1508 481 1593 geminata
522 1510 827 1587 victoria3
876 1508 1185 1575 Romanis
1228 1523 1451 1577 contra
1537 1535 1580 1576 u
1699 1513 2104 1601 ‘ngentorum
2150 1538 2264 1582 an-

128 1614 387 1659 norum
422 1594 655 1661 decora
691 1608 759 1661 et
796 1596 1091 1663 conditae
1132 1598 1278 1661 urbi
1316 1620 1439 1685 aeq
1548 1599 1598 1664 's
1625 1600 1927 1665 victoria:
1976 1602 2261 1691 utrisque

128 1692 371 1746 tamen
417 1703 619 1749 novus
661 1682 861 1747 hostis
910 1704 1126 1749 curam
1178 1684 1471 1751 addebat.
1565 1686 1622 1750 P
1755 1708 1796 1751 a
1835 1687 2076 1754 indicio
2118 1690 2258 1769 fluit,

130 1785 309 1853 quos
446 1769 677 1833 sserint
720 1769 1001 1834 animos:
1066 1792 1343 1858 namque
1390 1772 1481 1837 ita
1525 1792 1604 1837 co
1698 1774 1971 1853 ‘xerunt3
2020 1790 2095 1841 ut
2145 1777 2260 1841 ali-

128 1874 345 1939 quam
399 1854 465 1919 'u
492 1855 562 1919 in
590 1868 883 1920 neutram
912 1868 1160 1957 partem
1199 1857 1583 1927 inclinarent
1615 1860 1798 1925 acies.
1893 1861 2064 1927 Tum
2106 1886 2259 1929 oon-

130 1940 258 2017 sul,
294 1941 795 2029 trepidationem
838 1942 1249 2009 inliciendam
1291 1958 1483 2023 ratus,
1523 1946 1783 2033 quando
1817 1948 1882 2012 vi
1927 1950 2080 2036 pelli
2125 1968 2257 2016 non

128 2038 467 2111 poterant,
498 2052 535 2093 e
582 2027 823 2093 uitibus
862 2026 1156 2095 immissis
1202 2032 1455 2095 turbare
1503 2033 1712 2118 prima
1754 2034 1936 2120 signa
1977 2036 2257 2101 hostium

130 2126 435 2179 conatur.
530 2052 714 2190 auos
764 2114 877 2181 ubi
922 2113 1354 2217 nequicquam
1406 2117 1866 2183 tumultuantes
1925 2120 1994 2183 in
2049 2124 2256 2207 spatio

132 2200 384 2286 exiguo
427 2200 677 2267 volvere
722 2213 959 2267 turmas
1000 2202 1183 2279 vidit,
1228 2225 1348 2267 nec
1396 2224 1582 2306 posse
1629 2204 1872 2289 aperire
1924 2204 1994 2267 in
2043 2206 2256 2272 hostes

130 2285 333 2365 viam,
367 2299 656 2352 revectus
690 2284 773 2353 ad
808 2289 1253 2376 antesignanos
1288 2288 1637 2376 legionum,
1715 2311 1870 2354 uum
1901 2289 2258 2359 desiluisset

136 2390 221 2436 ex
276 2394 473 2461 equo,
520 2382 542 2413 ‘
565 2373 914 2453 Nostrum,’
959 2374 1192 2462 inquit,
1249 2384 1270 2415 ‘
1290 2375 1580 2463 peditum
1635 2376 1649 2393 ⁸
1703 2368 1810 2453 ud,
1857 2376 2110 2456 milites,
2157 2393 2255 2445 est

135 2464 157 2495 ‘
178 2480 365 2546 opus.
462 2460 525 2525 A
572 2461 833 2538 'tedum,
882 2474 957 2526 ut
1000 2480 1105 2527 me
1150 2460 1456 2539 videritis,
1505 2481 1889 2549 quacunque
1937 2463 2253 2531 incessero

136 2550 157 2581 ‘
176 2544 249 2609 in
280 2546 491 2611 aciem
564 2548 817 2625 ostium,
840 2547 1006 2613 ferro
1034 2548 1203 2613 viam
1234 2548 1594 2625 facientem,
1617 2549 1708 2613 sic
1737 2567 1853 2635 pro
1882 2570 1948 2613 se
1979 2551 2250 2637 quisque

134 2637 155 2667 ‘
177 2629 409 2697 obvios
464 2635 743 2699 sternite.
835 2634 957 2699 Illa
1007 2634 1239 2711 omnia,
1294 2655 1425 2721 qua
1472 2654 1650 2700 nunc
1707 2647 1954 2700 erectae
2013 2638 2252 2703 micant

134 2724 155 2753 ⁸
178 2714 425 2797 hastae,
470 2720 785 2807 patefacta
828 2732 1033 2808 strage
1076 2733 1251 2787 vasta
1294 2722 1606 2786 cernetis?
1695 2720 1880 2786 Haec
1919 2721 2090 2787 dicta
2135 2724 2250 2788 de-

132 2802 343 2883 derat,
379 2826 581 2893 quum
622 2808 873 2894 equites
916 2808 1191 2873 consulis
1238 2808 1414 2873 iussu
1459 2808 1826 2873 discurrunt
1869 2809 1940 2873 in
1987 2828 2244 2889 cornua,

131 2886 499 2978 legionibus
538 2894 609 2957 in
648 2890 923 2959 mediam
964 2894 1164 2959 aciem
1208 2896 1505 2983 aperiunt
1537 2894 1723 2959 viam.
1815 2895 2067 2961 Primus
2110 2918 2247 2961 om·—

132 2976 323 3043 nium
365 2978 587 3044 consul
632 2980 879 3045 invadit
920 2974 1209 3058 hostem3
1262 2994 1348 3060 et,
1394 3000 1544 3047 cum
1587 3002 1718 3070 quo
1759 2982 1921 3048 forte
1973 2983 2245 3050 contulit

130 3064 428 3148 gradum,
459 3066 811 3132 obtnmcat.
906 3066 1053 3133 Hoc
1092 3068 1453 3156 spectaculo
1492 3070 1742 3134 accensi
1772 3069 1998 3135 dextra
2035 3069 2243 3135 laeva-

130 3167 284 3243 que,
318 3165 467 3218 ante
497 3174 565 3217 se
592 3154 884 3241 quisque,
916 3154 1399 3219 memorandum
1428 3155 1742 3241 proelium
1771 3156 1961 3219 cient.
2057 3155 2242 3219 Stant

128 3258 175 3298 ο
266 3240 283 3255 ’
324 3239 339 3257 ’
376 3238 713 3317 Samnites,
739 3260 1107 3327 quanquam
1134 3239 1318 3327 plura
1344 3240 1686 3329 accipiunt,
1711 3261 1904 3325 quam
1933 3238 2238 3317 inferunt,

132 3324 415 3391 vulnera.
508 3325 932 3413 Aliquamdiu
976 3326 1105 3391 iam
1150 3338 1508 3412 pugnatum
1555 3337 1728 3401 erat3
1782 3339 1964 3389 atrox
2008 3326 2240 3391 caedes

106 3408 301 3475 *circa
335 3412 519 3499 signa
549 3412 949 3490 Samnitium,
980 3412 1131 3498 fuga
1164 3412 1243 3477 ab
1272 3410 1607 3477 nulladum
1685 3422 1818 3475 arte
1853 3424 2027 3475 erat:
2075 3411 2236 3477 adeo

133 3506 335 3563 morte
389 3497 526 3564 sola
573 3499 745 3566 vinci
796 3498 1264 3563 destinaverant
1321 3497 1564 3561 animis.
1693 3509 1881 3584 taque
1935 3491 2232 3577 Romani,

132 3601 335 3667 quum
364 3598 435 3651 et
458 3586 655 3651 fluere
692 3584 819 3651 iam
853 3582 1222 3650 lassitudine
1251 3583 1415 3649 vires
1444 3582 1774 3662 sentirent,
1805 3596 1874 3649 et
1901 3583 2030 3648 diei
2059 3582 2236 3651 haud
2341 3646 2346 3651 .

132 3670 406 3736 multum
456 3686 830 3760 superesset,
883 3671 1133 3737 accensi
1160 3671 1278 3735 ira
1326 3670 1652 3735 concitant
1709 3692 1778 3734 se
1835 3670 1903 3734 in
1962 3670 2226 3738 hostem.

135 3750 304 3833 Tum
332 3757 609 3845 primum
646 3759 864 3824 referri
907 3758 1141 3846 pedem
1182 3768 1373 3845 atque
1415 3756 1707 3821 inclinari
1745 3778 1882 3824 rem
1917 3758 1984 3823 in
2013 3758 2230 3849 fugam

204 3950 221 3987 ι
260 3944 363 3991 Pru
388 3944 471 4003 ro]
516 3942 615 3992 Pro
646 3943 781 3992 varia
810 3952 990 4003 retum,
1022 3948 1145 3992 tem-
1278 3953 1305 4005 3
1328 3944 1526 3993 Paucos
1546 3950 1662 3994 ants
1681 3945 1809 4004 dise]
1847 3946 2049 4007 otcep.
2069 3956 2230 4008 praec.

134 4012 321 4065 poma,
336 4018 749 4069 personarumque
762 4007 964 4056 ratione.
984 4006 1145 4057 cm.
1211 4013 1261 4056 st
1283 4021 1409 4070 quae
1428 4005 1496 4057 ibi
1519 4014 1690 4057 notata
1709 4012 1838 4057 sant.

134 4066 235 4116 Pro
253 4082 309 4118 rs
326 4078 465 4119 noea.
500 4071 605 4121 Cic.
630 4074 735 4121 Ate.
754 4071 835 4121 vii.
858 4074 905 4121 8.
1277 4086 1308 4131 4
1335 4074 1413 4120 Ab
1434 4074 1719 4132 melleduni]
1755 4072 1806 4120 h.
1821 4086 1863 4119 e.
1889 4072 1968 4119 Ab
1988 4070 2130 4119 nulla
2143 4070 2230 4118 sd-

198 4142 224 4179 2
258 4136 535 4197 Proelium]
566 4136 683 4184 Hoc
706 4136 891 4197 proelio
912 4140 1149 4197 tanquam
1211 4135 1325 4184 huc.
1356 4135 1701 4185 inst.xxix.11.
1739 4134 2020 4183 nullasdum
2035 4135 2232 4181 indata

130 4200 486 4259 prm-macine,
504 4200 633 4248 inter
648 4200 929 4249 Romanam
946 4204 1149 4263 gentem
1213 4202 1433 4248 minaces
1468 4202 1624 4248 ωσέαο
1655 4199 1864 4247 nobem
1888 4198 2104 4259 pop-lm
2133 4198 2228 4245 Ro-

136 4262 185 4303 02
218 4260 529 4320 subsiliente,
560 4274 659 4312 non
702 4262 851 4313 modo
883 4270 995 4313 uter
1030 4263 1155 4312 utris
1212 4274 1404 4321 mmm,
1441 4262 1525 4309 ubi
1571 4262 1716 4325 plura
1751 4262 1816 4309 de
1857 4261 1954 4309 hoo
1997 4259 2229 4321 loquendi

138 4318 406 4386 imperaret,
428 4326 515 4374 sed
548 4334 657 4377 uter
690 4328 869 4378 Italiae
901 4330 1031 4391 leges
1062 4326 1145 4376 da-
1210 4340 1348 4374 more
1380 4326 1612 4388 exempla
1633 4325 1831 4388 collegit
1853 4322 2231 4377 Drakenborch·

140 4392 226 4445 ret,
246 4395 484 4439 certatum
506 4397 593 4441 est.
818 4420 827 4429 ·
1211 4388 1303 4437 ius.
1811 4418 1820 4427 ·
2089 4422 2096 4427 ·
2161 4418 2168 4425 ·

1717 4422 1878 4513 ssa
