<?xml version="1.0" encoding="UTF-8"?>
<!DOCTYPE html PUBLIC "-//W3C//DTD XHTML 1.0 Transitional//EN"
    "http://www.w3.org/TR/xhtml1/DTD/xhtml1-transitional.dtd">
<html xmlns="http://www.w3.org/1999/xhtml" xml:lang="en" lang="en">
 <head>
  <title>
</title>
<meta http-equiv="Content-Type" content="text/html;charset=utf-8" />
  <meta name='ocr-system' content='tesseract 3.04.00' />
  <meta name='ocr-capabilities' content='ocr_page ocr_carea ocr_par ocr_line ocrx_word'/>
</head>
<body>
  <div class='ocr_page' id='page_1' title='image "./tliviipatavinih10unkngoog_0584.png"; bbox 0 0 3000 4784; ppageno 0'>
   <div class='ocr_carea' id='block_1_1' title="bbox 726 209 2054 304">
    <p class='ocr_par' dir='ltr' id='par_1_1' title="bbox 726 209 2054 304">
     <span class='ocr_line' id='line_1_1' title="bbox 726 209 2054 304; baseline 0.001 -27"><span class='ocrx_word' id='word_1_1' title='bbox 726 215 855 278; x_wconf 87' lang='lat'><strong>570</strong></span> <span class='ocrx_word' id='word_1_2' title='bbox 1184 287 1193 304; x_wconf 44' lang='grc'><strong>,</strong></span> <span class='ocrx_word' id='word_1_3' title='bbox 1503 209 1728 278; x_wconf 85' lang='lat' dir='ltr'>TITI</span> <span class='ocrx_word' id='word_1_4' title='bbox 1779 210 2054 279; x_wconf 82' lang='lat' dir='ltr'><strong>len</strong></span> 
     </span>
    </p>
   </div>
   <div class='ocr_carea' id='block_1_2' title="bbox 294 347 2926 4280">
    <p class='ocr_par' dir='ltr' id='par_1_2' title="bbox 294 347 2926 4280">
     <span class='ocr_line' id='line_1_2' title="bbox 398 347 2804 436; baseline -0.001 -20"><span class='ocrx_word' id='word_1_5' title='bbox 398 367 685 428; x_wconf 76' lang='lat' dir='ltr'><strong>11.c.454.</strong></span> <span class='ocrx_word' id='word_1_6' title='bbox 726 357 835 414; x_wconf 87' lang='lat' dir='ltr'><strong>‘et</strong></span> <span class='ocrx_word' id='word_1_7' title='bbox 880 349 1009 413; x_wconf 86' lang='lat' dir='ltr'><strong>vim</strong></span> <span class='ocrx_word' id='word_1_8' title='bbox 1060 349 1590 436; x_wconf 73' lang='lat' dir='ltr'><strong>atque&#39;iniuriam</strong></span> <span class='ocrx_word' id='word_1_9' title='bbox 1649 350 1729 414; x_wconf 85' lang='lat' dir='ltr'><strong>ab</strong></span> <span class='ocrx_word' id='word_1_10' title='bbox 1786 372 1852 414; x_wconf 85' lang='lat' dir='ltr'><strong>se</strong></span> <span class='ocrx_word' id='word_1_11' title='bbox 1905 349 2288 414; x_wconf 84' lang='lat' dir='ltr'><strong>Samnitium</strong></span> <span class='ocrx_word' id='word_1_12' title='bbox 2353 361 2637 414; x_wconf 70' lang='lat' dir='ltr'><strong>arceant.</strong></span> <span class='ocrx_word' id='word_1_13' title='bbox 2719 347 2804 424; x_wconf 84' lang='lat' dir='ltr'><strong>Se,</strong></span> 
     </span>
     <span class='ocr_line' id='line_1_3' title="bbox 400 433 2808 523; baseline 0.001 -27"><span class='ocrx_word' id='word_1_14' title='bbox 400 435 457 480; x_wconf 77' lang='lat' dir='ltr'><strong>A.</strong></span> <span class='ocrx_word' id='word_1_15' title='bbox 493 433 552 482; x_wconf 83' lang='lat' dir='ltr'><strong>C·</strong></span> <span class='ocrx_word' id='word_1_16' title='bbox 577 434 684 496; x_wconf 76' lang='lat'><strong>298·</strong></span> <span class='ocrx_word' id='word_1_17' title='bbox 727 444 747 475; x_wconf 80' lang='lat'><strong><em>⁶</em></strong></span> <span class='ocrx_word' id='word_1_18' title='bbox 815 458 1152 522; x_wconf 71' lang='lat' dir='ltr'><strong>umquam,</strong></span> <span class='ocrx_word' id='word_1_19' title='bbox 1182 435 1349 501; x_wconf 92' lang='lat' dir='ltr'><strong>bello</strong></span> <span class='ocrx_word' id='word_1_20' title='bbox 1379 457 1526 500; x_wconf 90' lang='lat' dir='ltr'><strong>cum</strong></span> <span class='ocrx_word' id='word_1_21' title='bbox 1561 435 1950 501; x_wconf 86' lang='lat' dir='ltr'><strong>Samnitibus</strong></span> <span class='ocrx_word' id='word_1_22' title='bbox 1977 449 2291 523; x_wconf 87' lang='lat' dir='ltr'><strong>suscepto,</strong></span> <span class='ocrx_word' id='word_1_23' title='bbox 2317 437 2684 502; x_wconf 83' lang='lat' dir='ltr'><strong>necessaria</strong></span> <span class='ocrx_word' id='word_1_24' title='bbox 2703 437 2808 498; x_wconf 82' lang='lat' dir='ltr'><strong>iam</strong></span> 
     </span>
     <span class='ocr_line' id='line_1_4' title="bbox 725 459 2808 600; baseline 0 -14"><span class='ocrx_word' id='word_1_25' title='bbox 725 532 744 561; x_wconf 91' lang='lat'>‘</span> <span class='ocrx_word' id='word_1_26' title='bbox 768 459 931 587; x_wconf 51' lang='lat' dir='ltr'><strong>{cta</strong></span> <span class='ocrx_word' id='word_1_27' title='bbox 987 522 1283 588; x_wconf 84' lang='lat' dir='ltr'><strong>adversus</strong></span> <span class='ocrx_word' id='word_1_28' title='bbox 1344 521 1668 586; x_wconf 86' lang='lat' dir='ltr'><strong>Romanos</strong></span> <span class='ocrx_word' id='word_1_29' title='bbox 1716 523 1875 586; x_wconf 87' lang='lat' dir='ltr'><strong>fides</strong></span> <span class='ocrx_word' id='word_1_30' title='bbox 1935 524 2037 600; x_wconf 90' lang='lat' dir='ltr'><strong>sit,</strong></span> <span class='ocrx_word' id='word_1_31' title='bbox 2089 537 2307 588; x_wconf 87' lang='lat' dir='ltr'><strong>tamen</strong></span> <span class='ocrx_word' id='word_1_32' title='bbox 2373 522 2640 588; x_wconf 82' lang='lat' dir='ltr'><strong>obsides</strong></span> <span class='ocrx_word' id='word_1_33' title='bbox 2683 521 2808 586; x_wconf 75' lang='lat' dir='ltr'><strong>dare</strong></span> 
     </span>
     <span class='ocr_line' id='line_1_5' title="bbox 506 608 2811 697; baseline -0.001 -24"><span class='ocrx_word' id='word_1_34' title='bbox 506 622 605 682; x_wconf 85' lang='lat'><strong>12.</strong></span> <span class='ocrx_word' id='word_1_35' title='bbox 726 619 1012 697; x_wconf 89' lang='lat' dir='ltr'><strong>‘paratos</strong></span> <span class='ocrx_word' id='word_1_36' title='bbox 1038 611 1214 674; x_wconf 84' lang='lat' dir='ltr'><strong>esse.&#39;</strong></span> <span class='ocrx_word' id='word_1_37' title='bbox 1299 608 1523 673; x_wconf 83' lang='lat' dir='ltr'><strong>Brevis</strong></span> <span class='ocrx_word' id='word_1_38' title='bbox 1551 608 1926 674; x_wconf 80' lang='lat' dir='ltr'><strong>consultatio</strong></span> <span class='ocrx_word' id='word_1_39' title='bbox 1960 621 2213 675; x_wconf 87' lang='lat' dir='ltr'><strong>senatus</strong></span> <span class='ocrx_word' id='word_1_40' title='bbox 2239 609 2394 676; x_wconf 88' lang='lat' dir='ltr'><strong>fuit.</strong></span> <span class='ocrx_word' id='word_1_41' title='bbox 2497 609 2612 674; x_wconf 85' lang='lat' dir='ltr'><strong>Ad</strong></span> <span class='ocrx_word' id='word_1_42' title='bbox 2641 629 2811 673; x_wconf 87' lang='lat' dir='ltr'><strong>unum</strong></span> 
     </span>
     <span class='ocr_line' id='line_1_6' title="bbox 400 693 2815 784; baseline -0 -25"><span class='ocrx_word' id='word_1_43' title='bbox 400 704 593 752; x_wconf 76' lang='lat' dir='ltr'><strong>Foedus</strong></span> <span class='ocrx_word' id='word_1_44' title='bbox 724 717 943 760; x_wconf 91' lang='lat' dir='ltr'><strong>omnes</strong></span> <span class='ocrx_word' id='word_1_45' title='bbox 970 695 1370 782; x_wconf 78' lang='lat' dir='ltr'><strong>iungendum</strong></span> <span class='ocrx_word' id='word_1_46' title='bbox 1392 695 1616 760; x_wconf 89' lang='lat' dir='ltr'><strong>foedus</strong></span> <span class='ocrx_word' id='word_1_47' title='bbox 1653 719 1802 760; x_wconf 86' lang='lat' dir='ltr'><strong>cum</strong></span> <span class='ocrx_word' id='word_1_48' title='bbox 1837 695 2134 775; x_wconf 87' lang='lat' dir='ltr'><strong>Lucanis,</strong></span> <span class='ocrx_word' id='word_1_49' title='bbox 2167 719 2411 784; x_wconf 85' lang='lat' dir='ltr'><strong>resque</strong></span> <span class='ocrx_word' id='word_1_50' title='bbox 2461 719 2536 761; x_wconf 90' lang='lat' dir='ltr'><strong>re</strong></span> <span class='ocrx_word' id='word_1_51' title='bbox 2621 693 2815 760; x_wconf 80' lang='lat' dir='ltr'><strong>tendas</strong></span> 
     </span>
     <span class='ocr_line' id='line_1_7' title="bbox 398 769 2813 883; baseline 0.003 -37"><span class='ocrx_word' id='word_1_52' title='bbox 398 769 631 881; x_wconf 48' lang='lat' dir='ltr'><strong>Qffu·</strong></span> <span class='ocrx_word' id='word_1_53' title='bbox 726 782 805 846; x_wconf 88' lang='lat' dir='ltr'><strong>ab</strong></span> <span class='ocrx_word' id='word_1_54' title='bbox 870 781 1275 860; x_wconf 85' lang='lat' dir='ltr'><strong>Samnitibus,</strong></span> <span class='ocrx_word' id='word_1_55' title='bbox 1338 795 1618 848; x_wconf 83' lang='lat' dir='ltr'><strong>censent.</strong></span> <span class='ocrx_word' id='word_1_56' title='bbox 1711 781 2001 883; x_wconf 72' lang='lat' dir='ltr'><strong>Benigne</strong></span> <span class='ocrx_word' id='word_1_57' title='bbox 2073 805 2470 870; x_wconf 84' lang='lat' dir='ltr'><strong>responsum</strong></span> <span class='ocrx_word' id='word_1_58' title='bbox 2603 780 2813 853; x_wconf 56' lang='lat' dir='ltr'><strong>ucaniss</strong></span> 
     </span>
     <span class='ocr_line' id='line_1_8' title="bbox 724 867 2814 957; baseline -0.001 -24"><span class='ocrx_word' id='word_1_59' title='bbox 724 869 1049 954; x_wconf 89' lang='lat' dir='ltr'><strong>ictumque</strong></span> <span class='ocrx_word' id='word_1_60' title='bbox 1087 867 1324 933; x_wconf 87' lang='lat' dir='ltr'><strong>foedus.</strong></span> <span class='ocrx_word' id='word_1_61' title='bbox 1418 867 1688 934; x_wconf 89' lang='lat' dir='ltr'><strong>Fetiales</strong></span> <span class='ocrx_word' id='word_1_62' title='bbox 1725 869 1916 952; x_wconf 73' lang='lat' dir='ltr'><strong>missi,</strong></span> <span class='ocrx_word' id='word_1_63' title='bbox 1955 870 2068 957; x_wconf 91' lang='lat' dir='ltr'><strong>qui</strong></span> <span class='ocrx_word' id='word_1_64' title='bbox 2107 869 2482 935; x_wconf 78' lang='lat' dir='ltr'><strong>Samnitem</strong></span> <span class='ocrx_word' id='word_1_65' title='bbox 2529 867 2814 934; x_wconf 78' lang='lat' dir='ltr'>decedere</span> 
     </span>
     <span class='ocr_line' id='line_1_9' title="bbox 724 953 2816 1041; baseline -0.001 -22"><span class='ocrx_word' id='word_1_66' title='bbox 724 977 875 1041; x_wconf 81' lang='lat' dir='ltr'><strong>agro</strong></span> <span class='ocrx_word' id='word_1_67' title='bbox 930 956 1263 1032; x_wconf 86' lang='lat' dir='ltr'><strong>sociorum,</strong></span> <span class='ocrx_word' id='word_1_68' title='bbox 1322 977 1397 1020; x_wconf 90' lang='lat' dir='ltr'><strong>ac</strong></span> <span class='ocrx_word' id='word_1_69' title='bbox 1456 955 1772 1020; x_wconf 86' lang='lat' dir='ltr'><strong>deducere</strong></span> <span class='ocrx_word' id='word_1_70' title='bbox 1833 957 2182 1022; x_wconf 83' lang='lat' dir='ltr'><strong>exercitum</strong></span> <span class='ocrx_word' id='word_1_71' title='bbox 2239 957 2502 1021; x_wconf 80' lang='lat' dir='ltr'><strong>finibus</strong></span> <span class='ocrx_word' id='word_1_72' title='bbox 2565 953 2816 1020; x_wconf 82' lang='lat' dir='ltr'><strong>Lucanis</strong></span> 
     </span>
     <span class='ocr_line' id='line_1_10' title="bbox 724 1041 2818 1130; baseline 0 -26"><span class='ocrx_word' id='word_1_73' title='bbox 724 1041 1032 1106; x_wconf 87' lang='lat' dir='ltr'><strong>iuberent.</strong></span> <span class='ocrx_word' id='word_1_74' title='bbox 1046 1064 1059 1080; x_wconf 49' lang='lat'><em>³</em></span> <span class='ocrx_word' id='word_1_75' title='bbox 1127 1042 1377 1118; x_wconf 83' lang='lat' dir='ltr'><strong>Quibus</strong></span> <span class='ocrx_word' id='word_1_76' title='bbox 1400 1042 1648 1106; x_wconf 84' lang='lat' dir='ltr'><strong>obviam</strong></span> <span class='ocrx_word' id='word_1_77' title='bbox 1678 1043 1850 1106; x_wconf 86' lang='lat' dir='ltr'><strong>missi</strong></span> <span class='ocrx_word' id='word_1_78' title='bbox 1879 1043 1960 1108; x_wconf 88' lang='lat' dir='ltr'><strong>ab</strong></span> <span class='ocrx_word' id='word_1_79' title='bbox 1993 1041 2416 1120; x_wconf 77' lang='lat' dir='ltr'><strong>SamnitibuS,</strong></span> <span class='ocrx_word' id='word_1_80' title='bbox 2439 1043 2562 1130; x_wconf 91' lang='lat' dir='ltr'><strong>qui</strong></span> <span class='ocrx_word' id='word_1_81' title='bbox 2595 1041 2818 1105; x_wconf 89' lang='lat' dir='ltr'><strong>denun-</strong></span> 
     </span>
     <span class='ocr_line' id='line_1_11' title="bbox 724 1126 2816 1215; baseline -0.002 -23"><span class='ocrx_word' id='word_1_82' title='bbox 724 1128 972 1206; x_wconf 87' lang='lat' dir='ltr'><strong>tiarent,</strong></span> <span class='ocrx_word' id='word_1_83' title='bbox 1007 1137 1025 1168; x_wconf 80' lang='lat'><strong><em>⁶</em></strong></span> <span class='ocrx_word' id='word_1_84' title='bbox 1047 1126 1115 1193; x_wconf 92' lang='lat' dir='ltr'><strong>Si</strong></span> <span class='ocrx_word' id='word_1_85' title='bbox 1133 1127 1307 1215; x_wconf 91' lang='lat' dir='ltr'><strong>quod</strong></span> <span class='ocrx_word' id='word_1_86' title='bbox 1330 1128 1609 1193; x_wconf 86' lang='lat' dir='ltr'><strong>adissent</strong></span> <span class='ocrx_word' id='word_1_87' title='bbox 1635 1128 1704 1192; x_wconf 91' lang='lat' dir='ltr'><strong>in</strong></span> <span class='ocrx_word' id='word_1_88' title='bbox 1738 1127 1998 1196; x_wconf 89' lang='lat' dir='ltr'><strong>Samnio</strong></span> <span class='ocrx_word' id='word_1_89' title='bbox 2025 1129 2402 1207; x_wconf 86' lang='lat' dir='ltr'><strong>concilium,</strong></span> <span class='ocrx_word' id='word_1_90' title='bbox 2424 1127 2614 1194; x_wconf 87' lang='lat' dir='ltr'><strong>haud</strong></span> <span class='ocrx_word' id='word_1_91' title='bbox 2641 1127 2816 1191; x_wconf 78' lang='lat' dir='ltr'><strong>invio-</strong></span> 
     </span>
     <span class='ocr_line' id='line_1_12' title="bbox 726 1210 2818 1302; baseline -0.001 -24"><span class='ocrx_word' id='word_1_92' title='bbox 726 1214 925 1280; x_wconf 89' lang='lat' dir='ltr'><strong>‘latos</strong></span> <span class='ocrx_word' id='word_1_93' title='bbox 958 1215 1275 1280; x_wconf 61' lang='lat' dir='ltr'><strong>abituros!</strong></span> <span class='ocrx_word' id='word_1_94' title='bbox 1362 1215 1544 1280; x_wconf 84' lang='lat' dir='ltr'><strong>Haec</strong></span> <span class='ocrx_word' id='word_1_95' title='bbox 1585 1229 1919 1302; x_wconf 79' lang='lat' dir='ltr'><strong>postquam</strong></span> <span class='ocrx_word' id='word_1_96' title='bbox 1947 1215 2166 1281; x_wconf 88' lang='lat' dir='ltr'><strong>audita</strong></span> <span class='ocrx_word' id='word_1_97' title='bbox 2191 1229 2346 1281; x_wconf 87' lang='lat' dir='ltr'><strong>sunt</strong></span> <span class='ocrx_word' id='word_1_98' title='bbox 2389 1216 2678 1290; x_wconf 87' lang='lat' dir='ltr'><strong>Romae,</strong></span> <span class='ocrx_word' id='word_1_99' title='bbox 2705 1210 2818 1276; x_wconf 81' lang='lat' dir='ltr'><strong>bel-</strong></span> 
     </span>
     <span class='ocr_line' id='line_1_13' title="bbox 722 1297 2810 1402; baseline -0.002 -36"><span class='ocrx_word' id='word_1_100' title='bbox 722 1301 855 1366; x_wconf 89' lang='lat' dir='ltr'><strong>lum</strong></span> <span class='ocrx_word' id='word_1_101' title='bbox 912 1301 1297 1366; x_wconf 82' lang='lat' dir='ltr'><strong>Samnitibus</strong></span> <span class='ocrx_word' id='word_1_102' title='bbox 1343 1314 1410 1366; x_wconf 89' lang='lat' dir='ltr'><strong>et</strong></span> <span class='ocrx_word' id='word_1_103' title='bbox 1460 1315 1668 1389; x_wconf 83' lang='lat' dir='ltr'><strong>patres</strong></span> <span class='ocrx_word' id='word_1_104' title='bbox 1719 1316 2119 1380; x_wconf 87' lang='lat' dir='ltr'><strong>censuerunt,</strong></span> <span class='ocrx_word' id='word_1_105' title='bbox 2171 1316 2240 1368; x_wconf 89' lang='lat' dir='ltr'><strong>et</strong></span> <span class='ocrx_word' id='word_1_106' title='bbox 2287 1301 2595 1402; x_wconf 86' lang='lat' dir='ltr'><strong>populus</strong></span> <span class='ocrx_word' id='word_1_107' title='bbox 2639 1297 2810 1364; x_wconf 84' lang='lat' dir='ltr'><strong>iussit.</strong></span> 
     </span>
     <span class='ocr_line' id='line_1_14' title="bbox 727 1384 2814 1478; baseline 0.003 -26"><span class='ocrx_word' id='word_1_108' title='bbox 727 1387 1039 1454; x_wconf 82' lang='lat' dir='ltr'><strong>Consules</strong></span> <span class='ocrx_word' id='word_1_109' title='bbox 1068 1389 1237 1453; x_wconf 89' lang='lat' dir='ltr'><strong>inter</strong></span> <span class='ocrx_word' id='word_1_110' title='bbox 1262 1411 1328 1452; x_wconf 89' lang='lat' dir='ltr'><strong>se</strong></span> <span class='ocrx_word' id='word_1_111' title='bbox 1402 1389 1710 1468; x_wconf 75' lang='lat' dir='ltr'><strong>royincias</strong></span> <span class='ocrx_word' id='word_1_112' title='bbox 1725 1388 1940 1474; x_wconf 88' lang='lat' dir='ltr'><strong>partiti</strong></span> <span class='ocrx_word' id='word_1_113' title='bbox 1965 1402 2129 1455; x_wconf 86' lang='lat' dir='ltr'><strong>sunt.</strong></span> <span class='ocrx_word' id='word_1_114' title='bbox 2223 1388 2536 1478; x_wconf 76' lang='lat' dir='ltr'><strong>Scipioni</strong></span> <span class='ocrx_word' id='word_1_115' title='bbox 2563 1384 2814 1458; x_wconf 68' lang='lat' dir='ltr'><strong>Etruria,</strong></span> 
     </span>
     <span class='ocr_line' id='line_1_15' title="bbox 723 1474 2810 1564; baseline 0.001 -26"><span class='ocrx_word' id='word_1_116' title='bbox 723 1474 947 1540; x_wconf 84' lang='lat' dir='ltr'><strong>Fulvio</strong></span> <span class='ocrx_word' id='word_1_117' title='bbox 980 1475 1293 1539; x_wconf 84' lang='lat' dir='ltr'><strong>Samnites</strong></span> <span class='ocrx_word' id='word_1_118' title='bbox 1314 1497 1353 1538; x_wconf 94' lang='lat' dir='ltr'><strong>o</strong></span> <span class='ocrx_word' id='word_1_119' title='bbox 1397 1487 1742 1550; x_wconf 82' lang='lat' dir='ltr'><strong>venerunt3</strong></span> <span class='ocrx_word' id='word_1_120' title='bbox 1789 1475 2166 1564; x_wconf 86' lang='lat' dir='ltr'><strong>diversique,</strong></span> <span class='ocrx_word' id='word_1_121' title='bbox 2196 1474 2280 1540; x_wconf 85' lang='lat' dir='ltr'><strong>ad</strong></span> <span class='ocrx_word' id='word_1_122' title='bbox 2319 1498 2530 1540; x_wconf 88' lang='lat' dir='ltr'><strong>suum</strong></span> <span class='ocrx_word' id='word_1_123' title='bbox 2563 1474 2810 1562; x_wconf 81' lang='lat' dir='ltr'><strong>quisque</strong></span> 
     </span>
     <span class='ocr_line' id='line_1_16' title="bbox 723 1555 2809 1650; baseline -0.003 -25"><span class='ocrx_word' id='word_1_124' title='bbox 723 1560 978 1639; x_wconf 85' lang='lat' dir='ltr'><strong>bellum,</strong></span> <span class='ocrx_word' id='word_1_125' title='bbox 1016 1561 1514 1648; x_wconf 87' lang='lat' dir='ltr'><strong>proficiscuntur.</strong></span> <span class='ocrx_word' id='word_1_126' title='bbox 1609 1559 1910 1648; x_wconf 84' lang='lat' dir='ltr'><strong>Scipioni,</strong></span> <span class='ocrx_word' id='word_1_127' title='bbox 1957 1585 2149 1650; x_wconf 82' lang='lat' dir='ltr'><strong>segne</strong></span> <span class='ocrx_word' id='word_1_128' title='bbox 2194 1561 2452 1627; x_wconf 87' lang='lat' dir='ltr'><strong>bellum</strong></span> <span class='ocrx_word' id='word_1_129' title='bbox 2509 1577 2584 1626; x_wconf 88' lang='lat' dir='ltr'><strong>et</strong></span> <span class='ocrx_word' id='word_1_130' title='bbox 2631 1555 2809 1624; x_wconf 86' lang='lat' dir='ltr'><strong>simile</strong></span> 
     </span>
     <span class='ocr_line' id='line_1_17' title="bbox 723 1645 2812 1735; baseline -0.003 -23"><span class='ocrx_word' id='word_1_131' title='bbox 723 1649 947 1733; x_wconf 89' lang='lat' dir='ltr'><strong>prioris</strong></span> <span class='ocrx_word' id='word_1_132' title='bbox 990 1649 1141 1712; x_wconf 86' lang='lat' dir='ltr'><strong>anni</strong></span> <span class='ocrx_word' id='word_1_133' title='bbox 1186 1647 1446 1713; x_wconf 87' lang='lat' dir='ltr'><strong>militiae</strong></span> <span class='ocrx_word' id='word_1_134' title='bbox 1494 1648 1904 1735; x_wconf 76' lang='lat' dir='ltr'><strong>exspectanti,</strong></span> <span class='ocrx_word' id='word_1_135' title='bbox 1935 1648 2146 1714; x_wconf 88' lang='lat' dir='ltr'><strong>hostes</strong></span> <span class='ocrx_word' id='word_1_136' title='bbox 2191 1648 2272 1712; x_wconf 84' lang='lat' dir='ltr'><strong>ad</strong></span> <span class='ocrx_word' id='word_1_137' title='bbox 2305 1647 2698 1715; x_wconf 81' lang='lat' dir='ltr'><strong>Volaterras</strong></span> <span class='ocrx_word' id='word_1_138' title='bbox 2729 1645 2812 1706; x_wconf 85' lang='lat' dir='ltr'><strong>in·</strong></span> 
     </span>
     <span class='ocr_line' id='line_1_18' title="bbox 398 1730 2804 1824; baseline 0 -32"><span class='ocrx_word' id='word_1_139' title='bbox 398 1745 703 1818; x_wconf 43' lang='lat' dir='ltr'><strong>Pugneeum</strong></span> <span class='ocrx_word' id='word_1_140' title='bbox 722 1746 960 1798; x_wconf 88' lang='lat' dir='ltr'><strong>structo</strong></span> <span class='ocrx_word' id='word_1_141' title='bbox 988 1734 1240 1820; x_wconf 82' lang='lat' dir='ltr'><strong>agmine</strong></span> <span class='ocrx_word' id='word_1_142' title='bbox 1270 1745 1696 1799; x_wconf 86' lang='lat' dir='ltr'><strong>occurrerunt.</strong></span> <span class='ocrx_word' id='word_1_143' title='bbox 1787 1733 2152 1822; x_wconf 84' lang='lat' dir='ltr'><strong>Pugnatum</strong></span> <span class='ocrx_word' id='word_1_144' title='bbox 2182 1735 2445 1801; x_wconf 71' lang='lat' dir='ltr'><strong>maiore·</strong></span> <span class='ocrx_word' id='word_1_145' title='bbox 2461 1748 2651 1824; x_wconf 87' lang='lat' dir='ltr'><strong>parte</strong></span> <span class='ocrx_word' id='word_1_146' title='bbox 2677 1730 2804 1804; x_wconf 85' lang='lat' dir='ltr'><strong>diei,</strong></span> 
     </span>
     <span class='ocr_line' id='line_1_19' title="bbox 396 1807 2808 1908; baseline -0.001 -27"><span class='ocrx_word' id='word_1_147' title='bbox 396 1807 629 1856; x_wconf 67' lang='lat' dir='ltr'><strong>Etruseu.</strong></span> <span class='ocrx_word' id='word_1_148' title='bbox 722 1841 952 1906; x_wconf 81' lang='lat' dir='ltr'><strong>magna</strong></span> <span class='ocrx_word' id='word_1_149' title='bbox 993 1819 1310 1906; x_wconf 87' lang='lat' dir='ltr'><strong>utrimque</strong></span> <span class='ocrx_word' id='word_1_150' title='bbox 1356 1818 1568 1884; x_wconf 90' lang='lat' dir='ltr'><strong>caede.</strong></span> <span class='ocrx_word' id='word_1_151' title='bbox 1661 1819 1813 1886; x_wconf 88' lang='lat' dir='ltr'><strong>Nox</strong></span> <span class='ocrx_word' id='word_1_152' title='bbox 1867 1822 2140 1899; x_wconf 89' lang='lat' dir='ltr'><strong>incertis,</strong></span> <span class='ocrx_word' id='word_1_153' title='bbox 2184 1845 2314 1908; x_wconf 87' lang='lat' dir='ltr'><strong>qua</strong></span> <span class='ocrx_word' id='word_1_154' title='bbox 2355 1823 2526 1887; x_wconf 88' lang='lat' dir='ltr'><strong>data</strong></span> <span class='ocrx_word' id='word_1_155' title='bbox 2569 1816 2808 1884; x_wconf 79' lang='lat' dir='ltr'><strong>victoria</strong></span> 
     </span>
     <span class='ocr_line' id='line_1_20' title="bbox 721 1905 2801 1995; baseline 0 -26"><span class='ocrx_word' id='word_1_156' title='bbox 721 1917 901 1982; x_wconf 84' lang='lat' dir='ltr'><strong>esset,</strong></span> <span class='ocrx_word' id='word_1_157' title='bbox 952 1905 1327 1970; x_wconf 84' lang='lat' dir='ltr'><strong>intervenit:</strong></span> <span class='ocrx_word' id='word_1_158' title='bbox 1390 1905 1504 1970; x_wconf 86' lang='lat' dir='ltr'><strong>lux</strong></span> <span class='ocrx_word' id='word_1_159' title='bbox 1555 1907 1896 1995; x_wconf 88' lang='lat' dir='ltr'><strong>insequens</strong></span> <span class='ocrx_word' id='word_1_160' title='bbox 1939 1908 2238 1974; x_wconf 83' lang='lat' dir='ltr'><strong>victorem</strong></span> <span class='ocrx_word' id='word_1_161' title='bbox 2287 1909 2676 1995; x_wconf 87' lang='lat' dir='ltr'><strong>victumque</strong></span> <span class='ocrx_word' id='word_1_162' title='bbox 2719 1925 2801 1966; x_wconf 76' lang='grc' dir='ltr'><strong>οε·</strong></span> 
     </span>
     <span class='ocr_line' id='line_1_21' title="bbox 720 1991 2800 2081; baseline -0.001 -25"><span class='ocrx_word' id='word_1_163' title='bbox 720 1991 941 2056; x_wconf 87' lang='lat' dir='ltr'><strong>tendit.</strong></span> <span class='ocrx_word' id='word_1_164' title='bbox 1034 1991 1203 2056; x_wconf 89' lang='lat' dir='ltr'><strong>Nam</strong></span> <span class='ocrx_word' id='word_1_165' title='bbox 1266 1991 1520 2057; x_wconf 84' lang='lat' dir='ltr'><strong>Etrusci</strong></span> <span class='ocrx_word' id='word_1_166' title='bbox 1569 1993 1820 2059; x_wconf 86' lang='lat' dir='ltr'><strong>silentio</strong></span> <span class='ocrx_word' id='word_1_167' title='bbox 1879 1996 2082 2060; x_wconf 88' lang='lat' dir='ltr'><strong>noctis</strong></span> <span class='ocrx_word' id='word_1_168' title='bbox 2137 2009 2340 2060; x_wconf 85' lang='lat' dir='ltr'><strong>castra</strong></span> <span class='ocrx_word' id='word_1_169' title='bbox 2389 1995 2800 2081; x_wconf 83' lang='lat' dir='ltr'><strong>reliquerunt.</strong></span> 
     </span>
     <span class='ocr_line' id='line_1_22' title="bbox 604 2077 2794 2168; baseline -0 -25"><span class='ocrx_word' id='word_1_170' title='bbox 604 2119 615 2136; x_wconf 84' lang='lat'><em>-</em></span> <span class='ocrx_word' id='word_1_171' title='bbox 720 2077 1068 2157; x_wconf 85' lang='lat' dir='ltr'><strong>Romanus,</strong></span> <span class='ocrx_word' id='word_1_172' title='bbox 1098 2101 1382 2166; x_wconf 81' lang='lat' dir='ltr'><strong>egressus</strong></span> <span class='ocrx_word' id='word_1_173' title='bbox 1420 2079 1487 2144; x_wconf 91' lang='lat' dir='ltr'><strong>in</strong></span> <span class='ocrx_word' id='word_1_174' title='bbox 1518 2081 1736 2159; x_wconf 84' lang='lat' dir='ltr'><strong>aciem,</strong></span> <span class='ocrx_word' id='word_1_175' title='bbox 1770 2080 1880 2146; x_wconf 87' lang='lat' dir='ltr'><strong>ubi</strong></span> <span class='ocrx_word' id='word_1_176' title='bbox 1907 2081 2296 2168; x_wconf 84' lang='lat' dir='ltr'><strong>profectione</strong></span> <span class='ocrx_word' id='word_1_177' title='bbox 2341 2081 2638 2148; x_wconf 85' lang='lat' dir='ltr'><strong>hostium</strong></span> <span class='ocrx_word' id='word_1_178' title='bbox 2664 2097 2794 2142; x_wconf 89' lang='lat' dir='ltr'><strong>con·</strong></span> 
     </span>
     <span class='ocr_line' id='line_1_23' title="bbox 719 2165 2798 2269; baseline -0.001 -39"><span class='ocrx_word' id='word_1_179' title='bbox 719 2189 954 2232; x_wconf 83' lang='lat' dir='ltr'><strong>cessam</strong></span> <span class='ocrx_word' id='word_1_180' title='bbox 988 2165 1315 2231; x_wconf 84' lang='lat' dir='ltr'><strong>victoriam</strong></span> <span class='ocrx_word' id='word_1_181' title='bbox 1356 2166 1550 2244; x_wconf 87' lang='lat' dir='ltr'><strong>videt,</strong></span> <span class='ocrx_word' id='word_1_182' title='bbox 1597 2189 1956 2269; x_wconf 73' lang='lat' dir='ltr'><strong>progressus</strong></span> <span class='ocrx_word' id='word_1_183' title='bbox 2006 2167 2088 2232; x_wconf 89' lang='lat' dir='ltr'><strong>ad</strong></span> <span class='ocrx_word' id='word_1_184' title='bbox 2133 2182 2350 2246; x_wconf 78' lang='lat' dir='ltr'><strong>castm,</strong></span> <span class='ocrx_word' id='word_1_185' title='bbox 2397 2167 2626 2234; x_wconf 78' lang='lat' dir='ltr'><strong>vacuis</strong></span> <span class='ocrx_word' id='word_1_186' title='bbox 2671 2181 2798 2228; x_wconf 85' lang='lat' dir='ltr'><strong>cum</strong></span> 
     </span>
     <span class='ocr_line' id='line_1_24' title="bbox 718 2245 2796 2342; baseline 0 -27"><span class='ocrx_word' id='word_1_187' title='bbox 718 2252 991 2339; x_wconf 84' lang='lat' dir='ltr'><strong>plurima</strong></span> <span class='ocrx_word' id='word_1_188' title='bbox 1022 2252 1259 2340; x_wconf 86' lang='lat' dir='ltr'><strong>praeda</strong></span> <span class='ocrx_word' id='word_1_189' title='bbox 1284 2253 1461 2341; x_wconf 88' lang='lat' dir='ltr'><strong>(nam</strong></span> <span class='ocrx_word' id='word_1_190' title='bbox 1500 2265 1569 2317; x_wconf 93' lang='lat' dir='ltr'><strong>et</strong></span> <span class='ocrx_word' id='word_1_191' title='bbox 1595 2267 1836 2331; x_wconf 83' lang='lat' dir='ltr'><strong>statlva,</strong></span> <span class='ocrx_word' id='word_1_192' title='bbox 1867 2266 1933 2319; x_wconf 88' lang='lat' dir='ltr'><strong>et</strong></span> <span class='ocrx_word' id='word_1_193' title='bbox 1977 2255 2221 2342; x_wconf 85' lang='lat' dir='ltr'><strong>trepide</strong></span> <span class='ocrx_word' id='word_1_194' title='bbox 2249 2256 2510 2321; x_wconf 82' lang='lat' dir='ltr'><strong>deserta</strong></span> <span class='ocrx_word' id='word_1_195' title='bbox 2537 2245 2796 2328; x_wconf 82' lang='lat' dir='ltr'><strong>fuerant)</strong></span> 
     </span>
     <span class='ocr_line' id='line_1_25' title="bbox 718 2338 2792 2438; baseline 0.003 -36"><span class='ocrx_word' id='word_1_196' title='bbox 718 2339 971 2438; x_wconf 84' lang='lat' dir='ltr'><strong>potitur.</strong></span> <span class='ocrx_word' id='word_1_197' title='bbox 1063 2339 1225 2404; x_wconf 88' lang='lat' dir='ltr'><strong>Inde</strong></span> <span class='ocrx_word' id='word_1_198' title='bbox 1276 2339 1343 2403; x_wconf 90' lang='lat' dir='ltr'><strong>in</strong></span> <span class='ocrx_word' id='word_1_199' title='bbox 1392 2338 1705 2404; x_wconf 84' lang='lat' dir='ltr'><strong>Faliscum</strong></span> <span class='ocrx_word' id='word_1_200' title='bbox 2016 2341 2214 2429; x_wconf 84' lang='lat' dir='ltr'><strong>copiis</strong></span> <span class='ocrx_word' id='word_1_201' title='bbox 2263 2341 2574 2420; x_wconf 72' lang='lat' dir='ltr'><strong>reduch</strong></span> <span class='ocrx_word' id='word_1_202' title='bbox 2615 2355 2792 2426; x_wconf 76' lang='lat' dir='ltr'><strong>quum</strong></span> 
     </span>
     <span class='ocr_line' id='line_1_26' title="bbox 718 2425 2794 2517; baseline -0.001 -29"><span class='ocrx_word' id='word_1_203' title='bbox 718 2447 805 2488; x_wconf 77' lang='lat' dir='ltr'><strong>im</strong></span> <span class='ocrx_word' id='word_1_204' title='bbox 890 2425 1173 2490; x_wconf 89' lang='lat' dir='ltr'><strong>dimenta</strong></span> <span class='ocrx_word' id='word_1_205' title='bbox 1202 2425 1459 2490; x_wconf 87' lang='lat' dir='ltr'><strong>Faleriis</strong></span> <span class='ocrx_word' id='word_1_206' title='bbox 1486 2448 1633 2491; x_wconf 87' lang='lat' dir='ltr'><strong>cum</strong></span> <span class='ocrx_word' id='word_1_207' title='bbox 1663 2449 1726 2491; x_wconf 88' lang='lat' dir='ltr'><strong>m</strong></span> <span class='ocrx_word' id='word_1_208' title='bbox 1818 2427 1912 2492; x_wconf 81' lang='lat' dir='ltr'><strong>‘co</strong></span> <span class='ocrx_word' id='word_1_209' title='bbox 1940 2427 2258 2515; x_wconf 88' lang='lat' dir='ltr'><strong>praesidio</strong></span> <span class='ocrx_word' id='word_1_210' title='bbox 2283 2427 2670 2517; x_wconf 63' lang='lat' dir='ltr'><strong>reliquiaeet‚</strong></span> <span class='ocrx_word' id='word_1_211' title='bbox 2699 2443 2794 2486; x_wconf 86' lang='lat' dir='ltr'><strong>ex-</strong></span> 
     </span>
     <span class='ocr_line' id='line_1_27' title="bbox 720 2449 2786 2600; baseline 0 -24"><span class='ocrx_word' id='word_1_212' title='bbox 720 2449 936 2598; x_wconf 57' lang='lat' dir='ltr'><strong>pegieto</strong></span> <span class='ocrx_word' id='word_1_213' title='bbox 992 2512 1243 2599; x_wconf 80' lang='lat' dir='ltr'><strong>agmine</strong></span> <span class='ocrx_word' id='word_1_214' title='bbox 1312 2511 1393 2577; x_wconf 90' lang='lat' dir='ltr'><strong>ad</strong></span> <span class='ocrx_word' id='word_1_215' title='bbox 1449 2512 1927 2600; x_wconf 86' lang='lat' dir='ltr'><strong>depopulandos</strong></span> <span class='ocrx_word' id='word_1_216' title='bbox 1982 2514 2259 2579; x_wconf 80' lang='lat' dir='ltr'><strong>hostium</strong></span> <span class='ocrx_word' id='word_1_217' title='bbox 2317 2515 2486 2581; x_wconf 87' lang='lat' dir='ltr'><strong>fines</strong></span> <span class='ocrx_word' id='word_1_218' title='bbox 2545 2507 2786 2578; x_wconf 73' lang='lat' dir='ltr'><strong>incedit.</strong></span> 
     </span>
     <span class='ocr_line' id='line_1_28' title="bbox 722 2597 2786 2690; baseline 0 -29"><span class='ocrx_word' id='word_1_219' title='bbox 722 2597 958 2663; x_wconf 90' lang='lat' dir='ltr'><strong>Omnia</strong></span> <span class='ocrx_word' id='word_1_220' title='bbox 1006 2598 1171 2664; x_wconf 88' lang='lat' dir='ltr'><strong>ferro</strong></span> <span class='ocrx_word' id='word_1_221' title='bbox 1222 2600 1235 2613; x_wconf 85' lang='lat'><strong>‘</strong></span> <span class='ocrx_word' id='word_1_222' title='bbox 1330 2600 1477 2687; x_wconf 89' lang='lat' dir='ltr'><strong>ique</strong></span> <span class='ocrx_word' id='word_1_223' title='bbox 1524 2613 1880 2677; x_wconf 81' lang='lat' dir='ltr'><strong>vastantur3</strong></span> <span class='ocrx_word' id='word_1_224' title='bbox 1933 2601 2204 2688; x_wconf 87' lang='lat' dir='ltr'><strong>praedae</strong></span> <span class='ocrx_word' id='word_1_225' title='bbox 2251 2602 2548 2690; x_wconf 90' lang='lat' dir='ltr'><strong>undique</strong></span> <span class='ocrx_word' id='word_1_226' title='bbox 2595 2610 2786 2664; x_wconf 86' lang='lat' dir='ltr'><strong>actae:</strong></span> 
     </span>
     <span class='ocr_line' id='line_1_29' title="bbox 719 2683 2784 2766; baseline -0.001 -19"><span class='ocrx_word' id='word_1_227' title='bbox 719 2707 838 2749; x_wconf 88' lang='lat' dir='ltr'><strong>nec</strong></span> <span class='ocrx_word' id='word_1_228' title='bbox 867 2685 1070 2750; x_wconf 89' lang='lat' dir='ltr'><strong>solum</strong></span> <span class='ocrx_word' id='word_1_229' title='bbox 1110 2708 1173 2749; x_wconf 91' lang='lat' dir='ltr'><strong>m</strong></span> <span class='ocrx_word' id='word_1_230' title='bbox 1261 2710 1300 2751; x_wconf 94' lang='lat' dir='ltr'><strong>o</strong></span> <span class='ocrx_word' id='word_1_231' title='bbox 1328 2698 1574 2752; x_wconf 85' lang='lat' dir='ltr'><strong>vastum</strong></span> <span class='ocrx_word' id='word_1_232' title='bbox 1613 2686 1778 2751; x_wconf 88' lang='lat' dir='ltr'><strong>hosti</strong></span> <span class='ocrx_word' id='word_1_233' title='bbox 1815 2687 2124 2766; x_wconf 87' lang='lat' dir='ltr'><strong>relictum,</strong></span> <span class='ocrx_word' id='word_1_234' title='bbox 2155 2687 2268 2752; x_wconf 91' lang='lat' dir='ltr'><strong>sed</strong></span> <span class='ocrx_word' id='word_1_235' title='bbox 2309 2689 2590 2754; x_wconf 83' lang='lat' dir='ltr'><strong>castellis</strong></span> <span class='ocrx_word' id='word_1_236' title='bbox 2615 2683 2784 2749; x_wconf 85' lang='lat' dir='ltr'><strong>etiam</strong></span> 
     </span>
     <span class='ocr_line' id='line_1_30' title="bbox 717 2767 2786 2862; baseline 0 -28"><span class='ocrx_word' id='word_1_237' title='bbox 717 2770 995 2859; x_wconf 88' lang='lat' dir='ltr'><strong>vicisque</strong></span> <span class='ocrx_word' id='word_1_238' title='bbox 1026 2771 1235 2837; x_wconf 88' lang='lat' dir='ltr'><strong>illatus</strong></span> <span class='ocrx_word' id='word_1_239' title='bbox 1264 2772 1459 2859; x_wconf 80' lang='lat' dir='ltr'><strong>ignis:</strong></span> <span class='ocrx_word' id='word_1_240' title='bbox 1509 2773 1768 2838; x_wconf 84' lang='lat' dir='ltr'><strong>urbibus</strong></span> <span class='ocrx_word' id='word_1_241' title='bbox 1795 2795 1924 2861; x_wconf 89' lang='lat' dir='ltr'><strong>opp</strong></span> <span class='ocrx_word' id='word_1_242' title='bbox 2057 2774 2237 2840; x_wconf 86' lang='lat' dir='ltr'><strong>andis</strong></span> <span class='ocrx_word' id='word_1_243' title='bbox 2265 2787 2707 2862; x_wconf 85' lang='lat' dir='ltr'><strong>temperatum,</strong></span> <span class='ocrx_word' id='word_1_244' title='bbox 2729 2767 2786 2830; x_wconf 86' lang='lat' dir='ltr'><strong>in</strong></span> 
     </span>
     <span class='ocr_line' id='line_1_31' title="bbox 390 2797 2784 2946; baseline 0 -26"><span class='ocrx_word' id='word_1_245' title='bbox 390 2871 634 2921; x_wconf 68' lang='lat' dir='ltr'><strong>Samnite·</strong></span> <span class='ocrx_word' id='word_1_246' title='bbox 718 2879 875 2943; x_wconf 83' lang='lat' dir='ltr'><strong>quas</strong></span> <span class='ocrx_word' id='word_1_247' title='bbox 904 2858 1093 2922; x_wconf 86' lang='lat' dir='ltr'><strong>timor</strong></span> <span class='ocrx_word' id='word_1_248' title='bbox 1118 2857 1419 2924; x_wconf 84' lang='lat' dir='ltr'><strong>Etruscos</strong></span> <span class='ocrx_word' id='word_1_249' title='bbox 1446 2859 1852 2946; x_wconf 85' lang='lat' dir='ltr'><strong>compulerat.</strong></span> <span class='ocrx_word' id='word_1_250' title='bbox 1925 2797 2072 2926; x_wconf 45' lang='grc' dir='ltr'><strong>,ἕξ</strong></span> <span class='ocrx_word' id='word_1_251' title='bbox 2095 2861 2300 2926; x_wconf 83' lang='lat' dir='ltr'><strong>Fulvii</strong></span> <span class='ocrx_word' id='word_1_252' title='bbox 2331 2861 2610 2928; x_wconf 86' lang='lat' dir='ltr'><strong>consulis</strong></span> <span class='ocrx_word' id='word_1_253' title='bbox 2635 2855 2784 2921; x_wconf 76' lang='lat' dir='ltr'><strong>clm</strong></span> 
     </span>
     <span class='ocr_line' id='line_1_32' title="bbox 391 2935 2780 3036; baseline 0.003 -31"><span class='ocrx_word' id='word_1_254' title='bbox 391 2935 521 2985; x_wconf 58' lang='lat'><strong>*5⁰²³-</strong></span> <span class='ocrx_word' id='word_1_255' title='bbox 716 2964 930 3028; x_wconf 84' lang='lat' dir='ltr'><strong>pugna</strong></span> <span class='ocrx_word' id='word_1_256' title='bbox 971 2943 1038 3006; x_wconf 91' lang='lat' dir='ltr'><strong>in</strong></span> <span class='ocrx_word' id='word_1_257' title='bbox 1094 2943 1351 3008; x_wconf 87' lang='lat' dir='ltr'><strong>Samnio</strong></span> <span class='ocrx_word' id='word_1_258' title='bbox 1395 2945 1478 3009; x_wconf 90' lang='lat' dir='ltr'><strong>ad</strong></span> <span class='ocrx_word' id='word_1_259' title='bbox 1526 2944 1882 3010; x_wconf 86' lang='lat' dir='ltr'><strong>Bovianum</strong></span> <span class='ocrx_word' id='word_1_260' title='bbox 1930 2947 2422 3036; x_wconf 82' lang='lat' dir='ltr'><strong>haudquaquam</strong></span> <span class='ocrx_word' id='word_1_261' title='bbox 2464 2945 2780 3031; x_wconf 77' lang='lat' dir='ltr'><strong>ambiguae</strong></span> 
     </span>
     <span class='ocr_line' id='line_1_33' title="bbox 714 3027 2778 3120; baseline 0.003 -29"><span class='ocrx_word' id='word_1_262' title='bbox 714 3027 1009 3092; x_wconf 86' lang='lat' dir='ltr'><strong>victoriae</strong></span> <span class='ocrx_word' id='word_1_263' title='bbox 1028 3028 1165 3093; x_wconf 84' lang='lat' dir='ltr'><strong>fuit.</strong></span> <span class='ocrx_word' id='word_1_264' title='bbox 1258 3029 1614 3096; x_wconf 88' lang='lat' dir='ltr'><strong>Bovianum</strong></span> <span class='ocrx_word' id='word_1_265' title='bbox 1639 3032 1790 3097; x_wconf 87' lang='lat' dir='ltr'><strong>inde</strong></span> <span class='ocrx_word' id='word_1_266' title='bbox 1809 3055 2153 3120; x_wconf 77' lang='lat' dir='ltr'><strong>aggressuS,</strong></span> <span class='ocrx_word' id='word_1_267' title='bbox 2178 3057 2298 3099; x_wconf 89' lang='lat' dir='ltr'><strong>nec</strong></span> <span class='ocrx_word' id='word_1_268' title='bbox 2321 3035 2412 3100; x_wconf 87' lang='lat' dir='ltr'><strong>ita</strong></span> <span class='ocrx_word' id='word_1_269' title='bbox 2433 3035 2638 3102; x_wconf 85' lang='lat' dir='ltr'><strong>multo</strong></span> <span class='ocrx_word' id='word_1_270' title='bbox 2655 3035 2778 3118; x_wconf 67' lang='lat' dir='ltr'><strong>post</strong></span> 
     </span>
     <span class='ocr_line' id='line_1_34' title="bbox 714 3113 1430 3193; baseline 0.004 -15"><span class='ocrx_word' id='word_1_271' title='bbox 714 3113 1121 3193; x_wconf 87' lang='lat' dir='ltr'><strong>Aufidenam,</strong></span> <span class='ocrx_word' id='word_1_272' title='bbox 1152 3116 1217 3179; x_wconf 81' lang='lat' dir='ltr'><strong>vi</strong></span> <span class='ocrx_word' id='word_1_273' title='bbox 1244 3139 1318 3181; x_wconf 94' lang='lat' dir='ltr'><strong>ce</strong></span> <span class='ocrx_word' id='word_1_274' title='bbox 1364 3116 1430 3181; x_wconf 85' lang='lat' dir='ltr'><strong>it.</strong></span> 
     </span>
     <span class='ocr_line' id='line_1_35' title="bbox 500 3175 2813 3310; baseline 0.003 -48"><span class='ocrx_word' id='word_1_275' title='bbox 500 3202 595 3262; x_wconf 88' lang='lat'><strong>13.</strong></span> <span class='ocrx_word' id='word_1_276' title='bbox 800 3201 1047 3267; x_wconf 85' lang='lat' dir='ltr'><strong>Eodem</strong></span> <span class='ocrx_word' id='word_1_277' title='bbox 1076 3225 1245 3268; x_wconf 88' lang='lat' dir='ltr'><strong>anno</strong></span> <span class='ocrx_word' id='word_1_278' title='bbox 1278 3203 1608 3269; x_wconf 66' lang='lat' dir='ltr'><strong>Carseolos</strong></span> <span class='ocrx_word' id='word_1_279' title='bbox 1646 3206 1892 3271; x_wconf 89' lang='lat' dir='ltr'><strong>colonia</strong></span> <span class='ocrx_word' id='word_1_280' title='bbox 1929 3207 1998 3270; x_wconf 89' lang='lat' dir='ltr'><strong>in</strong></span> <span class='ocrx_word' id='word_1_281' title='bbox 2038 3229 2258 3308; x_wconf 70' lang='lat' dir='ltr'><strong>agrum</strong></span> <span class='ocrx_word' id='word_1_282' title='bbox 2302 3175 2813 3310; x_wconf 61' lang='lat' dir='ltr'><strong>Aequicolammg</strong></span> 
     </span>
     <span class='ocr_line' id='line_1_36' title="bbox 713 3285 2768 3383; baseline -0 -29"><span class='ocrx_word' id='word_1_283' title='bbox 713 3289 1001 3355; x_wconf 88' lang='lat' dir='ltr'><strong>deducta.</strong></span> <span class='ocrx_word' id='word_1_284' title='bbox 1124 3291 1381 3355; x_wconf 88' lang='lat' dir='ltr'><strong>Fulvius</strong></span> <span class='ocrx_word' id='word_1_285' title='bbox 1450 3292 1671 3356; x_wconf 90' lang='lat' dir='ltr'><strong>consul</strong></span> <span class='ocrx_word' id='word_1_286' title='bbox 1749 3293 1830 3358; x_wconf 89' lang='lat' dir='ltr'><strong>de</strong></span> <span class='ocrx_word' id='word_1_287' title='bbox 1907 3293 2295 3359; x_wconf 85' lang='lat' dir='ltr'><strong>Samnitibus</strong></span> <span class='ocrx_word' id='word_1_288' title='bbox 2367 3285 2768 3383; x_wconf 78' lang='lat' dir='ltr'><strong>tnumphavit.</strong></span> 
     </span>
     <span class='ocr_line' id='line_1_37' title="bbox 718 3376 2772 3460; baseline 0.001 -19"><span class='ocrx_word' id='word_1_289' title='bbox 718 3377 937 3452; x_wconf 83' lang='lat' dir='ltr'><strong>Quum</strong></span> <span class='ocrx_word' id='word_1_290' title='bbox 978 3378 1235 3442; x_wconf 86' lang='lat' dir='ltr'><strong>comitia</strong></span> <span class='ocrx_word' id='word_1_291' title='bbox 1273 3376 1626 3444; x_wconf 89' lang='lat' dir='ltr'><strong>consularia</strong></span> <span class='ocrx_word' id='word_1_292' title='bbox 1663 3379 1986 3457; x_wconf 85' lang='lat' dir='ltr'><strong>instarent,</strong></span> <span class='ocrx_word' id='word_1_293' title='bbox 2019 3381 2185 3445; x_wconf 86' lang='lat' dir='ltr'><strong>fama</strong></span> <span class='ocrx_word' id='word_1_294' title='bbox 2223 3395 2464 3460; x_wconf 84' lang='lat' dir='ltr'><strong>exorta,</strong></span> <span class='ocrx_word' id='word_1_295' title='bbox 2497 3381 2772 3446; x_wconf 71' lang='lat' dir='ltr'><strong>Ennaeas</strong></span> 
     </span>
     <span class='ocr_line' id='line_1_38' title="bbox 717 3457 2766 3619; baseline 0.001 -93"><span class='ocrx_word' id='word_1_296' title='bbox 717 3463 1156 3565; x_wconf 85' lang='lat' dir='ltr'><strong>Samnitesque</strong></span> <span class='ocrx_word' id='word_1_297' title='bbox 1196 3465 1484 3552; x_wconf 80' lang='lat' dir='ltr'><strong>ingentes</strong></span> <span class='ocrx_word' id='word_1_298' title='bbox 1515 3466 1906 3530; x_wconf 87' lang='lat' dir='ltr'><strong>conscribere</strong></span> <span class='ocrx_word' id='word_1_299' title='bbox 1949 3469 2264 3532; x_wconf 81' lang='lat' dir='ltr'><strong>exercitus</strong></span> <span class='ocrx_word' id='word_1_300' title='bbox 2282 3469 2555 3619; x_wconf 54' lang='lat' dir='ltr'><strong>308alam</strong></span> <span class='ocrx_word' id='word_1_301' title='bbox 2591 3457 2766 3531; x_wconf 81' lang='lat' dir='ltr'><strong>omm&#39;-</strong></span> 
     </span>
     <span class='ocr_line' id='line_1_39' title="bbox 712 3545 2766 3639; baseline 0.001 -26"><span class='ocrx_word' id='word_1_302' title='bbox 712 3550 828 3614; x_wconf 90' lang='lat' dir='ltr'><strong>bus</strong></span> <span class='ocrx_word' id='word_1_303' title='bbox 856 3551 1138 3616; x_wconf 76' lang='lat' dir='ltr'><strong>conciliis</strong></span> <span class='ocrx_word' id='word_1_304' title='bbox 1166 3551 1378 3616; x_wconf 82' lang='lat' dir='ltr'><strong>vexari</strong></span> <span class='ocrx_word' id='word_1_305' title='bbox 1408 3551 1724 3639; x_wconf 86' lang='lat' dir='ltr'><strong>principes</strong></span> <span class='ocrx_word' id='word_1_306' title='bbox 1755 3551 2184 3633; x_wconf 85' lang='lat' dir='ltr'><strong>Etruscorum,</strong></span> <span class='ocrx_word' id='word_1_307' title='bbox 2254 3579 2298 3618; x_wconf 93' lang='lat' dir='ltr'><strong>u</strong></span> <span class='ocrx_word' id='word_1_308' title='bbox 2411 3578 2544 3620; x_wconf 90' lang='lat' dir='ltr'><strong>non</strong></span> <span class='ocrx_word' id='word_1_309' title='bbox 2577 3545 2766 3618; x_wconf 76' lang='lat' dir='ltr'><strong>Galloe</strong></span> 
     </span>
     <span class='ocr_line' id='line_1_40' title="bbox 712 3629 2762 3722; baseline 0.005 -25"><span class='ocrx_word' id='word_1_310' title='bbox 712 3657 1091 3722; x_wconf 83' lang='lat' dir='ltr'><strong>quacunque</strong></span> <span class='ocrx_word' id='word_1_311' title='bbox 1164 3638 1527 3704; x_wconf 87' lang='lat' dir='ltr'><strong>conditione</strong></span> <span class='ocrx_word' id='word_1_312' title='bbox 1598 3639 1904 3704; x_wconf 86' lang='lat' dir='ltr'><strong>traxerint</strong></span> <span class='ocrx_word' id='word_1_313' title='bbox 1974 3639 2058 3704; x_wconf 83' lang='lat' dir='ltr'><strong>ad</strong></span> <span class='ocrx_word' id='word_1_314' title='bbox 2121 3641 2202 3705; x_wconf 92' lang='lat' dir='ltr'><strong>be</strong></span> <span class='ocrx_word' id='word_1_315' title='bbox 2253 3663 2396 3705; x_wconf 90' lang='lat' dir='ltr'><strong>um:</strong></span> <span class='ocrx_word' id='word_1_316' title='bbox 2482 3643 2648 3707; x_wconf 87' lang='lat' dir='ltr'><strong>incre</strong></span> <span class='ocrx_word' id='word_1_317' title='bbox 2749 3629 2762 3642; x_wconf 60' lang='lat'>⁵</span> 
     </span>
     <span class='ocr_line' id='line_1_41' title="bbox 713 3721 2762 3878; baseline 0.004 -7"><span class='ocrx_word' id='word_1_318' title='bbox 713 3721 1748 3876; x_wconf 49' lang='lat' dir='ltr'><strong>eszffsfuxrffffl‘ssffisszsss?</strong></span> <span class='ocrx_word' id='word_1_319' title='bbox 1771 3727 2258 3878; x_wconf 46' lang='lat' dir='ltr'><strong>333?ng</strong></span> <span class='ocrx_word' id='word_1_320' title='bbox 2288 3727 2762 3878; x_wconf 43' lang='lat' dir='ltr'><strong>Lusum:</strong></span> 
     </span>
     <span class='ocr_line' id='line_1_42' title="bbox 2093 3837 2186 3878; baseline -0.022 0"><span class='ocrx_word' id='word_1_321' title='bbox 2093 3838 2110 3878; x_wconf 91' lang='lat'>:</span> <span class='ocrx_word' id='word_1_322' title='bbox 2163 3837 2186 3876; x_wconf 86' lang='lat'>1</span> 
     </span>
     <span class='ocr_line' id='line_1_43' title="bbox 718 3830 2758 3984; baseline 0.003 -26"><span class='ocrx_word' id='word_1_323' title='bbox 718 3916 986 3982; x_wconf 86' lang='lat' dir='ltr'><strong>rumque</strong></span> <span class='ocrx_word' id='word_1_324' title='bbox 1017 3830 1251 3958; x_wconf 48' lang='lat' dir='ltr'><strong>{itibus</strong></span> <span class='ocrx_word' id='word_1_325' title='bbox 1290 3857 1666 3983; x_wconf 56' lang='lat' dir='ltr'><strong>c’onsurgere</strong></span> <span class='ocrx_word' id='word_1_326' title='bbox 1705 3837 1916 3964; x_wconf 57' lang='lat' dir='ltr'><strong>hostciaes</strong></span> <span class='ocrx_word' id='word_1_327' title='bbox 1955 3837 2758 3984; x_wconf 44' lang='lat' dir='ltr'><strong>adsbelluiiiteetszlgudqua·</strong></span> 
     </span>
     <span class='ocr_line' id='line_1_44' title="bbox 294 3979 2926 4280; baseline 0.001 -232"><span class='ocrx_word' id='word_1_328' title='bbox 294 4019 299 4022; x_wconf 96' lang='lat'>·</span> <span class='ocrx_word' id='word_1_329' title='bbox 390 3993 457 4048; x_wconf 80' lang='lat' dir='ltr'><strong>Q.</strong></span> <span class='ocrx_word' id='word_1_330' title='bbox 475 3989 657 4040; x_wconf 75' lang='lat' dir='ltr'><strong>Fabius</strong></span> <span class='ocrx_word' id='word_1_331' title='bbox 714 4004 904 4132; x_wconf 56' lang='lat' dir='ltr'><strong>qitam</strong></span> <span class='ocrx_word' id='word_1_332' title='bbox 936 3981 1069 4069; x_wconf 85' lang='lat' dir='ltr'><strong>pari</strong></span> <span class='ocrx_word' id='word_1_333' title='bbox 1088 3979 1560 4068; x_wconf 81' lang='lat' dir='ltr'><strong>defungendum</strong></span> <span class='ocrx_word' id='word_1_334' title='bbox 1583 4006 1715 4048; x_wconf 89' lang='lat' dir='ltr'><strong>esse</strong></span> <span class='ocrx_word' id='word_1_335' title='bbox 1745 3985 2106 4051; x_wconf 85' lang='lat' dir='ltr'><strong>certamine.</strong></span> <span class='ocrx_word' id='word_1_336' title='bbox 2201 3985 2328 4053; x_wconf 83' lang='lat' dir='ltr'><strong>Hic</strong></span> <span class='ocrx_word' id='word_1_337' title='bbox 2351 4001 2567 4065; x_wconf 82' lang='lat' dir='ltr'><strong>terror,</strong></span> <span class='ocrx_word' id='word_1_338' title='bbox 2591 3999 2757 4076; x_wconf 79' lang='lat' dir='ltr'><strong>quum</strong></span> <span class='ocrx_word' id='word_1_339' title='bbox 2906 3997 2926 4280; x_wconf 66' lang='grc' dir='ltr'>Ι</span> 
     </span>
     <span class='ocr_line' id='line_1_45' title="bbox 712 4091 731 4130; baseline 0 0"><span class='ocrx_word' id='word_1_340' title='bbox 712 4091 731 4130; x_wconf 91' lang='lat'>1</span> 
     </span>
    </p>
   </div>
   <div class='ocr_carea' id='block_1_3' title="bbox 2925 3421 2931 3963">
    <p class='ocr_par' dir='ltr' id='par_1_3' title="bbox 2925 3421 2931 3963">
     <span class='ocr_line' id='line_1_46' title="bbox 2925 3421 2931 3963; baseline 0 0"><span class='ocrx_word' id='word_1_341' title='bbox 2925 3421 2931 3963; x_wconf 95' lang='lat' dir='ltr'><strong> </strong></span> 
     </span>
    </p>
   </div>
   <div class='ocr_carea' id='block_1_4' title="bbox 388 4055 2924 4421">
    <p class='ocr_par' dir='ltr' id='par_1_4' title="bbox 388 4055 2924 4421">
     <span class='ocr_line' id='line_1_47' title="bbox 388 4055 2754 4168; baseline 0.003 -39"><span class='ocrx_word' id='word_1_342' title='bbox 388 4055 694 4168; x_wconf 47' lang='lat' dir='ltr'><strong>{3222ss</strong></span> <span class='ocrx_word' id='word_1_343' title='bbox 783 4083 981 4132; x_wconf 82' lang='lat' dir='ltr'><strong>ustres</strong></span> <span class='ocrx_word' id='word_1_344' title='bbox 1026 4068 1143 4132; x_wconf 82' lang='lat' dir='ltr'><strong>viri</strong></span> <span class='ocrx_word' id='word_1_345' title='bbox 1202 4067 1596 4134; x_wconf 86' lang='lat' dir='ltr'><strong>consulatum</strong></span> <span class='ocrx_word' id='word_1_346' title='bbox 1655 4084 1964 4158; x_wconf 87' lang='lat' dir='ltr'><strong>peterent,</strong></span> <span class='ocrx_word' id='word_1_347' title='bbox 2015 4095 2236 4138; x_wconf 87' lang='lat' dir='ltr'><strong>omnes</strong></span> <span class='ocrx_word' id='word_1_348' title='bbox 2292 4073 2358 4138; x_wconf 89' lang='lat' dir='ltr'><strong>in</strong></span> <span class='ocrx_word' id='word_1_349' title='bbox 2417 4073 2500 4150; x_wconf 83' lang='lat' dir='ltr'><strong>Q.</strong></span> <span class='ocrx_word' id='word_1_350' title='bbox 2527 4071 2754 4139; x_wconf 77' lang='lat' dir='ltr'><strong>Fabium</strong></span> 
     </span>
     <span class='ocr_line' id='line_1_48' title="bbox 768 4223 2754 4293; baseline 0.005 -26"><span class='ocrx_word' id='word_1_351' title='bbox 768 4223 815 4293; x_wconf 34' lang='lat'><strong>&#39;8</strong></span> <span class='ocrx_word' id='word_1_352' title='bbox 856 4225 1123 4284; x_wconf 64' lang='lat' dir='ltr'><strong>Parseolos]</strong></span> <span class='ocrx_word' id='word_1_353' title='bbox 1178 4226 1241 4273; x_wconf 84' lang='lat' dir='ltr'><strong>cf.</strong></span> <span class='ocrx_word' id='word_1_354' title='bbox 1276 4226 1417 4287; x_wconf 82' lang='lat' dir='ltr'><strong>Supr.</strong></span> <span class='ocrx_word' id='word_1_355' title='bbox 1456 4239 1499 4286; x_wconf 79' lang='lat'><strong>3.</strong></span> <span class='ocrx_word' id='word_1_356' title='bbox 1569 4227 1719 4274; x_wconf 81' lang='lat' dir='ltr'><strong>Haud</strong></span> <span class='ocrx_word' id='word_1_357' title='bbox 1861 4243 1892 4290; x_wconf 85' lang='lat'>9</span> <span class='ocrx_word' id='word_1_358' title='bbox 1933 4231 2336 4290; x_wconf 71' lang='lat' dir='ltr'><strong>Aequicolorum]</strong></span> <span class='ocrx_word' id='word_1_359' title='bbox 2412 4229 2754 4293; x_wconf 60' lang='lat' dir='ltr'><strong>Aequicum</strong></span> 
     </span>
     <span class='ocr_line' id='line_1_49' title="bbox 714 4285 2703 4358; baseline 0.007 -31"><span class='ocrx_word' id='word_1_360' title='bbox 714 4299 811 4329; x_wconf 74' lang='grc' dir='ltr'>ιιι-ιο</span> <span class='ocrx_word' id='word_1_361' title='bbox 833 4299 894 4330; x_wconf 83' lang='lat' dir='ltr'><strong>an</strong></span> <span class='ocrx_word' id='word_1_362' title='bbox 920 4285 1039 4331; x_wconf 80' lang='lat' dir='ltr'><strong>hacc</strong></span> <span class='ocrx_word' id='word_1_363' title='bbox 1060 4287 1249 4335; x_wconf 85' lang='lat' dir='ltr'><strong>colonia</strong></span> <span class='ocrx_word' id='word_1_364' title='bbox 1272 4304 1401 4336; x_wconf 90' lang='lat' dir='ltr'><strong>nunc</strong></span> <span class='ocrx_word' id='word_1_365' title='bbox 1426 4289 1588 4350; x_wconf 80' lang='lat' dir='ltr'><strong>potius</strong></span> <span class='ocrx_word' id='word_1_366' title='bbox 1609 4305 1718 4351; x_wconf 75' lang='lat' dir='ltr'><strong>sup-</strong></span> <span class='ocrx_word' id='word_1_367' title='bbox 1789 4290 1998 4340; x_wconf 83' lang='lat' dir='ltr'><strong>Bekker.</strong></span> <span class='ocrx_word' id='word_1_368' title='bbox 2043 4294 2103 4340; x_wconf 82' lang='lat' dir='ltr'><strong>cf.</strong></span> <span class='ocrx_word' id='word_1_369' title='bbox 2129 4293 2178 4340; x_wconf 89' lang='lat' dir='ltr'>N</span> <span class='ocrx_word' id='word_1_370' title='bbox 2183 4293 2334 4342; x_wconf 82' lang='lat' dir='ltr'><strong>iebhr.</strong></span> <span class='ocrx_word' id='word_1_371' title='bbox 2357 4293 2387 4342; x_wconf 84' lang='lat' dir='ltr'><strong>i.</strong></span> <span class='ocrx_word' id='word_1_372' title='bbox 2410 4309 2457 4342; x_wconf 88' lang='lat' dir='ltr'><strong>n.</strong></span> <span class='ocrx_word' id='word_1_373' title='bbox 2485 4309 2590 4358; x_wconf 80' lang='lat'><strong>219.</strong></span> <span class='ocrx_word' id='word_1_374' title='bbox 2615 4302 2703 4350; x_wconf 75' lang='lat'><strong>2²5·</strong></span> 
     </span>
     <span class='ocr_line' id='line_1_50' title="bbox 714 4297 2924 4421; baseline 0.014 -32"><span class='ocrx_word' id='word_1_375' title='bbox 714 4345 864 4402; x_wconf 58' lang='lat' dir='ltr'><strong>plena,</strong></span> <span class='ocrx_word' id='word_1_376' title='bbox 886 4361 1030 4406; x_wconf 84' lang='lat' dir='ltr'><strong>quam</strong></span> <span class='ocrx_word' id='word_1_377' title='bbox 1055 4349 1265 4398; x_wconf 83' lang='lat' dir='ltr'><strong>deducta</strong></span> <span class='ocrx_word' id='word_1_378' title='bbox 1286 4351 1445 4400; x_wconf 80' lang='lat' dir='ltr'><strong>fuerit.</strong></span> <span class='ocrx_word' id='word_1_379' title='bbox 2914 4297 2924 4421; x_wconf 80' lang='lat' dir='ltr'><strong>l</strong></span> 
     </span>
    </p>
   </div>
   <div class='ocr_carea' id='block_1_5' title="bbox 2932 2431 2941 3275">
    <p class='ocr_par' dir='ltr' id='par_1_5' title="bbox 2932 2431 2941 3275">
     <span class='ocr_line' id='line_1_51' title="bbox 2932 2431 2941 3275; baseline 0 0"><span class='ocrx_word' id='word_1_380' title='bbox 2932 2431 2941 3275; x_wconf 95' lang='lat' dir='ltr'><strong> </strong></span> 
     </span>
    </p>
   </div>
  </div>
 </body>
</html>
