3000 4784
735 222 866 285 412
1518 156 1753 283 TITs
1804 212 2082 283 L1V11

405 364 476 418 U.
501 366 560 417 0.
587 376 698 431 ³9⁷·
735 378 904 433 nam,
935 354 990 419 si
1025 354 1170 440 quis
1206 353 1447 417 iniussu
1493 352 1562 418 in
1606 352 1855 417 hostem
1897 362 2259 451 pugnasset.
2353 349 2628 429 Milites,
2660 370 2835 436 aegre

407 433 472 481 A.
504 431 563 482 ⁰·
589 442 699 505 ³⁵⁵:
737 442 807 506 id
835 440 1166 528 patientes,
1197 440 1403 527 primo
1443 440 1515 503 in
1554 439 1928 504 stationibus
1956 437 2315 525 vigiliisque
2348 439 2527 503 inter
2552 460 2625 502 se
2650 438 2839 501 dicta-

405 496 608 609 {iffi
631 508 722 543 'm'
739 540 942 592 torem
991 526 1386 591 sermonibus
1439 548 1737 613 carpere3
1786 524 2112 589 interdum
2157 523 2379 589 Patres
2422 524 2841 589 communiter

737 614 1084 700 increpare,
1131 612 1306 699 quod
1349 634 1481 677 non
1526 612 1853 677 iussissent
1892 634 2010 698 per
2052 610 2345 677 consule's
2394 612 2543 698 geri
2595 610 2841 675 bellum.

741 708 764 738 ‘
785 698 1080 764 Electum
1121 722 1255 763 esse
1295 697 1605 763 eximium
1646 699 2108 785 imperatorem,
2146 697 2413 763 unicum
2448 698 2707 774 ducem,
2740 696 2845 782 qui

741 793 762 825 ‘
782 785 942 849 nihil
973 786 1188 871 agenti
1217 785 1337 849 sibi
1367 784 1448 849 de
1479 784 1659 849 coelo
1688 783 2118 848 devolaturam
2158 784 2229 847 in
2268 784 2485 847 sinum
2520 784 2847 848 victoriam

741 880 762 912 ‘
783 872 1078 937 censeat'
1167 870 1409 935 Eadem
1439 870 1675 937 deinde
1704 870 1867 935 haec
1892 869 2173 935 interdiu
2202 870 2566 956 propalam,
2594 892 2669 933 ac
2694 870 2850 933 fem-

739 958 912 1022 ciora
947 957 1065 1035 his,
1097 958 1369 1033 iactare3
1419 966 1442 995 ‘
1460 980 1529 1021 se
1564 957 1809 1021 iniussu
1844 956 2240 1043 imperatoris
2274 969 2387 1020 aut
2416 956 2849 1029 dimicaturos,

743 1052 764 1083 ‘
787 1057 899 1109 aut
926 1044 1178 1131 agmine
1213 1044 1486 1108 Romam
1518 1043 1754 1107 ituros!
1842 1042 2321 1128 Immiscerique
2356 1043 2683 1107 militibus
2706 1064 2855 1107 cen-
2944 1050 2946 1125 j

740 1131 1062 1195 turiones:
1111 1152 1232 1194 nec
1275 1130 1344 1194 in
1387 1129 1639 1193 circulis
1683 1128 1872 1193 modo
1910 1128 2200 1205 fremere,
2230 1128 2345 1192 sed
2386 1129 2519 1193 iam
2568 1130 2647 1192 in
2686 1128 2887 1216 prin-1
2944 1162 2946 1191 :

743 1217 925 1304 cipiis
967 1240 1042 1281 ae
1085 1216 1398 1303 praetorio
1443 1216 1513 1278 in
1556 1237 1760 1279 unum
1802 1236 2125 1279 sermones
2168 1215 2498 1291 confundi,
2548 1228 2745 1303 atque
2790 1214 2857 1277 in

743 1303 1067 1368 concionis
1119 1300 1625 1389 magnitudinem
1678 1322 1955 1366 crescere
2010 1301 2213 1379 turba,
2266 1314 2334 1365 et
2382 1302 2727 1365 vociferari
2776 1320 2857 1364 ex

745 1389 1038 1454 omnibus
1085 1388 1256 1465 loeiS,
1305 1395 1326 1425 ‘
1347 1400 1420 1451 ut
1463 1386 1788 1474 extemplo
1835 1386 1917 1451 ad
1954 1386 2331 1451 dictatorem
2368 1386 2583 1451 iretur
2602 1412 2623 1451 t
2670 1388 2859 1451 verba

747 1482 766 1513 ‘
787 1498 903 1561 pro
944 1475 1230 1541 exercitu
1261 1474 1497 1538 faceret
1546 1473 1691 1538 Sex.
1728 1472 1998 1550 Tullium
2031 1486 2106 1537 ut
2132 1472 2364 1537 virtute
2401 1474 2549 1538 eius
2586 1474 2857 1561 dignum

527 1557 626 1617 13.
747 1569 766 1601 ⁶
787 1562 991 1626 esset!
1081 1560 1438 1661 Septimum
1479 1560 1759 1647 primum
1808 1559 2011 1647 pilum
2054 1560 2181 1623 iam
2226 1559 2484 1624 Tullius
2530 1560 2817 1625 ducebat
2837 1583 2855 1633 ;
2874 1592 2894 1623 ι

743 1670 956 1734 neque
991 1660 1128 1712 erat
1163 1670 1232 1711 ιιι
1267 1647 1573 1723 exercitu,
1606 1646 1717 1732 qui
1748 1645 2009 1732 quidem
2050 1646 2369 1733 pedestria
2404 1646 2745 1733 stipendia
2768 1646 2861 1711 fe-

413 1751 526 1802 Sex.
541 1748 699 1798 Tullii
743 1734 949 1810 cisset,
979 1734 1076 1797 vir
1109 1734 1287 1797 factis
1332 1732 1622 1798 nobilior.
1714 1730 1797 1809 Is,
1836 1732 2223 1819 praecedens
2267 1731 2551 1797 militum
2602 1756 2857 1821 agmen,

411 1814 705 1928 ssmffigtggz-
745 1818 828 1882 ad
857 1818 1370 1969 tribunglaepergit
1390 1843 1425 1919 3·
1451 1818 1705 1970 miraff'ti
1754 1842 1835 1918 ue
1868 1818 2604 1969 Sulpiciomonbetufirbam
2638 1821 2858 1920 magis,
2948 1862 2950 1957 ⁴

411 1944 626 2057 sse
642 1954 726 1989 ω
743 1918 1074 2068 33η
1108 1922 2861 2077 ‘&effetumrtfegffiffvzsndessssffluss
2949 1970 2950 1983 ψ

745 2086 768 2117 ‘
787 2078 1121 2143 universus
1169 2078 1484 2142 exercitus
1534 2101 1574 2141 a
1624 2090 1689 2142 te
1738 2078 2027 2164 ignaviae
2074 2089 2264 2154 ratuS,
2310 2089 2377 2142 et
2418 2100 2631 2165 prope
2678 2080 2861 2167 igno·

745 2172 766 2204 ‘
787 2164 1020 2230 miniae
1063 2186 1252 2229 causa
1289 2164 1665 2229 destitutum
1711 2164 1849 2229 sine
1894 2162 2103 2241 armis,
2140 2165 2341 2227 oravit
2388 2186 2515 2242 me,
2552 2178 2637 2230 ut
2680 2186 2897 2233 suam3

745 2260 768 2291 ‘
785 2274 1038 2316 causam
1081 2250 1254 2338 apud
1297 2264 1364 2315 te
1409 2272 1686 2337 agerem.
1776 2248 2120 2337 Equidem,
2152 2250 2353 2314 sicubi
2398 2250 2545 2315 loco
2582 2273 2857 2327 cessum,

745 2345 766 2377 ‘
786 2338 840 2401 si
871 2350 1048 2424 terga
1073 2336 1224 2401 data
1251 2337 1437 2415 hosti,
1467 2338 1521 2400 si
1550 2337 1732 2423 signa
1758 2336 1945 2401 foede
1985 2337 2212 2401 amissa
2251 2336 2441 2401 obiici
2478 2338 2677 2403 nobis
2716 2362 2865 2426 pos-

746 2431 769 2462 ‘
787 2436 948 2501 sent,
979 2436 1194 2488 tamen
1233 2423 1355 2488 hoc
1392 2446 1432 2487 a
1466 2436 1531 2488 te
1565 2423 1893 2509 impetrari
1928 2444 2203 2508 aequum
2240 2446 2591 2501 censerem,
2626 2438 2709 2489 ut
2748 2446 2863 2489 nos

748 2517 769 2549 ‘
789 2510 1020 2575 virtute
1051 2510 1314 2596 culpam,
1331 2522 1614 2575 nostram
1641 2508 1975 2597 corrigere,
2000 2522 2067 2573 et
2089 2509 2339 2573 abolere
2360 2510 2589 2597 flagitii
2614 2532 2865 2576 memo-

749 2606 770 2637 ‘
789 2596 949 2661 riam
993 2620 1160 2661 nova
1247 2596 1403 2661 loria
1448 2596 1765 2683 patereris,
1860 2593 2072 2659 Etiam
2118 2594 2200 2659 ad
2250 2595 2489 2659 Alliam
2536 2596 2727 2662 fileae
2776 2598 2867 2661 le·
2950 2600 2952 2603 ⁴

749 2692 770 2722 ‘
787 2684 1010 2769 giones
1059 2620 1350 2761 eandgem‚
1399 2704 1592 2770 quam
1634 2704 1757 2781 per
1800 2704 2097 2782 pavorem
2149 2682 2507 2759 amiserant,
2556 2686 2861 2770 patriam,

749 2778 768 2809 ‘
835 2770 1106 2834 rofectae
1143 2784 1373 2869 postea
1418 2770 1496 2834 ab
1527 2767 1727 2845 Velis,
1775 2780 2009 2833 vutute
2055 2790 2526 2855 recuperavere.
2626 2769 2861 2847 Nobis,

748 2863 769 2894 ‘
789 2791 982 2918 geum
1011 2856 1424 2941 benignitate,
1455 2854 1755 2920 felicitate
1794 2868 1905 2919 tua
1938 2854 2287 2942 populique
2322 2854 2625 2933 Romani,
2660 2870 2735 2921 et
2762 2878 2863 2921 res

748 2947 769 2979 ‘
789 2951 856 3002 et
899 2938 1100 3038 gloria
1143 2952 1240 3003 est
1289 2942 1555 3027 integra.
1650 2940 2040 3027 Quanquam
2090 2940 2173 3005 de
2222 2940 2425 3028 gloria
2471 2941 2586 3005 vix
2638 2943 2858 3008 dicere

749 3033 772 3065 ‘
790 3046 1010 3101 auslm,
1043 3026 1096 3089 si
1125 3047 1241 3089 nos
1275 3039 1342 3089 et
1373 3027 1585 3091 hostes
1619 3026 1795 3092 haud
1829 3050 2027 3105 secus,
2104 3050 2255 3091 uam
2281 3026 2572 3105 feminae,
2600 3029 2859 3094 abditos

749 3110 960 3175 ‘intra
977 3109 1213 3175 vallum
1234 3112 1529 3177 omnibus
1550 3112 1952 3179 contumeliis
1970 3114 2075 3178 elu
2122 3126 2273 3189 unt3
2306 3126 2377 3178 et
2402 3126 2479 3178 tu
2504 3115 2859 3201 imperator

749 3208 770 3239 ‘
789 3211 1023 3277 noster,
1047 3198 1222 3287 quod
1253 3198 1500 3286 aegrius
1574 3200 1823 3277 atimur,
1850 3201 2200 3265 exercitum
2230 3213 2415 3264 tuum
2436 3200 2576 3264 sine
2600 3202 2852 3277 animis,

750 3295 771 3325 ‘
790 3286 926 3350 sine
957 3286 1164 3364 armis,
1196 3286 1332 3351 sine
1363 3286 1535 3350 mani
1580 3307 1654 3349 us
1687 3285 1931 3351 iudicas
1958 3308 2136 3363 esse3
2182 3298 2250 3351 et
2282 3287 2477 3373 priua,
2508 3309 2715 3372 quam
2746 3311 2855 3353 ex—

749 3380 770 3411 ‘
787 3385 1006 3459 pertus
1045 3396 1162 3437 nos
1201 3395 1384 3450 esseS,
1419 3371 1499 3437 de
1540 3372 1723 3437 nobis
1763 3372 1853 3436 ita
1882 3373 2246 3461 desperasti,
2278 3386 2351 3437 ut
2382 3385 2445 3437 te
2476 3394 2853 3439 mancorum

745 3466 768 3498 ‘
787 3480 862 3523 ac
891 3458 1201 3523 debilium
1229 3459 1458 3523 ducem
1491 3456 1799 3523 iudicares
1828 3482 1979 3523 esse.
2074 3458 2256 3534 Quid
2290 3459 2465 3523 enim
2501 3458 2683 3523 aliud
2718 3482 2851 3524 eme

744 3554 765 3586 ‘
785 3566 1010 3610 causae
1068 3543 1418 3624 credemus,
1470 3567 1587 3608 cur
1634 3556 1970 3609 veteranus
2019 3544 2173 3621 dux,
2224 3527 2603 3609 fortissimus
2658 3546 2849 3623 bello,

745 3640 764 3669 ‘
784 3631 1174 3717 compressiS,
1207 3632 1382 3717 quod
1423 3631 1621 3709 aiunt,
1660 3632 1951 3695 manibus
1988 3631 2208 3695 sedeas
2228 3632 2259 3695 Ρ
2302 3644 2631 3717 utcunque
2672 3633 2851 3695 enim

743 3724 763 3755 ‘
781 3736 850 3778 se
895 3715 1089 3780 habet
1131 3738 1250 3793 ree,
1293 3730 1358 3783 te
1399 3716 1480 3781 de
1520 3730 1736 3782 nostra
1762 3717 1994 3782 virtute
2036 3717 2355 3782 dubitasse
2396 3716 2620 3794 videri,
2650 3740 2851 3803 quam

810 3920 832 3955 ι
867 3908 934 3955 In
960 3907 1251 3970 principiis]
1294 3907 1357 3955 In
1391 3922 1451 3957 ea
1487 3913 1628 3970 parte
1660 3922 1761 3959 eas-
1893 3922 1920 3970 3
1954 3910 2257 3958 Damnatum
2286 3910 2395 3958 sine
2419 3908 2596 3967 amis]
2650 3907 2851 3957 Anudit

740 3974 942 4031 trorum,
955 3970 1038 4019 ubi
1057 3969 1431 4033 praecipuorum
1453 3974 1638 4021 ducum
1655 3978 1761 4021 ten·
1825 3973 1890 4020 ad
1914 3972 2125 4021 militare
2154 3988 2343 4033 poenae
2372 3986 2543 4034 genus,
2564 3986 2663 4033 quo
2684 3970 2744 4031 ii,
2766 3973 2849 4034 qui

739 4034 866 4083 toria
909 4042 960 4084 et
1009 4034 1145 4098 signa
1191 4034 1422 4084 militaria
1463 4036 1567 4085 fixa
1607 4040 1760 4085 erant.
1826 4036 1935 4084 loco
1969 4042 2227 4093 censerant,
2248 4035 2545 4098 ignominiae
2574 4050 2729 4083 enum
2756 4036 2847 4084 dis-

739 4100 818 4148 Δσ
839 4102 1099 4159 praetorio,
1119 4098 1151 4147 i.
1175 4114 1218 4148 e.
1247 4114 1400 4162 prope
1431 4100 1594 4162 ipsum
1626 4114 1761 4163 prae-
1827 4098 1973 4148 cincti
1996 4105 2145 4162 atque
2161 4100 2309 4147 etiam
2332 4099 2599 4160 aliquando
2620 4100 2847 4157 tunicati,

740 4162 860 4212 toris
879 4164 982 4213 sive
1003 4164 1308 4225 imperatoris
1327 4165 1716 4212 tabernaculum.
1824 4164 2067 4212 destrictis
2085 4163 2277 4225 gladiis,
2292 4168 2421 4211 etue
2442 4162 2753 4224 aliquamdiu
2776 4164 2846 4211 iu-

815 4240 844 4274 2
865 4228 1158 4289 Septimum]
1183 4228 1405 4289 Septima
1421 4228 1521 4275 iam
1542 4227 1645 4276 viee
1666 4226 1761 4289 pri·
1828 4228 2079 4277 behantur.
2124 4228 2240 4276 vid.
2262 4225 2367 4276 Liv.
2384 4224 2536 4275 xxvii.
2560 4242 2579 4273 ι
2590 4240 2635 4289 3.
2658 4232 2711 4275 et
2728 4228 2845 4277 Sue-

747 4302 884 4336 mum
911 4291 1066 4351 pilum
1089 4292 1315 4339 ducebat.
1373 4290 1456 4338 De
1477 4292 1761 4340 centurione
1825 4296 1929 4341 ton.
1950 4292 2001 4340 in
2027 4292 2152 4357 Aug.
2178 4306 2253 4352 ‘³4-
2288 4291 2453 4341 Can.

743 4350 998 4413 primipili,
1019 4354 1081 4402 cf.
1105 4368 1237 4415 supr.
1259 4352 1310 4403 ii.
1336 4364 1413 4415 27.
