3000 4784
393 366 463 417 11.
486 368 545 419 c.
571 382 599 431 3

390 432 455 487 Δ.

486 432 601 494 C.4

506 1208 603 1268 12.

393 1288 465 1339 U.
488 1291 547 1341 C.
574 1306 601 1354 3

718 226 857 287 238
1418 220 1428 227 '
1464 216 1726 288 ’ΤΙΤΙ
1779 216 2057 287 LIVII

604 382 683 496 33:
718 356 1245 510 ἓέῗηὲωᾝῗῗ
1284 356 1836 509 ΒΓῈΙΒΑΞΣᾏἛ
1857 354 2884 508 ffii’tg'eiiffil'ssissffdffis

718 532 891 595 niam
936 468 1704 597 Ardeamaffiduoendam
1749 530 1943 595 creati
1988 528 2194 615 Agrip
2321 527 2730 627 Menenius,-
2757 526 2840 591 T.
2942 520 2943 531 ’

722 616 1009 683 Cloelius
1062 617 1328 693 Siculus,
1379 616 1475 681 M.
1510 616 1828 681 Aebutius
1887 614 2064 679 Elva.
2243 614 2328 691 ui,
2379 636 2500 701 per
2559 614 2844 677 mimme
2942 615 2943 689 J

802 702 1021 791 pulare
1050 703 1466 769 ministerium
1495 726 1646 790 agro
1674 701 2051 789 assignando
2077 700 2279 778 sociia
2357 720 2508 765 uem
2547 699 2848 785 populus

716 726 1050 854 {omanus
1092 811 1277 854 suum
1320 790 1389 854 iu
1439 790 1677 866 ‘casset,
1715 810 1917 875 quum
1961 788 2214 875 plebem
2255 722 2706 863 offendiaeent,
2759 808 2846 849 ne

624 896 627 899 ’
718 875 1095 961 primoribus
1168 876 1384 940 uidem
1414 875 1676 940 Patrum
1707 875 1855 939 satis
1894 872 2156 961 accepti,
2233 872 2360 938 uod
2389 871 2560 935 nihil
2585 872 2846 957 gratiae

719 960 823 1024 cui
942 983 1092 1025 uam
1122 898 1453 1039 dederanu
1498 961 1884 1037 vexationes,
1916 960 1998 1024 ad
2027 982 2157 1047 pop
2225 980 2334 1022 um
2356 958 2485 1021 iam
2515 957 2628 1021 die
2657 957 2848 1021 dicta

719 1046 799 1110 ab
829 1048 909 1110 tri
954 1047 1114 1124 unis,
1146 1047 1354 1112 coloni
1382 1047 1636 1135 ascripti
1663 1046 2050 1111 remanendo
2083 1047 2152 1109 in
2189 1044 2458 1126 colonia,
2488 1065 2700 1131 quam
2747 1058 2848 1107 te-

720 1144 879 1197 stem
908 1133 1285 1220 integritatis
1312 1134 1715 1220 iustitiaeque
1744 1131 2080 1209 habebant,
2109 1132 2399 1197 vitavere.

807 1218 945 1283 Pax
990 1219 1165 1284 domi
1206 1219 1355 1284 foris
1400 1242 1481 1284 ue
1523 1220 1646 1284 fuit
1687 1231 1754 1284 et
1795 1219 1918 1283 hoc
1959 1231 2028 1282 et
2069 1218 2204 1281 inse
2251 1228 2444 1281 uente
2495 1238 2702 1291 anne,
2759 1217 2840 1281 C.
2942 1260 2943 1273 2

610 1307 683 1354 ¹⁴·
722 1304 913 1370 Furio
956 1306 1174 1371 Pacilo
1212 1320 1278 1371 et
1460 1305 1716 1393 Papirio
1764 1304 1992 1369 Crasso
2035 1326 2154 1369 con
2255 1304 2409 1367 ibus·
2504 1302 2714 1379 Ludi,
2762 1304 2846 1367 ab

390 1356 453 1407 Α.
489 1356 549 1405 O.
572 1356 682 1417 438.
986 1393 999 1407 .
1040 1394 1053 1407 .
1897 1391 1912 1405 .
2225 1390 2238 1403 .

391 1418 451 1468 c,
472 1418 639 1478 Furio,
720 1390 1089 1457 decemvms
1132 1414 1247 1491 per
1288 1413 1702 1456 secesslonem
1744 1391 1947 1477 plebis
1990 1413 2029 1454 a
2069 1389 2364 1454 Patribus
2405 1411 2492 1452 ex
2535 1403 2844 1453 senatus-

392 1483 467 1531 M.
490 1483 691 1545 Papirio
720 1477 1007 1543 consulto
1026 1492 1176 1554 voti,
1201 1500 1279 1541 eo
1300 1500 1469 1542 axmo
1485 1477 1632 1542 facti
1658 1489 1823 1540 sunt.
1918 1475 2131 1541 Causa
2149 1475 2534 1539 seditionum
2561 1476 2846 1561 nequic-

391 1546 533 1596 Cosa.

397 2259 466 2310 U.
488 2262 549 2311 C.
575 2273 684 2324 315.

721 1586 910 1650 quam
957 1586 996 1627 a
1036 1563 1324 1627 Poetelio
1364 1564 1687 1650 quaesitat
1735 1562 1868 1649 qui,
1909 1562 2198 1627 tribunus
2235 1560 2438 1647 plebis
2473 1561 2722 1624 iterum
2767 1584 2884 1631 cao

718 1648 855 1735 ipsa
882 1648 1321 1714 denuntiando
1348 1650 1568 1726 factus,
1599 1670 1829 1735 neque,
1861 1661 1936 1712 ut
1963 1646 2044 1713 de
2075 1647 2236 1735 agris
2257 1646 2631 1710 dividendis
2659 1647 2844 1733 plebi

716 1734 1023 1799 referrent
1050 1734 1339 1799 consules
1366 1736 1449 1799 ad
1477 1748 1786 1811 senatum,
1816 1734 2182 1821 pervincere
2209 1733 2454 1820 potuit:
2501 1744 2595 1809 et,
2627 1756 2840 1818 quum

718 1842 951 1970 3333?
979 1820 1860 1972 {Tissffissffiffifflsiss’essi
1877 1818 2844 1971 “ffiffnssaussefimg’mffiss
2942 1886 2943 1901 ³

720 1992 917 2056 creari
956 1992 1107 2056 iussi
1146 2006 1329 2058 sunt:
1378 1930 1780 2080 ludibri’oque
1819 2006 2001 2057 erant
2028 1992 2238 2057 minae
2279 1952 2541 2066 tribum,
2575 1990 2844 2055 demm-

722 2077 936 2143 tiantis
972 2100 1039 2143 se
1081 2079 1398 2145 delectum
1438 2079 1526 2144 im
1611 2080 1933 2155 diturum3
1980 2100 2200 2165 quum,
2237 2076 2472 2163 quietis
2511 2076 2838 2152 finitimis,

721 2185 805 2229 ne
852 2186 933 2229 ue
962 2164 1148 2242 belle,
1181 2188 1391 2253 neque
1420 2164 1522 2230 bel
1550 2167 1573 2229 i
1601 2178 1900 2265 apparatu
1932 2186 2092 2251 opus
2119 2175 2298 2227 esset.
2334 2216 2342 2225 ,

806 2186 1116 2337 {equitur
1144 2251 1307 2315 hanc
1338 2264 1480 2315 tran
1529 2251 1860 2316 uilhtatem
1889 2272 2100 2314 rerum
2129 2269 2351 2325 annus,
2381 2246 2672 2313 Proculo
2699 2248 2842 2313 Ge-

394 2326 549 2439 }‚302-
566 2338 685 2437 &⁹33⁰
719 2336 909 2423 ganio
940 2336 1291 2414 Macerino,
1324 2337 1400 2401 L.
1515 2338 1748 2402 enenio
1778 2336 2026 2401 Lanato
2069 2334 2449 2411 consulibua,
2483 2334 2838 2422 multiplici

491 2452 556 2512 io,
574 2452 632 2502 1„
722 2420 901 2486 clade
941 2444 1018 2523 ac
1054 2422 1341 2524 periculo
1382 2424 1668 2509 insignis,
1699 2422 2133 2499 seditionibus,
2163 2421 2349 2499 fame,
2379 2442 2652 2570 rffggm
2631 2444 2838 2571 pal-213

393 2580 534 2631 Con.

393 2694 597 2744 Fames.

454 2516 629 2565 enenio
720 2530 838 2659 pgr
866 2508 1214 2596 largmoms
1235 2509 1642 2573 dulcedinem
1673 2509 1740 2571 in
1771 2508 2045 2573 cervices
2066 2519 2344 2594 accepto.

804 2594 959 2659 llum
1003 2610 1376 2661 externum:
1426 2618 1557 2695 quo
1601 2594 1655 2658 si
1703 2606 2074 2695 aggravatae
2123 2614 2224 2658 res
2267 2604 2500 2669 essent,
2547 2593 2668 2657 vix

722 2681 987 2746 deorum
1024 2682 1311 2747 omnium
1355 2682 1560 2747 resisti
1688 2692 1925 2745 tulsset.
2021 2679 2160 2745 Coe
2243 2700 2312 2743 re
2356 2701 2396 2742 a
2435 2678 2613 2743 fame
2777 2702 2832 2755 a,

720 2788 837 2831 seu
876 2767 1175 2832 adversus
1204 2790 1409 2831 annus
1436 2767 1602 2853 frugi
1647 2789 1722 2830 us
1749 2766 1890 2842 fuit,
1921 2788 2034 2830 seu
2064 2765 2153 2829 du
2179 2764 2404 2829 cedine
2433 2764 2834 2829 concionum

720 2864 791 2915 et
830 2852 1003 2915 urbis
1045 2852 1295 2917 deserto
1490 2874 1634 2916 rum
1677 2851 1894 2917 cultu:
1943 2872 2093 2915 nam
2137 2864 2484 2936 utrumque
2531 2851 2828 2915 traditur.

724 2934 812 3000 Et
839 2936 1060 3000 Patres
1087 2937 1339 3035 plebem
1414 2937 1675 3014 esidem,
1707 2951 1774 3003 et
1802 2938 2040 3001 tribuni
2079 2936 2281 3023 plebis
2320 2957 2496 2999 nunc
2531 2936 2832 3001 fraudem

720 3042 895 3084 nunc
937 3043 983 3083 n
1062 3022 1389 3107 ligentiam
1432 3022 1766 3087 consulum
1811 3024 2205 3097 accusabant.
2297 3021 2644 3085 Postremo
2687 3044 2836 3109 per-

718 3105 941 3193 pulere
990 3129 1037 3193 p
1060 3107 1245 3186 ebefi,
1298 3107 1472 3172 haud
1523 3108 1894 3174 adversante
1946 3121 2186 3185 senatu,
2241 3120 2314 3172 ut
2360 3106 2438 3170 L.
2487 3106 2832 3172 Minucius

718 3193 1073 3279 praefectus
1108 3216 1403 3259 annonae
1449 3208 1802 3272 crearetur3
1847 3194 2090 3260 felicior
2124 3194 2192 3257 in
2221 3216 2299 3258 eo
2329 3192 2718 3279 magistratu
2751 3192 2830 3257 ad

718 3280 1069 3344 custodiam
1100 3278 1405 3345 libertatis
1430 3281 1700 3358 summa,
1725 3304 1916 3367 quam
1947 3282 2030 3345 ad
2058 3279 2452 3346 curationem
2479 3278 2826 3344 ministerii

694 3366 843 3451 asui:
889 3388 1255 3452 quanquam
1284 3380 1602 3467 postremo
1623 3388 1912 3432 annonae
1983 3388 2192 3454 uoque
2223 3364 2464 3444 levatae
2492 3364 2684 3428 haud
2714 3366 2832 3429 im-

720 3451 1007 3516 meritam
1052 3466 1120 3516 et
1159 3468 1427 3539 granam
1470 3466 1538 3517 et
1619 3452 1842 3521 loriam
1889 3465 1960 3517 tu
1985 3453 2052 3517 it.
2157 3451 2291 3527 Qui
2333 3472 2560 3549 quum,
2607 3452 2828 3515 multis

720 3536 886 3603 circa
926 3538 1231 3603 finitimos
1272 3538 1542 3639 populos
1577 3476 2006 3626 legationibus
2036 3551 2202 3602 terra
2233 3558 2522 3623 mamque
2555 3537 2830 3623 nequic-
2942 3590 2943 3595 ,

718 3645 909 3708 quam
940 3625 1161 3701 missis,
1193 3624 1347 3711 (msi
1420 3624 1552 3688 uod
1595 3646 1678 3688 ex
1723 3623 1982 3688 Etruria
2024 3623 2196 3688 haud
2238 3624 2328 3687 ita
2369 3620 2652 3685 multum
2700 3624 2830 3686 fm-

716 3709 915 3771 menti
950 3710 1285 3775 advectum
1314 3648 1444 3797 egb
1475 3708 1724 3774 nullum
1767 3722 2164 3774 momentum
2207 3729 2496 3773 annonae
2527 3708 2860 3783 fecisset31

782 3894 813 3940 8
844 3892 931 3939 Aa
960 3894 1193 3942 coloniam
1217 3894 1460 3954 Ardeam]
1518 3895 1735 3945 Ardeam
1799 3894 2146 3955 consularium,
2183 3892 2234 3942 in
2287 3893 2463 3955 quibus
2509 3894 2824 3956 plehe’orum

718 3955 771 4004 in
800 3970 1005 4004 numero
1034 3957 1339 4005 coloniarum
1362 3957 1650 4007 Latinarum
1683 3959 1736 4007 in
1799 3958 1924 4009 ratio
1946 3958 2116 4007 haberi
2135 3962 2344 4020 poterat.
2381 3956 2558 4006 Dux.

718 4022 917 4070 saeculo
942 4024 1080 4068 sexto
1112 4020 1403 4079 invenimus,
1424 4022 1560 4069 unde
1583 4037 1735 4084 appa-
1879 4036 1898 4069 1
1945 4024 2108 4081 Quum
2138 4057 2152 4070 .
2174 4056 2188 4069 .
2212 4056 2226 4069 .
2249 4057 2262 4069 .
2292 4022 2487 4069 nullum
2527 4030 2826 4071 moneam

718 4091 795 4134 ret
822 4084 1075 4133 minimam
1108 4090 1295 4145 partem
1322 4085 1423 4147 agri
1446 4086 1735 4134 Ardeatium
1798 4102 2027 4135 annonae
2051 4087 2276 4146 fecisset]
2329 4086 2503 4141 Quum
2541 4084 2674 4132 nihil
2717 4102 2826 4148 pro-

719 4149 906 4198 oivibus
950 4146 1191 4196 Romanis
1231 4148 1523 4209 assignatam
1573 4147 1735 4199 misse.
1799 4148 1992 4197 fecisset
2032 4150 2098 4197 ad
2141 4148 2400 4196 levandam
2439 4162 2696 4195 annonam
2715 4166 2730 4197 ε
2783 4156 2826 4199 d

718 4214 781 4261 of.
807 4214 859 4261 N
862 4212 1011 4260 iebhr.
1036 4211 1085 4261 ii.
1110 4226 1160 4274 p.
1184 4212 1293 4272 448.
1593 4246 1598 4251 ·
1798 4214 2049 4261 revolutam
2076 4214 2144 4259 ad
2171 4212 2576 4274 dispensatione-
2597 4212 2826 4274 inopem

782 4290 815 4339 9
848 4278 931 4323 Ea
962 4278 1097 4337 ἅμα]
1150 4276 1234 4324 Εα
1266 4276 1378 4336 ipsa
1412 4274 1633 4336 intelligo
1668 4276 1736 4322 le-
1800 4280 1852 4323 et
1879 4290 1939 4323 eo
1967 4274 2124 4323 redire
2155 4280 2373 4333 coactus,
2403 4279 2460 4322 ut
2491 4274 2736 4335 exiguum
2771 4278 2826 4323 i}-

719 4352 827 4397 gem
852 4338 1087 4399 qratiam
1120 4344 1173 4389 et
1206 4336 1404 4387 comitia
1432 4336 1737 4386 tribunorum
1802 4338 1889 4386 lud
1911 4338 2161 4397 frumenti,
2180 4338 2310 4399 quod
2333 4342 2438 4386 erat
2462 4336 2512 4385 in
2535 4338 2682 4397 urbe,
2705 4354 2826 4401 quo-
