3000 4784
786 236 976 307 LIB.
1026 238 1179 307 VII.
1249 240 1472 307 CAP.
1524 245 1626 307 21.
2133 248 2258 307 421

110 374 431 441 comitiis
476 398 679 462 quum
736 377 1011 441 dictator
1066 376 1432 463 magistratu
1482 377 1733 454 abisset,
1784 398 1884 443 res
1931 376 2015 442 ad
2065 377 2260 443 inter-
2280 387 2349 441 U.
2373 388 2432 438 c.
2455 402 2564 447 40¹1.

112 484 429 549 reg-num
468 462 676 527 rediit.
768 460 1073 527 Infestam
1112 462 1265 527 inde
1294 463 1589 529 Patribus
1622 463 1878 550 plebem
1913 464 2260 551 interreges
2276 455 2337 503 A.
2372 451 2432 502 Ο·
2455 464 2565 514 ³⁵⁰·

114 570 357 634 quum
398 549 811 635 accepissent,
843 549 925 613 ad
966 548 1379 613 undecimum
1418 550 1801 637 interregem
1841 549 2260 616 seditionibus
2359 556 2368 565 '

114 646 467 699 certatum
488 648 601 699 est.
666 634 859 722 Legis
882 634 1169 699 Liciniae
1200 636 1620 721 patrocinium
1649 636 1890 701 tribuni
1919 637 2255 702 iactabant.

116 719 431 806 Propior
471 720 655 785 dolor
694 720 867 807 plebi
906 721 1141 785 fenoris
1181 722 1676 821 ingravescentis
1717 735 1891 787 erat:
1939 746 2258 809 curaeque

118 806 439 892 privatae
486 807 556 869 in
604 806 1053 871 certaminibus
1098 806 1368 894 pubhcis
1411 809 1848 895 erumpebant.
1962 809 2258 884 Quorum

120 891 369 956 taedio
418 891 641 957 Patres
687 891 765 956 L.
802 890 1178 957 Cornelium
1240 892 1344 958 Sci
1390 894 1606 958 ionem
1663 894 2044 995 interregem
2103 918 2258 960 con·

120 977 411 1043 cordiae
460 1000 649 1043 causa
698 979 1027 1043 observare
1080 978 1105 1042 l
1224 1000 1288 1043 m
1336 916 1654 1044 Eiciniam
1705 981 1978 1045 comitus
2027 1004 2258 1045 consu—

122 1064 390 1129 laribus
437 1064 691 1129 iussere.
782 1064 855 1128 P.
878 1063 1137 1129 Valerio
1224 1065 1534 1129 ublicolae
1581 1066 1767 1130 datus
1813 1089 1848 1130 e
1895 1066 2082 1153 plebe
2125 1067 2257 1132 col·
2275 1077 2343 1128 U.
2367 1078 2426 1127 O.
2450 1092 2562 1139 403-

124 1150 291 1249 lega
328 1148 411 1214 C.
440 1146 725 1215 Marcius
762 1149 1037 1215 Rutilus.
1129 1149 1459 1215 Inclinatis
1500 1151 1698 1216 semel
1739 1152 1810 1217 in
1853 1153 2255 1217 concordiam
2274 1143 2334 1254 3}-
2353 1142 2562 1252 31³3

124 1236 403 1313 ammiS,
428 1236 579 1301 novi
608 1235 919 1313 consules,
942 1236 1267 1301 fenebrem
1290 1260 1548 1323 quoque
1578 1260 1733 1313 rem,
1757 1260 1921 1324 quae
1951 1238 2254 1307 distinere
2272 1242 2332 1319 c:
2350 1221 2540 1318 ritu-{io
2555 1240 2572 1265 '

126 1322 494 1389 unanimos
521 1322 873 1401 videbatur,
904 1322 1111 1387 levare
1140 1322 1433 1410 aggressi,
1464 1321 1844 1388 solutionem
1875 1323 2066 1389 alieni
2093 1324 2256 1390 aeris
2275 1334 2351 1383 11.
2373 1335 2511 1384 σου.

82 1440 108 1487 ³
132 1410 211 1473 in
268 1409 597 1495 publicam
646 1430 863 1473 curam
908 1421 1273 1484 verterunt3
1328 1408 1764 1495 quinqueviris
1807 1410 2050 1487 creatis,
2096 1433 2258 1497 quos

130 1496 505 1560 mensarios
542 1495 623 1560 ab
662 1494 1131 1583 dispensatione
1174 1494 1482 1582 pecuniae
1529 1494 1941 1582 appellarunt.
2035 1496 2258 1561 Meriti

132 1580 476 1669 aequitate
524 1604 801 1668 curaque
848 1594 1017 1658 sunt,
1060 1594 1133 1647 ut
1174 1604 1289 1668 per
1330 1582 1616 1645 omnium
1662 1582 1986 1646 annalium
2029 1605 2258 1648 monu-

134 1680 375 1733 menta
400 1668 681 1733 celebres
708 1667 1073 1733 nominibus
1100 1682 1327 1733 essent.
1396 1666 1604 1731 Fuere
1633 1680 1846 1732 autem
1875 1665 1953 1733 C.
1977 1669 2254 1747 Duilius,

136 1754 221 1819 P.
252 1754 503 1819 Decius
534 1754 707 1831 Mus,
740 1754 835 1818 M.
858 1754 1169 1840 PapiriuS,
1206 1753 1288 1828 Q„
1310 1752 1645 1831 Publilius,
1677 1767 1744 1818 et
1772 1754 1874 1819 Ti.
1900 1753 2252 1831 Aemilius3

136 1841 267 1927 qui
296 1863 457 1919 rem,
488 1840 922 1905 difficillimam
952 1852 1240 1917 tractatu,
1272 1853 1338 1904 et
1374 1839 1749 1927 plerumque
1783 1842 1948 1928 parti
1981 1842 2252 1928 utrique,

138 1949 409 2014 semper
449 1939 619 1993 certe
664 1925 864 2003 alteri,
900 1948 1173 2011 gravem,
1205 1948 1407 2011 quum
1450 1926 1574 1991 alia
1617 1925 2071 2004 moderatione,
2116 1939 2254 1992 tum

94 2046 113 2077 ι
142 2013 486 2112 impendio
506 2012 709 2099 magis
728 2012 1003 2099 publico,
1027 2034 1219 2098 quam
1244 2013 1500 2089 iactura,
1525 2013 1980 2078 sustinuerunt.
2043 2014 2256 2078 Tarda

142 2122 332 2163 cmm
362 2098 643 2175 nomina,
668 2112 734 2163 et
755 2098 1159 2184 impeditiora
1185 2097 1417 2162 inertia
1436 2098 1818 2175 debitorum,
1841 2121 2036 2184 quam
2059 2099 2256 2163 facul-

146 2185 413 2261 tatibus,
444 2196 557 2249 aut
584 2184 915 2260 aerarium,
946 2183 1181 2247 mensis
1220 2205 1369 2247 cum
1410 2206 1552 2248 aere
1593 2184 1663 2247 in
1691 2184 1827 2248 foro
1857 2184 2095 2270 positis,
2127 2185 2255 2249 dis-

90 2306 123 2337 2
146 2270 361 2348 solvit,
411 2284 483 2335 ut
530 2269 769 2370 populo
818 2269 993 2355 prius
1038 2281 1405 2343 caveretur3
1470 2281 1582 2333 aut
1632 2269 1984 2334 aestimatio
2037 2271 2256 2370 aequis

148 2378 371 2421 rerum
398 2356 617 2443 pretiis
645 2355 965 2421 liberavit:
998 2366 1073 2419 ut
1100 2377 1231 2419 non
1260 2353 1452 2419 modo
1479 2356 1616 2420 sine
1647 2356 1896 2432 iniuria,
1920 2355 2034 2421 sed
2063 2369 2255 2421 etiam

150 2444 296 2591 silne
326 2442 735 2529 querimoniis
762 2441 957 2530 partis
998 2441 1348 2528 utriusque,
1378 2442 1688 2506 exhausta
1714 2441 1808 2505 vis
1838 2443 2066 2529 ingens
2095 2444 2255 2507 aeris

150 2554 195 2593 a
220 2529 351 2592 ieni
378 2528 477 2593 sit.

250 2614 482 2679 Terror
522 2613 673 2679 inde
717 2636 917 2679 vanus
958 2614 1111 2679 belli
1148 2613 1419 2692 Etrusci,
1453 2638 1654 2702 quum
1697 2616 2054 2680 coniurasse
2095 2614 2256 2679 duo-

154 2700 371 2765 decim
406 2702 675 2787 populos
712 2700 881 2765 sama
918 2713 1101 2777 esset,
1132 2701 1506 2766 dictatorem
1537 2701 1664 2766 dici
1705 2702 1930 2788 coegit.
2023 2701 2255 2767 Dictus

162 2788 231 2851 in
276 2787 485 2851 castris
519 2788 627 2874 (eo
667 2788 839 2853 enim
881 2787 966 2851 ad
1008 2787 1299 2852 consules
1344 2788 1604 2852 missum
1643 2788 2253 2853 senatusconsultum

231 2985 265 3033 9
296 2971 419 3027 Quos
442 2971 707 3019 mmor-ios
732 2970 793 3017 ab
814 2969 1170 3030 dispensatione

158 3036 401 3097 pecuniae
411 3034 751 3095 appellarunt]
762 3036 943 3081 Mensa
958 3032 1087 3081 enim
1098 3032 1168 3080 di-

166 3098 296 3145 citur
316 3112 398 3158 pro
417 3098 567 3145 abaco
588 3095 981 3159 argentariorum.
1026 3098 1169 3145 Men-

164 3162 293 3211 aaru‘t'
310 3164 469 3208 tamen
490 3160 723 3209 differunt
753 3160 817 3207 ab
844 3162 1141 3221 amemus-iis
1154 3177 1171 3207 .-

1300 2983 1325 3017 2
1357 2971 1423 3019 Ut
1438 2971 1624 3031 populo
1638 2972 1786 3032 prim
1805 2972 2087 3035 caveretur]
2122 2969 2252 3019 Vide

1233 3032 1353 3081 Tac.
1377 3035 1508 3082 Anu.
1541 3033 1600 3081 vi.
1631 3046 1704 3096 17.
1740 3034 1824 3083 ubi
1863 3034 2102 3084 obaeratis
2139 3037 2252 3084 tum

1236 3113 1370 3159 opem
1414 3097 1614 3155 Caesar,
1656 3100 1882 3161 disposito
1927 3114 2022 3161 per
2061 3114 2252 3147 mensas

1235 3162 1366 3209 mille
1384 3163 1618 3217 sestertio,
1629 3162 1868 3225 factaque
1891 3163 2151 3209 mutuandi
2177 3177 2250 3209 co-

1232 3225 1321 3284 pia
1340 3226 1449 3273 aine
1466 3226 1636 3271 muris
1655 3240 1750 3284 per
1771 3226 2038 3273 triennium
2057 3226 2101 3271 εἰ
2123 3226 2250 3273 debu·-

164 3224 289 3287 quia
306 3226 569 3273 memorius
588 3224 657 3271 rei
678 3223 983 3273 nummariae
1016 3222 1171 3285 publi-

168 3304 259 3337 cae
286 3294 467 3338 curator
487 3294 577 3345 est,
597 3289 910 3349 amentarius
940 3286 1171 3348 privatae.

172 3353 346 3412 Itaque
366 3352 591 3401 mensarii
612 3352 900 3399 crealuntur
916 3366 947 3397 a
963 3350 1171 3411 populo:

170 3416 282 3464 infr.
290 3415 415 3463 xxiii.
426 3430 451 3463 α
461 3430 479 3463 1
487 3450 500 3463 .
514 3416 786 3476 arqentor-in·
795 3420 969 3475 sponte
976 3428 1080 3469 sua,
1087 3426 1175 3459 suo

172 3478 379 3539 nomine,
387 3478 761 3541 negotiationem
776 3482 1175 3538 suam‚tanquam

174 3542 321 3591 ceteri
341 3548 641 3602 mercatores,
663 3542 969 3591 exercebant.
1004 3540 1166 3588 Cam.

252 3619 274 3653 1
316 3608 470 3654 Tarda
510 3608 639 3655 enim
680 3606 904 3663 nomina]
975 3602 1176 3658 Debita,

174 3684 301 3733 quae
330 3669 507 3717 tardius
538 3676 590 3718 et
622 3669 809 3731 aegrius
846 3668 1176 3723 solvebantur,

176 3749 275 3783 non
296 3732 401 3795 quia
425 3734 593 3795 inopia
620 3734 895 3781 laborarent
916 3731 1175 3789 debitores,

176 3798 263 3847 aed
280 3796 383 3859 quia
401 3796 578 3847 inertes
598 3812 657 3845 ac
677 3795 978 3859 negligentes
998 3799 1175 3852 essent,

176 3868 267 3911 aut
286 3860 481 3925 pecunia
496 3876 557 3909 ex
573 3860 759 3909 aerario
783 3859 1001 3921 praebita
1016 3860 1177 3907 soluta

178 3926 387 3999 nunt-ita
406 3931 589 4001 temen,
612 3930 667 3973 ut
688 3924 824 3985 priua
852 3923 1055 3985 populo,
1076 3922 1107 3971 i.
1130 3936 1174 3971 e.

176 3990 1175 4113 ffifflmfflfffflfflffiqiss‘ssss

180 4117 446 4177 aestimatis,
466 4122 517 4165 et
544 4115 769 4165 creditori
800 4114 1007 4173 traditis,
1026 4128 1172 4175 expe—

182 4182 285 4231 dita
301 4188 417 4231 mut.
456 4182 649 4231 Nomen
664 4194 813 4241 nepe
826 4178 1067 4240 accipitur
1084 4192 1176 4239 pro

182 4247 343 4304 debito,
376 4245 487 4307 quia
522 4243 735 4293 creditor
774 4242 823 4291 in
864 4243 1057 4291 tabulas
1092 4255 1176 4289 ex-

186 4308 313 4373 pensi
346 4314 395 4357 et
424 4306 619 4370 accepti
656 4306 802 4355 refert
838 4320 1017 4354 nomen
1056 4304 1177 4363 eiua,

186 4372 265 4423 cui
287 4372 529 4434 pecuniam
550 4385 817 4434 expensam
840 4369 971 4418 tulit.
1001 4369 1162 4418 Cam.

1237 3292 1311 3335 tor
1328 3288 1512 3349 populo
1531 3288 1586 3333 in
1605 3288 1810 3349 duplum
1827 3288 2045 3347 praediis
2059 3303 2250 3337 cavere·

1239 3355 1336 3397 tur.
1406 3348 1468 3397 In
1499 3364 1558 3396 eo
1585 3364 1697 3396 vero
1729 3348 1944 3397 maxime
1975 3350 2250 3398 laboratum

1240 3418 1330 3471 est,
1352 3413 1502 3473 quod,
1523 3426 1674 3473 quum
1699 3413 1910 3473 pecunia
1939 3418 2048 3475 post
2080 3414 2250 3461 urbem

1239 3481 1435 3539 captam
1480 3491 1590 3525 rara
1633 3481 1776 3535 esset,
1819 3476 1900 3525 vix
1939 3476 2076 3525 locus
2121 3492 2251 3525 com-

1240 3540 1421 3587 mercio
1460 3545 1595 3587 erat:
1651 3554 1783 3587 nunc
1827 3555 1939 3587 vero
1982 3541 2076 3588 hoc
2119 3542 2253 3589 malo

1238 3602 1467 3651 medendi
1498 3603 1685 3664 duplex
1717 3602 1840 3651 ratio
1874 3602 1998 3651 inita
2028 3610 2129 3653 est:
2165 3612 2252 3654 aut

1238 3666 1481 3715 debitores
1528 3668 1714 3729 populo
1763 3667 1974 3729 praediis
2015 3670 2252 3719 cavebant

1239 3736 1290 3777 et
1306 3746 1367 3779 ex
1384 3730 1569 3779 aerario
1587 3732 1842 3793 pecuniam
1859 3733 1924 3781 ad
1937 3748 2022 3783 aes
2033 3733 2250 3784 alienum

1240 3792 1339 3845 diss
1370 3796 1602 3843 ‘vendam
1635 3794 1969 3858 accipiebant:
2006 3805 2093 3846 aut
2115 3814 2251 3861 prae-

1240 3856 1333 3905 diis
1368 3874 1510 3921 ·.=quo
1533 3860 1688 3921 pretio
1710 3874 1742 3907 a
1763 3861 2091 3924 quinqueviris
2110 3862 2252 3911 aesti-

1238 3928 1353 3976 mat,
1432 3938 1546 3985 pars
1575 3925 1816 3985 quaedam
1855 3940 2024 3974 eorum
2057 3940 2090 3973 a
2120 3924 2251 3973 debi-

1238 3986 1379 4034 torib.
1464 3988 1530 4035 ad
1573 3988 1834 4037 creditores
1885 3990 2120 4037 translata
2163 3994 2250 4035 est.

1244 4050 1341 4099 Utr
1511 4066 1582 4099 *ro
1601 4054 1758 4113 senus
1789 4054 2072 4100 uncias-ium
2102 4064 2134 4096 a
2168 4050 2248 4097 de-

1236 4114 1364 4161 bitor
1570 4132 1588 4161 v
1609 4114 1794 4163 credita
1826 4113 2036 4176 pecunia
2065 4112 2252 4173 populo

1237 4178 1373 4225 solve
1448 4233 1475 4245 ..
1513 4216 1528 4225 .
1566 4184 1690 4227 esset
1733 4192 1904 4236 necne,
1942 4174 2095 4224 cuivis
2137 4188 2249 4223 con-

1240 4238 1617 4291 iicerffnberum
1639 4248 1728 4289 est.
1792 4240 1908 4288 Hoc
1929 4246 2149 4299 tempore
2170 4254 2254 4287 aee

1240 4304 1483 4365 signatum
1517 4304 1736 4366 pondere
1765 4303 2072 4351 deminutum
2107 4302 2254 4351 fuisse

1242 4366 1516 4428 suspicatur
1539 4366 1743 4415 Niebhr.
1767 4366 1833 4415 iii.
1859 4378 1906 4428 p.
1936 4378 2006 4425 71.
