3000 4784
876 248 1070 317 LIB.
1115 247 1236 317 Vl.
1303 248 1527 317 CAP.
1582 256 1679 317 18.
2208 252 2331 317 367

127 390 158 419 ‘
203 394 408 447 tum
461 380 910 470 responderet:
969 387 1074 449 cui
1121 408 1304 452 servo
1355 406 1639 474 unquam
1690 382 2007 449 mendacii
2060 404 2333 473 poenam
2356 398 2423 451 U.
2446 398 2507 450 c.
2534 410 2645 461 370·

131 476 165 505 ‘
193 468 524 535 vincula
573 469 809 535 fiiisse?
877 470 1034 537 Non
1085 473 1474 538 obversatam
1521 494 1657 537 esse
1702 472 2073 536 memoriam
2124 472 2334 537 noctis
2352 466 2412 514 A.
2444 464 2505 515 0·
2533 464 2645 525 3⁸²·

133 562 168 591 ‘
212 555 466 633 illius,
498 578 662 642 quae
700 578 906 644 paene
945 558 1174 623 ultima
1211 570 1404 659 atque
1445 572 1707 623 aeterna
1748 557 1995 622 nomini
2038 556 2335 625 Romano

58 658 110 706 9
143 650 176 678 ‘
209 642 510 707 fuerit?
581 666 710 706 non
761 645 1042 731 speciem
1093 646 1362 731 agmims
1419 644 1771 720 Gallom,
1830 666 1947 731 per
1994 642 2335 733 Tarpeiam

147 737 182 765 ⁶
215 751 500 815 rupem
543 728 950 795 scandentis?
1011 754 1144 795 non
1191 731 1386 817 ipsius
1445 730 1543 795 M.
1572 731 1824 808 Manlii,
1884 730 2141 818 qualem
2186 754 2337 797 eum

155 824 186 851 ‘
219 828 606 891 armatum,
702 816 922 881 lenum
969 816 1215 881 sudoris
1261 840 1334 881 ac
1379 817 1725 904 sanguinis,
1757 818 1779 881 i
1824 840 1895 881 so
1934 840 2139 903 paene
2181 816 2333 883 Iove

87 920 115 952 1
159 908 196 937 ⁶
227 914 498 987 erepto
544 924 626 965 ex
719 903 950 967 ostium
999 904 1308 980 manibus,
1353 904 1706 968 vidissent?
1816 904 2110 968 elibrisne
2157 904 2337 969 farris

169 996 202 1025 ‘
233 988 542 1075 gratiam
553 989 852 1053 servatori
869 989 1110 1075 patriae
1129 990 1428 1054 relatam?
1463 1004 1531 1055 et
1550 1012 1742 1077 quem
1761 1012 1957 1089 prope
1976 989 2333 1068 coelestem,

173 1083 208 1111 ⁶
237 1074 656 1160 cognomine
687 1088 858 1139 certe
887 1073 1256 1161 Capitolino
1286 1075 1424 1141 Iovi
1453 1099 1691 1163 parem,
1717 1077 2003 1153 fecerint,
2025 1098 2173 1140 cum
2202 1077 2337 1163 pati

178 1169 211 1197 ‘
245 1161 562 1224 vinctum
585 1159 654 1223 in
677 1182 944 1237 carcere,
970 1162 1040 1224 in
1058 1162 1352 1239 tenebriS,
1379 1163 1721 1226 obnoxiam
1740 1162 2051 1225 carnificis
2074 1162 2337 1227 arbitrio

183 1255 214 1283 ‘
253 1246 516 1311 ducere
549 1247 874 1311 animam?
905 1246 1096 1311 Adeo
1115 1248 1182 1311 in
1211 1271 1342 1312 uno
1372 1249 1667 1313 omnibus
1696 1248 1844 1311 satis
1872 1248 2093 1313 auxilii
2122 1250 2333 1325 fuisse,

185 1342 220 1371 ‘
249 1332 520 1397 nullam
541 1356 728 1419 opem
745 1333 814 1397 in
835 1346 965 1397 tam
985 1333 1200 1397 multis
1219 1333 1332 1397 uni
1349 1357 1484 1398 esse
1506 1335 1560 1398 ?’
1605 1333 1744 1398 Iam
1764 1356 1844 1398 ne
1864 1346 2051 1399 nocte
2070 1333 2335 1420 quidem

187 1419 424 1483 turba
481 1441 564 1483 ex
621 1442 702 1485 eo
767 1419 909 1485 loco
967 1419 1384 1497 dilabebatur,
1445 1420 1948 1507 refracturosque
2016 1442 2333 1485 carcerem

111 1531 158 1563 τ
191 1504 676 1571 minabantur:
753 1527 956 1592 quum
1020 1505 1302 1583 remisso,
1373 1507 1549 1593 quod
1630 1507 1909 1594 erepturi
1978 1519 2177 1583 erant,
2248 1526 2331 1571 ex
2351 1514 2571 1564 Manlius
2591 1530 2621 1565 e

193 1592 782 1657 senatusconsulto
827 1590 1112 1657 Manlius
1139 1592 1409 1657 vinculis
1444 1594 1773 1657 liberatur:
1822 1616 1953 1679 quo
1992 1592 2159 1658 facto
2200 1616 2331 1657 non
2348 1596 2573 1693 603ξὲἷὲ

197 1676 466 1743 seditio
494 1678 696 1757 finita,
714 1678 829 1743 sed
857 1678 992 1743 dux
1021 1678 1322 1744 seditioni
1339 1679 1527 1745 datus
1554 1692 1667 1744 est.
1758 1679 1887 1743 Per
1906 1678 2165 1744 eosdem
2194 1679 2335 1744 dies
2574 1679 2587 1693 ’

207 1764 490 1829 Latinis
511 1778 580 1830 et
597 1764 915 1843 Hernicis,
939 1765 1130 1829 simul
1147 1766 1386 1830 colonis
1419 1765 1891 1831 Circeiensibus
1908 1779 1973 1829 et
1991 1790 2030 1831 a
2051 1765 2333 1844 Velitris,

205 1852 656 1939 purgantibus
675 1875 742 1917 se
757 1850 974 1916 Volsci
991 1852 1256 1916 crimino
1274 1852 1443 1929 belli,
1457 1854 1866 1939 captivosque
1879 1853 2333 1940 repetentibuS,

141 1954 182 2000 3
209 1952 304 2002 nt
353 1937 490 2002 suis
539 1937 786 2039 legibus
841 1938 911 2001 in
969 1960 1080 2004 eos
1135 1938 1729 2015 animadverterent,
1780 1940 1981 2003 tristia
2036 1962 2337 2026 responsa

211 2023 490 2089 reddita
497 2048 517 2102 3
557 2025 832 2089 tristiora
850 2024 1112 2102 coloniS,
1137 2024 1314 2111 quod
1331 2023 1500 2089 cives
1527 2024 1805 2089 Romani
1828 2026 2067 2111 patriae
2086 2048 2333 2124 oppug-

215 2110 488 2175 nandae
535 2110 812 2175 nefanda
859 2110 1122 2175 consilia
1177 2111 1458 2176 inissent.
1552 2110 1621 2174 N
1622 2133 1708 2174 on
1756 2123 2057 2196 negatum
2115 2126 2332 2197 itaque

157 2213 198 2255 4
223 2210 486 2261 tantum
515 2196 598 2262 de
628 2197 928 2297 captivis;
976 2197 1110 2275 sed,
1129 2198 1198 2261 in
1228 2220 1358 2284 quo
1387 2197 1468 2261 ab
1490 2196 1677 2260 sociis
1697 2208 1911 2259 tamen
1942 2209 2333 2283 temperave-

221 2297 397 2360 rant‚
445 2282 894 2348 denuntiatum
936 2296 1192 2349 senatus
1235 2283 1460 2359 verbis,
1506 2282 1888 2347 facesserent
1932 2304 2197 2369 propere
2248 2304 2333 2347 ex

221 2371 412 2447 urbe,
443 2370 524 2435 ab
553 2393 660 2435 ore
690 2384 882 2457 atque
913 2370 1110 2435 oculis
1138 2369 1360 2457 populi
1391 2368 1689 2447 Romani,
1722 2390 1803 2433 ne
1834 2368 1997 2432 nihil
2026 2390 2135 2433 eos
2161 2369 2333 2455 lega-

225 2456 426 2521 tionis
455 2457 573 2534 ius,
597 2470 881 2534 externo,
914 2480 1046 2521 non
1073 2456 1216 2534 civi,
1246 2468 1699 2557 comparatum,
1734 2468 1991 2541 tegeret.

317 2542 840 2609 Recrudescente
873 2541 1204 2607 Manliana
1231 2542 1563 2619 seditione,
1596 2543 1713 2605 sub
1742 2543 1922 2605 exitu
1952 2540 2103 2605 anni
2134 2540 2329 2603 comi·
2456 2545 2553 2605 18.

225 2630 318 2693 tia
347 2629 588 2705 habita,
617 2630 941 2717 creatique
971 2628 1212 2694 tribuni
1241 2628 1517 2693 militum
1556 2627 1869 2692 consulari
1906 2638 2217 2714 potestate
2246 2649 2328 2691 ex
2349 2626 2417 2676 U.
2442 2629 2501 2713 C,-
2528 2639 2637 2689 371·

175 2728 206 2773 5
227 2716 532 2783 Patribus
576 2715 709 2781 Ser.
735 2715 1078 2781 Cornelius
1119 2715 1581 2801 Maluginensis
1622 2715 1900 2790 tertium,
1942 2713 2014 2777 P.
2039 2712 2329 2777 Valerius
2348 2692 2639 2804 &haegen

225 2802 486 2869 Potitus
529 2802 782 2879 iterum,
819 2801 916 2867 Μ.
939 2801 1166 2866 Furius
1209 2799 1539 2878 Camillus,
1592 2800 1723 2867 Ser.
1763 2799 2079 2887 Sulpicius
2124 2799 2331 2864 Rufus
2348 2818 2482 2866 nolio
2507 2818 2616 2869 ΙΙΙ.

225 2891 488 2967 iterum,
524 2888 602 2955 C.
637 2887 928 2990 Papirius
961 2888 1250 2965 Crassm,
1279 2886 1355 2951 T.
1389 2886 1734 2963 Quinctius
1773 2886 2197 2952 Cincinnatus
2234 2888 2447 2995 se-ffii
2465 2882 2551 2934 Tr.

225 2976 537 3041 eundum.
633 2974 838 3040 Cuius
867 2974 1182 3063 principio
1210 2974 1358 3038 anni
1393 2987 1460 3037 et
1489 2974 1785 3039 Patribus
1814 2986 1879 3037 et
1908 2971 2081 3061 plebi
2186 2996 2335 3060 rop-
2450 2982 2465 2998 ⁸

223 3076 506 3151 portune
535 3076 802 3127 externa
829 3082 954 3148 pax
985 3060 1158 3125 data:
1206 3059 1396 3147 plebi,
1475 3060 1606 3124 uod
1634 3083 1765 3125 non
1794 3072 2055 3124 avocata
2126 3060 2337 3125 electu

225 3172 412 3237 spem
443 3170 518 3213 ce
565 3149 634 3226 it,
663 3147 820 3212 dum
851 3160 982 3212 tam
1009 3159 1338 3234 potentem
1373 3146 1456 3209 ha
1502 3159 1639 3211 eret
1666 3145 1916 3222 ducem,
1948 3146 2182 3209 fenoris
2220 3168 2335 3209 ex-

225 3256 496 3336 pugnati
543 3235 600 3312 i;
663 3234 976 3311 Patribus,
1021 3254 1104 3297 ne
1151 3255 1280 3319 quo
1331 3243 1597 3295 externo
1643 3244 1877 3294 terrore
1922 3242 2337 3294 avocarentur

227 3344 431 3387 anum
489 3322 570 3387 ab
620 3318 915 3386 sanandis
965 3319 1328 3385 domesticis
1373 3315 1587 3381 malis·
1664 3314 1887 3401 Igitur,
1940 3336 2141 3400 quum
2192 3336 2337 3402 pars

295 3554 328 3615 9
368 3540 625 3600 Tarpeiam
647 3540 846 3601 rupem]
893 3538 1077 3586 Saxum
1102 3536 1248 3599 Capi-

229 3604 376 3653 tolmi
411 3604 608 3663 montis,
643 3602 722 3651 cui
761 3618 940 3651 nomen
973 3618 1004 3650 a
1037 3600 1252 3663 Tarpeia

233 3666 436 3781 νέἰῑξης,
463 3682 587 3779 {uziae
619 3666 696 3779 ib(i3
720 3666 914 3729 sepulta
942 3670 1062 3715 erat.
1132 3664 1248 3715 vid.

301 3748 332 3779 u
356 3766 370 3779 .
395 3744 446 3779 m
521 3746 619 3779 om.
703 3744 816 3779 ην.

301 3810 322 3843 1
359 3796 626 3843 Selibrime
643 3795 836 3854 farris]
871 3794 984 3843 Hac
1005 3794 1070 3841 de
1093 3808 1164 3851 re,
1187 3791 1250 3841 cf.

233 3874 364 3921 supr.
387 3859 452 3907 iv.
482 3870 554 3919 15.
579 3873 621 3906 v.
645 3872 724 3919 47.

297 3938 326 3971 α
355 3923 598 3981 Remissa]
625 3922 840 3971 Remissa
859 3921 942 3969 hic
962 3922 1134 3969 eadem
1157 3919 1250 3967 for-

233 4002 316 4037 ma
336 3986 524 4035 dietum
547 3990 642 4043 est,
659 4002 758 4047 qua
775 3987 944 4047 palam
955 3988 1096 4046 sacto
1117 3998 1248 4045 supr.

233 4051 263 4100 i.
288 4065 366 4111 4¹·
397 4048 578 4097 deinde
610 4064 700 4110 pro
733 4064 852 4097 voce
883 4050 1027 4113 quod,
1047 4050 1101 4095 id
1124 4048 1253 4111 quod

234 4114 282 4161 in
308 4114 434 4175 plur.
457 4115 570 4162 edd.
596 4113 824 4170 occurrit,
846 4126 994 4173 quam
1027 4119 1083 4159 ut
1110 4110 1252 4159 Livio

233 4176 658 4237 familiarissimam
689 4176 988 4225 locutionem
1023 4191 1110 4236 pro
1140 4175 1250 4223 sim-

237 4240 352 4302 plici
372 4242 502 4303 quod
523 4240 680 4290 Drak.
701 4246 752 4288 et
777 4240 976 4289 Bekker
999 4240 1224 4301 probant.

299 4319 328 4366 3
353 4306 472 4353 Sm'ae
493 4306 704 4366 leq-ibus]
741 4304 992 4353 Nimirum
1009 4302 1050 4351 si
1069 4303 1252 4351 Roma-

236 4369 310 4417 nis
347 4368 538 4429 legibus
571 4368 624 4416 in
657 4384 742 4416 eos
773 4366 1254 4424 animadverteretur,

1315 3550 1500 3598 poenas
1528 3532 1812 3582 desectionis
1842 3549 1957 3580 suae
1988 3532 2148 3595 capite
2176 3532 2332 3581 dedis-

1315 3605 1447 3648 sent:
1473 3604 1644 3646 contra
1660 3598 1697 3645 si
1718 3598 1904 3657 legibus
1920 3612 2116 3645 suorum
2136 3596 2334 3657 civium,

1316 3662 1659 3711 tantummodo
1710 3660 2026 3723 supplicium,
2068 3662 2200 3722 quod
2244 3676 2333 3711 suo

1315 3742 1414 3777 non
1437 3725 1687 3775 communi
1709 3725 1909 3774 consilio
1940 3740 2043 3775 rem
2070 3733 2335 3787 gesserant,

1316 3807 1382 3841 sc.
1405 3790 1589 3838 iniussu
1612 3789 1793 3839 civium
1820 3804 2015 3838 suorum
2040 3796 2210 3839 contra
2233 3790 2333 3839 Ro-

1315 3870 1486 3903 manos
1511 3860 1862 3916 pugnaverant,
1882 3854 2043 3902 meriti
2068 3860 2245 3904 essent.

1379 3936 1410 3979 4
1443 3922 1511 3967 In
1532 3934 1627 3981 quo
1648 3920 1709 3967 ab
1729 3919 1895 3977 sociis]
1924 3934 1988 3966 sc.
2010 3919 2073 3967 In
2090 3934 2188 3979 quo
2210 3924 2333 3966 tem-

1315 3998 1432 4045 pore
1457 3982 1561 4031 sive
1594 3982 1824 4031 consilio:
1860 3982 2089 4031 nimirum
2112 3982 2335 4042 quamvis

1313 4049 1377 4095 ab
1399 4046 1541 4094 sociis
1560 4052 1967 4107 temperaverunt,
1984 4044 2333 4095 denunciatum

1317 4114 1482 4159 tamen
1506 4110 1581 4167 iis,
1602 4112 1895 4158 facesserent
1916 4124 1977 4156 ex
2002 4110 2135 4155 urbe.

1391 4188 1419 4235 5
1455 4175 1823 4236 Maluyinenm‘s
1864 4172 2087 4229 tortium]
2146 4172 2337 4240 Iter-upa

1320 4236 1619 4298 Burghesius
1661 4252 1721 4285 ex
1765 4236 1957 4297 Fragm.
1996 4234 2129 4281 Fast.
2168 4234 2335 4293 Capit.

1317 4301 1655 4364 reponendum
1689 4305 1871 4357 censet,
1892 4297 1975 4358 qui
1999 4298 2231 4345 Publium
2254 4311 2337 4345 an.

1321 4364 1428 4427 363.
1457 4364 1523 4413 U.
1543 4364 1601 4412 C.
1630 4365 1739 4413 loco
1760 4364 1919 4411 Servii
1944 4360 2074 4420 legit.
