3000 4784
788 220 978 287 LIB.
1026 220 1112 319 x.
1187 219 1408 285 cAP.
1463 226 1560 285 18.
2084 226 2209 290 575

100 358 346 435 armis,
397 357 760 446 stipendio,
799 358 1078 422 venisse:
1139 356 1468 421 confestim
1512 370 1853 434 secuturos,
1892 358 1991 422 vel
2035 359 2085 423 si
2132 359 2212 423 ad
2235 374 2301 425 U.
2324 372 2383 423 C.
2409 394 2435 435 4
2444 373 2519 435 56.

123 446 340 533 ipsam
375 444 760 510 Romanam
790 445 1010 509 urbem
1041 443 1533 531 oppugnandam
1562 443 1840 509 ducant?
2232 441 2292 489 A.
2325 441 2384 489 C·
2410 438 2519 503 296·

171 530 369 598 Haec
401 554 530 597 eos
563 532 633 595 in
665 530 922 595 Etruria
949 529 1251 595 iactantes
1279 529 1741 617 molientesque
1771 530 2007 596 bellum
2038 531 2213 597 domi
2341 550 2439 614 17,

99 618 484 684 Romanum
517 618 764 683 urebat.
857 615 1030 681 Nam
1070 617 1142 682 P.
1177 615 1438 694 Decius,
1467 618 1579 681 ubi
1620 640 1760 682 com
1844 619 1926 683 rit
1952 642 2069 706 per
2102 642 2215 683 ex-

99 704 455 771 )loratores
547 704 856 769 rofectum
897 703 1274 769 Samnitium
1310 704 1681 781 exercitum,
1802 718 2024 771 vocato
2064 728 2216 770 con-

99 784 249 869 filio,
287 801 310 830 ‘
341 728 548 867 Quig
661 815 701 855 .r
740 792 960 877 agros,’
991 790 1221 877 inquit,
1255 798 1274 827 ‘
1296 812 1616 877 vagamur,
1658 791 1911 873 vicatim
1946 792 2217 869 circum-

100 878 424 944 'ferentes
489 879 578 943 be
629 879 784 943 um?
851 876 1029 952 Quin
1087 877 1274 941 urbes
1329 890 1397 940 et
1445 877 1698 941 moenia
1764 878 2215 965 aggredimur?

99 964 382 1029 *Nullus
417 964 560 1029 iam
589 964 904 1029 exercitus
947 962 1208 1027 Samnio
1237 962 1565 1049 praesidet.
1665 963 1931 1030 Cessere
1960 966 2214 1043 finibus,

99 1060 206 1115 ‘ac
285 1051 573 1116 sibimet
642 1050 763 1137 ipsi
844 1049 1108 1113 exilium
1179 1049 1579 1113 conscivere!
1696 1050 2216 1138 Approbantibus
2232 1066 2355 1115 'rres
2373 1066 2423 1113 in

99 1138 368 1215 eunctis,
437 1137 532 1202 ad
591 1136 1043 1223 Murgantiam,
1089 1134 1362 1199 validam
1419 1136 1662 1213 urbem,
1722 1138 2213 1225 oppugnandam
2232 1131 2430 1180 Samnio
2452 1146 2527 1178 ¹¹²*

99 1224 312 1289 ducit:
367 1237 729 1310 tantusque
773 1222 960 1287 ardor
1002 1221 1276 1286 militum
1317 1220 1456 1298 fuit,
1499 1236 1567 1286 et
1610 1224 1865 1288 caritate
1908 1222 2107 1302 ducis,
2148 1239 2217 1289 et
2230 1196 2519 1321 2333}ss

99 1334 202 1397 spe
237 1310 538 1388 maioris,
570 1332 762 1397 quam
792 1332 874 1373 ex
901 1308 1248 1399 agrestibus
1274 1307 1803 1395 populationibus,
1826 1310 2115 1398 praedae,
2142 1324 2216 1375 ut
2231 1328 2330 1371 tae.

99 1420 226 1461 uno
271 1397 388 1463 die
433 1398 507 1461 vi
560 1410 750 1483 atque
796 1396 982 1461 armis
1025 1396 1248 1459 urbem
1289 1408 1605 1495 caperent.
1696 1394 1796 1461 Ibi
1840 1397 1971 1462 duo
2022 1396 2218 1463 millia

100 1482 516 1549 Samnitium
545 1497 612 1548 et
639 1495 898 1548 centum
927 1494 1284 1569 pugnantes
1327 1482 1742 1547 clrcumventi
1770 1484 2101 1571 captique:
2152 1498 2219 1549 et

99 1570 222 1636 alia
249 1570 514 1658 praeda
533 1570 760 1657 ingens
788 1582 972 1656 capta
998 1581 1108 1633 est.
1205 1566 1390 1643 Quae
1421 1591 1503 1633 ne
1522 1568 1992 1656 impedimentis
2012 1570 2217 1671 gravi-

99 1656 220 1721 bus
296 1679 550 1759 agmen
620 1668 927 1731 oneraret,
1001 1654 1334 1719 convocari
1407 1654 1639 1721 milites
1706 1655 1948 1721 Decius
2020 1658 2214 1723 lubet.

103 1751 124 1779 ‘
143 1742 498 1821 Haccme,’
543 1742 772 1829 inquit,
816 1750 836 1780 ‘
857 1741 1118 1807 victoria
1159 1740 1309 1819 sola,
1340 1754 1451 1806 aut
1493 1742 1614 1809 bac
1656 1743 1893 1830 praeda
1932 1746 2219 1809 contenti

102 1837 121 1866 ‘
143 1831 301 1895 estis
340 1830 609 1895 futuri?
655 1827 866 1894 Vultis
894 1850 1004 1894 vos
1045 1850 1162 1916 pro
1199 1828 1432 1893 virtute
1471 1851 1614 1931 spes
1655 1832 1922 1917 gerere?
1977 1831 2219 1897 Omnes

107 1924 126 1953 ‘
153 1915 560 1983 Samnitium
595 1916 802 1993 urbes,
831 1916 1244 2002 fortunaeque
1274 1915 1342 1979 in
1372 1916 1633 1981 urbibus
1670 1917 1945 1996 relictae,
1977 1932 2218 1984 vestrae

109 2010 338 2081 ‘sunt3
389 2002 662 2091 quando
689 2001 970 2089 legiones
1005 2024 1245 2079 eorum,
1277 2014 1372 2067 tot
1405 2003 1661 2089 proeliis
1687 2003 1872 2081 fiisas,
1902 2020 2219 2092 postremo

112 2096 131 2126 ‘
153 2090 400 2157 finibus
431 2088 784 2177 expulistis.
876 2087 1156 2152 Vendite
1179 2088 1318 2165 ista,
1347 2101 1416 2151 et
1443 2088 1661 2153 illicite
1704 2089 1881 2155 lucro
1912 2104 2219 2155 mercato-

115 2184 134 2211 ‘
155 2198 316 2255 rem,
365 2191 446 2243 ut
501 2200 568 2241 se
614 2187 799 2241 uatur
851 2195 1113 2261 agmen:
1176 2196 1296 2261 ego
1337 2172 1605 2238 subinde
1658 2197 2007 2263 suggeram,
2054 2199 2217 2263 quae

100 2270 134 2317 κ*
153 2263 476 2329 vendatis·
571 2316 600 2326 -
637 2262 682 2326 d
742 2260 1122 2326 Romuleam
1173 2260 1396 2325 urbem
1455 2259 1605 2325 hinc
1664 2284 1899 2339 eamus,
1952 2263 2063 2327 ubi
2110 2286 2220 2327 vos

119 2356 138 2385 ‘
158 2347 339 2415 labor
357 2349 544 2416 haud
571 2347 788 2425 maior,
806 2347 1042 2435 praeda
1057 2347 1256 2413 maior
1277 2346 1531 2411 manet?
1601 2346 1951 2414 Divendita
1965 2348 2219 2436 praeda,

119 2434 286 2501 ultro
315 2437 736 2503 adhortantes
762 2436 1208 2535 imperatorem
1236 2432 1318 2498 ad
1338 2432 1718 2499 Romuleam
1739 2450 2030 2523 pergunt.
2121 2434 2222 2500 Ibi

121 2543 384 2611 quoque
417 2524 560 2588 sine
589 2544 799 2623 opere,
823 2544 960 2586 sine
991 2520 1336 2597 tormentiS,
1356 2520 1539 2585 simu]
1572 2520 1830 2586 admota
1844 2534 1993 2586 sunt
2022 2522 2219 2607 signa,

121 2608 302 2673 nulla
327 2610 396 2675 vi
427 2608 718 2675 deterriti
747 2630 786 2673 a
815 2607 1027 2684 muriS,
1044 2623 1188 2694 ‘qua
1216 2606 1447 2694 cuique
1475 2608 1841 2694 proximum
1869 2608 2011 2685 fuit,
2042 2608 2223 2673 scalis

125 2696 360 2781 raptim
405 2694 700 2772 admotiS,
731 2695 798 2759 in
833 2694 1084 2759 moenia
1120 2715 1388 2757 evasere.
1485 2692 1765 2781 Captum
1805 2695 2110 2795 oppidum
2150 2718 2223 2759 ac

126 2778 456 2883 direptum
507 2795 620 2847 est.
711 2780 822 2845 Ad
867 2779 996 2845 duo
1041 2779 1242 2844 millia
1285 2793 1353 2843 et
1400 2781 1667 2845 trecenti
1714 2782 1937 2858 occi813
2000 2795 2066 2847 et
2110 2804 2223 2845 sex

129 2868 327 2933 millia
369 2869 706 2935 hominum
759 2879 977 2954 capta3
1024 2879 1090 2931 et
1135 2866 1316 2930 miles
1364 2866 1612 2954 ingenti
1662 2868 1897 2955 praeda
1943 2868 2219 2955 potitus:

133 2975 326 3039 quam
370 2955 674 3032 vendere,
719 2954 884 3019 sicut
932 2954 1226 3054 priorem,
1271 2967 1545 3031 coactus,
1592 2954 1999 3021 Ferentinum
2054 2955 2224 3031 inde,

135 3062 504 3188 quanquam
549 3040 708 3106 nihil
757 3041 988 3127 quietis
1031 3039 1316 3117 dabatur,
1356 3054 1571 3105 tamen
1613 3064 1859 3107 summa
1905 3041 2225 3106 alacritate

182 3141 384 3195 uetus.
485 3128 790 3193 Ceterum
849 3128 939 3192 ibi
984 3126 1127 3213 plus
1182 3126 1412 3191 laboris
1469 3150 1545 3192 ac
1601 3129 1867 3215 periculi
1910 3128 2047 3193 fuit.
2142 3126 2228 3191 Et

137 3210 404 3284 defensa
445 3238 694 3281 summa
731 3214 794 3279 vi
837 3214 1090 3279 moenia
1129 3226 1295 3289 sunt,
1328 3226 1394 3277 et
1436 3213 1612 3278 locus
1655 3227 1791 3279 erat
1832 3214 2229 3277 munimento

141 3314 496 3390 naturaque
533 3314 741 3367 tutus=
789 3300 902 3365 sed
931 3300 1122 3363 evicit
1150 3298 1365 3364 omnia
1402 3312 1686 3363 assuetus
1713 3299 1985 3386 praedae
2026 3298 2224 3363 miles.

141 3386 254 3451 Ad
298 3390 424 3455 tria
461 3387 660 3453 millia
699 3386 978 3453 hostium
1019 3385 1186 3451 circa
1223 3407 1434 3450 muros
1477 3408 1691 3451 caesa:
1738 3385 1974 3473 praeda
2014 3384 2231 3450 militis

143 3472 280 3539 fuit.
371 3474 588 3541 Huius
629 3498 714 3562 op
759 3485 1131 3559 ugnatarum
1173 3472 1423 3536 urbium
1467 3470 1711 3537 decoris
1740 3494 1883 3559 pars
1924 3472 2125 3536 maior
2162 3472 2231 3535 in

147 3561 522 3645 quibusdam
557 3584 724 3627 anna
747 3562 886 3627 ibus
920 3562 1002 3625 ad
1038 3557 1400 3624 Maximum
1439 3557 1748 3623 trahitur:
1798 3557 2233 3645 Murgantiam

149 3646 227 3709 ab
265 3647 493 3727 Decio,
524 3672 564 3713 a
591 3647 787 3713 Fabio
831 3646 1242 3711 Ferentinum
1289 3643 1795 3731 Romuleamque
1840 3668 1967 3733 opp
2100 3658 2235 3711 atas

153 3734 424 3800 tradunt.
547 3734 731 3813 Sunt,
791 3734 902 3821 qui
971 3754 1277 3797 novorum
1351 3729 1680 3795 consulum
1739 3731 1903 3797 hanc
1970 3668 2233 3799 ufontium

153 3818 414 3888 faciant:
463 3822 728 3909 quidam
764 3842 892 3884 non
929 3820 1275 3895 amborum,
1307 3816 1420 3883 sed
1459 3818 1734 3896 alterius,
1767 3818 1841 3884 L.
1866 3755 2231 3894 Vofumnih

156 3904 214 3967 ei
247 3906 572 3974 Samnium
599 3906 988 3995 provinciam
1019 3906 1319 3971 evenisse.

245 3992 462 4079 Quum
509 4018 586 4059 ea
634 3994 702 4059 in
754 3992 1031 4070 Samni0‚
1077 3992 1508 4079 cuiuscunque
1556 3992 1753 4057 ductu
1806 3991 2232 4077 auspicioque,
2362 3982 2460 4042 18·

223 4243 254 4293 6
281 4248 363 4296 Ad
380 4248 662 4298 Romuleam
681 4246 872 4304 urbem]
903 4243 964 4293 cf.
975 4242 1161 4291 Waeh-
1227 4256 1326 4303 qua
1358 4242 1687 4299 Rumindm,
1720 4240 1938 4297 Romam,
1970 4243 2020 4285 et
2056 4242 2239 4285 ceteras

165 4310 336 4360 mut-h.
370 4328 418 4375 p.
463 4326 568 4374 150.
639 4310 688 4359 ui
727 4309 854 4357 hanc
893 4321 1062 4355 vocem
1099 4322 1162 4354 ex
1225 4303 1373 4352 huius
1403 4304 1588 4353 formae
1624 4316 1782 4363 voees,
1814 4316 1878 4353 sc.
1912 4302 2092 4361 Rama,
2120 4301 2169 4350 h.
2194 4316 2236 4351 e.

166 4372 330 4423 endem
343 4376 502 4427 radice
519 4390 608 4438 pro
645 4374 806 4423 uxi-e
822 4370 1084 4429 existimat,
1101 4382 1162 4417 ex
1227 4380 1456 4417 mamma.
