3000 4784
376 348 446 399 U.
467 347 526 397 C.
553 346 662 411 369.

373 412 436 461 A.
469 412 528 462 C.
554 414 668 473 383.

375 476 577 524 Bellum

375 556 488 587 cum
512 540 659 588 Etru-

373 603 468 651 scis
489 604 641 651 Sutri-

373 682 458 715 um
483 667 606 715 obsi-

374 730 616 782 dentibus.

701 203 826 266 358
1469 196 1693 263 TITI
1756 195 2029 262 LIVII

703 336 978 401 Romam
1009 347 1106 399 est
1133 334 1470 422 profectus,
1502 348 1575 398 ut
1614 348 1905 399 senatum
1944 333 2027 397 ad
2064 331 2503 397 excidendum
2536 334 2804 399 Antium

701 423 1072 487 hortaretur.
1165 420 1343 485 Inter
1391 442 1753 485 sermonem
1802 420 1940 484 eius
1990 418 2233 505 (cred0‚
2288 442 2426 483 rem
2474 420 2801 485 Antiatem

701 508 1164 573 diuturniorem
1195 530 1470 583 manere,
1503 507 1628 571 diis
1657 507 1834 571 cordi
1860 504 2083 591 fiiisse)
2110 505 2305 592 legati
2334 508 2416 571 ab
2448 506 2713 594 Nepete
2740 532 2807 571 ac

706 594 939 671 Sutrio,
977 593 1287 658 auxilium
1331 594 1627 658 adversus
1659 592 1959 657 Etruscos
1996 606 2308 679 petentes,
2339 594 2639 671 veniunt,
2675 595 2811 659 bre-

702 704 848 746 vem
877 681 1274 745 occasionem
1303 702 1438 744 esse
1467 678 1715 743 ferendi
1754 678 1976 743 auxilii
2012 692 2455 743 memorantes,
2554 678 2659 743 Eo
2686 682 2811 743 vim

708 767 967 832 Camilli
1003 767 1081 831 ab
1114 766 1607 831 Antio·fortuna
1640 766 1882 830 avertit.
1977 764 2279 851 Namque
2310 788 2513 851 quum
2556 789 2641 829 ea
2680 766 2817 831 loca

703 855 994 942 opposita
1023 852 1337 929 Etruriae,
1371 867 1438 917 et
1465 851 1641 916 velut
1679 852 1951 915 claustra
1988 851 2139 915 inde
2171 865 2522 938 portaeque
2556 866 2817 927 essent3

703 956 770 1005 et
813 940 938 1004 illis
981 939 1336 1026 occupandi
1379 962 1474 1016 ea,
1508 960 1705 1025 quum
1748 938 1905 1025 quid
1946 938 2095 1002 novi
2136 937 2533 1015 molirentur,
2564 952 2637 1003 et
2684 940 2825 1004 Ro-

701 1027 906 1091 manis
964 1025 1383 1113 recuperandi
1431 1024 1781 1111 tuendique
1841 1046 1995 1089 cura
2050 1037 2200 1089 erat.
2292 1023 2501 1111 Igitur
2562 1028 2829 1091 senatui

703 1136 850 1179 cum
885 1110 1159 1177 Camillo
1178 1113 1280 1198 agi
1301 1111 1559 1213 placuit,
1580 1124 1673 1189 ut,
1692 1111 1922 1175 omisso
1946 1109 2172 1187 Antio,
2194 1109 2434 1175 bellum
2463 1110 2827 1177 Etruscum

703 1200 1065 1287 susciperet.
1157 1198 1476 1284 Legiones
1495 1198 1792 1273 urbanae,
1811 1197 2043 1284 quibus
2068 1195 2411 1269 Quinctius
2426 1198 2825 1284 praefuerat,
2844 1216 2895 1263 S

703 1287 766 1351 ei
813 1287 1261 1351 decernuntur.
1358 1283 1550 1359 Quan
1600 1306 1748 1347 uam
1797 1296 2135 1370 expertum
2186 1284 2542 1347 exercitum
2602 1308 2831 1349 assue-

703 1388 970 1460 tumque
989 1372 1276 1459 imperio,
1301 1371 1413 1457 qui
1443 1370 1510 1433 in
1536 1307 1786 1434 &olseis
1808 1382 1961 1447 erat,
1986 1368 2227 1445 mallet;
2272 1369 2436 1434 nihil
2464 1374 2823 1437 recusavit:

703 1458 1033 1525 Valerium
1074 1456 1517 1523 tantummodo
1556 1456 1810 1543 imperii
1836 1456 2079 1520 socium
2108 1456 2499 1605 depofzgscit.
2601 1458 2827 1534 Quin-

705 1545 868 1609 ctius
938 1544 1370 1630 Horatiusque
1423 1564 1811 1607 successores
1866 1541 2125 1607 Valerio
2172 1543 2241 1606 in
2356 1542 2565 1608 olscos
2616 1546 2823 1609 mimi.

704 1630 984 1697 Profecti
1013 1631 1092 1694 ab
1123 1631 1278 1694 urbe
1315 1629 1597 1694 Sutrium
1636 1628 1863 1693 Furius
1891 1642 1959 1693 et
1987 1627 2281 1693 Valerius
2307 1642 2557 1716 partem
2588 1632 2825 1719 oppidi

703 1716 832 1781 iam
875 1729 1124 1816 captam
1167 1717 1247 1780 ab
1289 1716 1575 1781 Etruscis
1616 1716 1952 1792 invenere3
2000 1738 2085 1781 ex
2124 1728 2303 1802 parte
2346 1715 2567 1795 altera,
2616 1719 2825 1783 inter-

703 1802 934 1888 saeptis
962 1802 1312 1878 itineribuS,
1345 1825 1529 1902 aegre
1550 1824 1634 1888 op
1678 1800 1901 1868 idanos
1927 1802 2057 1865 vim
2080 1801 2356 1867 hostium
2384 1803 2465 1867 ab
2496 1826 2567 1867 se
2588 1828 2827 1870 areen-

704 1900 818 1953 tes.
915 1887 1138 1963 Quum
1180 1887 1458 1953 Romam
1488 1889 1639 1955 auxi
1668 1888 1710 1951 ’i
1744 1887 2074 1966 adventus,
2108 1901 2245 1952 tum
2278 1886 2540 1953 Camilli
2570 1914 2821 1957 nomen

703 1973 1184 2041 celeberrimum
1224 1974 1398 2062 apud
1431 1974 1645 2043 hostes
1687 1974 2035 2061 sociosque,
2066 1987 2134 2041 et
2160 1974 2231 2039 in
2271 1977 2641 2061 praesentia
2678 2001 2822 2043 rem

704 2060 1072 2125 inclinatam
1109 2062 1429 2138 sustinuit,
1460 2074 1527 2124 et
1562 2084 1593 2125 s
1678 2061 1836 2125 tium
1878 2061 1962 2125 ad
2006 2082 2195 2147 opem
2234 2059 2567 2127 ferendam
2610 2064 2814 2131 dedit.

703 2146 932 2235 Itaque
963 2147 1164 2213 diviso
1203 2148 1510 2225 exercitu,
1546 2083 1857 2212 Cpainillus
1898 2146 2024 2211 coll
2206 2194 2225 2225 ,
2266 2170 2409 2212 eam
2448 2150 2521 2212 in
2560 2166 2817 2236 partem

703 2234 1153 2299 circumductis
1182 2235 1400 2322 copiis,
1431 2257 1622 2320 quam
1656 2234 1867 2300 hostes
1906 2234 2229 2311 tenebant,
2260 2234 2519 2303 moenia
2546 2239 2814 2325 agg-medi

703 2320 904 2397 iubet,
949 2344 1108 2385 non·
1142 2333 1319 2388 tanta
1359 2343 1492 2407 spe,
1538 2319 1722 2384 scalis
1764 2320 1904 2406 capi
1950 2320 2175 2387 urbem
2220 2342 2422 2407 posse,
2468 2345 2673 2407 quam
2718 2337 2811 2401 ut,

703 2408 935 2471 aversis
970 2430 1049 2472 eo
1083 2406 1388 2484 hostibus,
1419 2418 1487 2471 et
1515 2406 1851 2492 oppidanis
1886 2406 2013 2469 iam
2040 2406 2397 2505 pugnando
2424 2407 2607 2473 fessis
2636 2410 2815 2475 laxa·

703 2506 878 2558 retur
905 2494 1100 2571 labor,
1131 2506 1198 2557 et
1226 2494 1361 2580 ipse
1391 2492 1663 2580 spatium
1695 2492 1979 2559 intrandi
2008 2514 2143 2558 sine
2174 2494 2521 2559 certamine
2554 2498 2813 2561 moenia

700 2580 980 2645 haberet.
1063 2580 1260 2655 Quod
1287 2602 1488 2666 quum
1510 2577 1701 2643 simul
1730 2578 2051 2665 utrimque
2074 2578 2313 2645 factum
2334 2594 2521 2658 esset,
2542 2606 2813 2671 anceps-

701 2688 828 2752 que
864 2680 1063 2731 terror
1093 2666 1394 2731 Etruscos
1435 2666 1887 2741 circumstaret,
1920 2678 1986 2729 et
2028 2666 2283 2730 moenia
2318 2689 2572 2733 summa
2600 2670 2667 2733 vi
2698 2694 2809 2757 op-

697 2753 987 2838 pugnari,
1029 2766 1096 2817 et
1139 2753 1308 2817 intra
1349 2750 1601 2816 moenia
1643 2772 1776 2815 esse
1821 2750 2069 2815 hostem
2112 2750 2439 2829 viderent3
2484 2770 2681 2840 porta
2722 2780 2806 2833 se,

746 2860 862 2901 uae
894 2860 1025 2902 una
1045 2838 1204 2903 forte
1236 2860 1367 2902 non
1397 2836 1825 2915 obsidebatur,
1846 2837 2079 2924 trepidi
2108 2860 2239 2902 uno
2257 2839 2510 2924 agmine
2536 2842 2803 2910 eiecere.

780 2944 944 3007 agna
971 2923 1196 2987 caedes
1228 2924 1610 3009 fugientium
1642 2936 1708 2987 et
1735 2923 1805 2987 in
1836 2924 1990 2987 urbe
2022 2935 2088 2987 et
2171 2946 2241 2987 er
2270 2947 2453 3011 agros
2492 2942 2595 2991 est
2622 2928 2805 2998 sacta.

698 3006 924 3077 Plures
946 3031 984 3073 a
1012 3008 1301 3077 Furianis
1322 3010 1489 3077 intra
1508 3010 1763 3075 moenia
1784 3010 1977 3075 caesi:
2024 2946 2352 3075 Valeriani
2374 3013 2805 3099 expeditiores

765 3241 796 3289 8
829 3240 1062 3303 Legiones
1093 3242 1332 3299 urbanae,
1361 3243 1536 3305 quibus
1566 3242 1718 3300 Quin-

701 3306 828 3355 ctius
845 3308 1162 3367 praefuerat]
1212 3305 1476 3361 Quinctius
1498 3310 1721 3367 praeerat

701 3369 938 3417 exercitui
983 3386 1044 3418 ex
1089 3370 1318 3418 causariis
1358 3370 1721 3430 senioribusque

703 3432 1132 3497 conscripto,supr,
1141 3432 1186 3483 6.
1223 3434 1354 3481 Eum
1371 3434 1601 3482 traditum
1618 3449 1721 3481 esse

703 3498 936 3557 Camillo,
959 3514 1108 3559 quum
1139 3499 1264 3546 alter
1284 3498 1525 3546 exercitus
1547 3513 1575 3545 e
1596 3496 1717 3543 iuni-

703 3563 866 3611 oribus
905 3562 1174 3623 validisque
1206 3578 1238 3609 a
1271 3562 1336 3617 Q.
1365 3562 1572 3610 Servilio
1608 3560 1719 3608 scri-

703 3631 820 3687 ptus
845 3632 1037 3687 praesto
1066 3634 1208 3685 esset,
1229 3642 1328 3674 non
1350 3632 1424 3673 est
1445 3625 1719 3675 verisimile.

706 3688 883 3749 Itaque
907 3689 986 3736 hic
1008 3690 1366 3737 rescribendum
1391 3690 1598 3749 ridetur,
1617 3691 1721 3753 qui-

703 3752 793 3799 bus
817 3754 872 3809 Q.
894 3754 1134 3800 Servilius
1155 3756 1458 3814 praefuerat.
1526 3754 1717 3802 Tamen

703 3815 875 3876 paullo
897 3814 1022 3862 insta
1044 3816 1329 3872 Quinctius,
1345 3832 1443 3863 non
1467 3817 1717 3876 Servilius,

703 3878 917 3930 mittitur
961 3879 1024 3926 ad
1075 3894 1188 3926 enm
1241 3880 1527 3941 exercitum,
1570 3896 1717 3943 quem

704 3942 947 3992 Camillus
963 3942 1012 3989 in
1031 3943 1225 3991 Volscis
1240 3944 1559 4005 relinquebat.
1618 3945 1715 3992 Ita-

703 4023 801 4069 que
835 4012 886 4056 et
917 4007 1078 4055 aliam*
1101 4009 1507 4070 permutationem
1537 4008 1716 4057 exerci-

703 4078 846 4121 tuum
881 4073 1061 4123 fitctam
1099 4088 1201 4121 esse
1229 4089 1425 4121 necesse
1452 4080 1544 4131 est,
1564 4074 1634 4120 ita
1662 4077 1719 4120 ut

705 4136 938 4185 Servilius
980 4137 1244 4199 praefuerit
1279 4137 1513 4185 exercitui
1559 4135 1717 4192 Quin-

703 4201 884 4260 cuano,
897 4200 979 4263 qui
1003 4202 1065 4249 ad
1090 4203 1259 4250 urbem
1281 4206 1497 4249 retentus
1520 4202 1595 4250 sit.
1638 4200 1719 4247 Sic.

703 4266 887 4313 nodum
918 4265 1049 4313 hunc
1082 4266 1224 4312 solvit
1250 4265 1292 4313 Ι.
1318 4264 1397 4312 Fr.
1423 4263 1717 4313 Gronovius.

703 4328 862 4381 Casv.
909 4330 1095 4385 Contra
1120 4327 1521 4385 Drakenborchio
1540 4326 1719 4385 arridet

1786 3241 2064 3295 coniectura
2098 3242 2201 3291 Iac.
2234 3242 2487 3303 Gronorii,
2520 3245 2609 3307 qui
2645 3262 2803 3296 eausa·

1785 3306 1879 3353 rios
1916 3308 2115 3355 fortasse
2158 3306 2257 3355 iam
2296 3308 2606 3358 convaluisse
2644 3318 2697 3359 et
2738 3328 2803 3361 se-

1786 3370 1945 3418 niores
1988 3386 2087 3418 non
2132 3386 2323 3433 prorsus
2367 3372 2648 3435 decrepitos
2689 3392 2805 3433 eaee,

1786 3434 1888 3491 sed,
1931 3436 2291 3495 tantummodo,
2330 3441 2387 3483 ut
2432 3438 2685 3499 emeritos,
2727 3439 2801 3488 sti·

1785 3496 1966 3558 pendia
2008 3497 2100 3546 nisi
2144 3498 2277 3561 gravi
2320 3500 2627 3561 reipublicae
2670 3520 2799 3552 ocea-

1784 3561 1921 3609 sione
1950 3576 2051 3610 non
2084 3562 2271 3611 faeere:
2306 3565 2533 3614 Seu-'ores
2566 3568 2719 3626 enim,
2750 3576 2801 3616 ut

1788 3625 1994 3675 Niebhr.
2024 3626 2076 3675 ii.
2106 3642 2155 3679 n.
2191 3628 2303 3689 258,
2336 3642 2443 3694 259.
2478 3630 2673 3693 optime
2704 3632 2797 3681 aui·

1786 3688 2068 3749 madvertit‚
2097 3706 2195 3739 non
2232 3692 2380 3739 modo
2409 3693 2473 3740 ad
2498 3698 2797 3755 praesidinm

1781 3755 1933 3811 urbis,
1947 3754 2031 3801 sed
2052 3756 2115 3802 ad
2131 3757 2293 3803 subita
2311 3757 2422 3804 belli
2440 3762 2639 3817 praesto
2654 3766 2796 3809 etant.

1784 3816 1937 3865 Haud
1960 3817 2061 3865 scio
2082 3834 2147 3866 an
2170 3819 2413 3869 exercitus
2430 3820 2731 3873 servilianus
2750 3824 2795 3873 in

1783 3880 1949 3929 castris
1976 3882 2141 3931 adhuc
2171 3882 2463 3947 invigilaret,
2484 3901 2549 3936 ne
2570 3886 2684 3947 quis
2702 3904 2795 3936 mo-

1781 3952 1860 3992 tus
1880 3960 1912 3992 a
1934 3944 2125 3994 Latinis
2148 3952 2297 4009 atque
2323 3948 2555 3997 Hernicis
2578 3950 2732 4011 fieret,
2750 3958 2793 4000 et

1783 4023 1934 4069 quum
1964 4010 2191 4059 subsidiis
2223 4026 2371 4072 quam
2405 4026 2615 4074 propere
2647 4016 2795 4063 ductis

1785 4072 1999 4121 Sutrium
2024 4082 2201 4135 egeret,
2224 4074 2399 4123 melius
2423 4075 2577 4124 visum
2613 4080 2792 4127 senatui

1784 4144 1925 4195 esset,
1948 4138 2162 4199 legiones
2193 4140 2419 4199 urbanas,
2440 4154 2591 4200 quam
2623 4144 2790 4192 exerci-

1783 4206 1889 4273 tum
1926 4202 2271 4262 Servilianum,
2306 4202 2357 4251 in
2394 4203 2523 4261 illud
2564 4221 2689 4272 opus
2717 4209 2789 4262 de-

1784 4270 1975 4323 stmare,
