3000 4784
400 341 467 453 >22⁴

490 338 684 403 (2306.

448 406 550 455 .C.
574 420 639 467 44
670 438 685 453 .

506 2143 609 2204 56.

401 2740 596 2803 Appius
616 2757 693 2790 ac·

402 2810 613 2853 cuntur.

721 202 849 263 206
1495 193 1724 263 ΤΙΤῙ
1783 194 1960 265 LIV
1975 195 2056 263 11

722 334 1100 421 interpretes
1128 345 1367 419 negant
1386 356 1779 421 quemquam
1805 343 2274 402 sacrosanctum
2303 353 2477 397 esse:
2511 330 2628 395 sed
2653 348 2822 405 eum,

722 421 837 507 qui
902 440 1124 484 eorum
1190 421 1489 519 cuiquam
1549 420 1858 497 nocuerit,
1919 440 2166 485 sacrum
2227 418 2476 483 sanciri.
2595 414 2824 501 Itaque

726 506 1000 573 aedilem
1030 505 1339 605 prehend1
1363 506 1644 591 ducique
1673 530 1714 571 a
1741 506 2082 571 maioribus
2111 526 2176 569 m
2263 504 2276 518 '
2315 504 2615 569 tratibus:
2649 499 2828 587 quod

722 592 843 657 etsi
873 614 1005 655 non
1034 614 1172 656 lure
1202 592 1315 656 fiat
1340 592 1590 679 (noceri
1617 592 1791 656 enim
1821 592 1902 669 ei,
1933 592 2040 655 cui
2077 591 2199 657 hac
2261 613 2378 678 ege
2421 611 2556 653 non
2583 585 2828 669 liceass)

724 691 937 743 tamen
948 691 1391 764 algumentum
1404 700 1560 755 esse,
1573 700 1706 745 non
1725 677 1945 743 haberi
1963 700 2080 764 pro
2095 688 2495 743 sacrosancto
2511 674 2790 739 aedilem
2807 696 2823 736 ε

725 763 1015 829 tribunos
1042 776 1254 829 vetere
1292 762 1700 829 iureiurando
1733 764 1957 850 plebis,
1989 784 2191 850 quum
2225 763 2503 861 primum
2539 782 2684 827 eam
2711 782 2830 846 po·

725 861 1018 914 testatem
1045 850 1301 927 creavit,
1332 862 1762 917 sacrosanctos
1789 872 1944 915 esse.
2038 848 2262 924 Fuere,
2294 869 2408 934 qul
2447 858 2830 933 mterpreta-
2938 882 2939 885 ¹

724 947 963 1013 rentur,
1024 934 1249 1001 eadem
1305 935 1425 1001 hac
1486 934 1758 1001 Horatia
1819 935 1962 1037 lege
2023 934 2390 1001 consulibus
2447 954 2710 1019 quoque
2759 944 2832 995 et

723 1021 1135 1107 praetoribus,
1185 1021 1339 1108 quia
1384 1020 1612 1087 iisdem
1659 1021 1972 1107 auspiciis,
2017 1020 2250 1107 quibus
2293 1018 2608 1095 consules,
2651 1040 2830 1082 crea-

724 1118 965 1184 rentur,
1014 1120 1274 1171 cautum
1326 1128 1499 1171 esse:
1567 1107 1848 1173 iudicem
1898 1106 2073 1171 enim
2123 1105 2448 1171 consulem
2497 1102 2826 1191 appellari.
2847 1124 2874 1171 3

730 1191 917 1267 Quae
948 1192 1258 1257 refellitur
1284 1192 1742 1281 interpretatio,
1775 1192 1952 1279 quod
1985 1192 2086 1257 his
2116 1205 2245 1257 tem
2331 1192 2505 1257 ribus
2533 1190 2828 1255 nondum

726 1278 1051 1343 consulem
1110 1278 1408 1356 iudicem,
1460 1278 1576 1343 sed
1632 1291 2010 1366 praetorem,
2063 1301 2226 1365 appe
2348 1277 2362 1291 ⁹
2425 1298 2566 1341 mos
2613 1276 2824 1341 fuerit.

730 1362 877 1428 Hae
918 1364 1277 1431 consulares
1319 1364 1493 1451 leges
1533 1366 1730 1430 fuere.
1821 1363 2194 1429 Institutum
2235 1363 2428 1428 etiam
2471 1363 2554 1427 ab
2599 1361 2826 1426 iisdem
2843 1390 2874 1429 4

726 1450 1112 1527 consulibus,
1144 1463 1217 1514 ut
1242 1450 1788 1515 senatusconsulta
1825 1450 1893 1514 in
1933 1450 2158 1515 aedem
2191 1448 2447 1514 Cereris
2475 1448 2561 1512 ad
2587 1446 2832 1513 aediles

727 1534 931 1621 plebis
975 1535 1411 1613 deferrentur3
1458 1560 1624 1624 quae
1669 1534 1860 1601 antea
1901 1536 2159 1601 arbitrio
2201 1534 2534 1600 consulum
2577 1534 2832 1622 suppri-

730 1620 1069 1685 mebantur
1124 1620 1653 1710 vitiabanturque.
1775 1621 1870 1687 M.
1915 1621 2174 1687 Duilius
2231 1620 2466 1685 deinde
2532 1620 2832 1685 tribunus

728 1705 933 1791 plebis
960 1706 1215 1792 plebem
1244 1708 1508 1793 rogavit,
1538 1708 1883 1795 plebesque
1915 1708 2136 1772 scivit:
2188 1717 2208 1747 ‘
2233 1708 2368 1781 Qui
2403 1706 2664 1793 plebem
2691 1707 2830 1770 sine
2847 1728 2873 1776 5

733 1799 754 1830 ‘
774 1792 1043 1855 tribunis
1072 1791 1447 1878 reliquisset,
1472 1794 1714 1894 quique
1743 1794 2179 1879 magistratum
2207 1795 2345 1858 sine
2373 1792 2828 1881 provocatione

730 1884 753 1914 ‘
772 1889 1063 1954 creasset,
1124 1891 1301 1964 tergo
1359 1902 1433 1943 ac
1490 1893 1699 1965 caplte
1757 1880 2130 1966 puniretur.'
2239 1878 2422 1945 Haec
2479 1878 2703 1943 omnia
2761 1890 2834 1944 ut

726 1962 960 2040 invitis,
1020 1962 1111 2027 ita
1164 1986 1297 2028 non
1355 1964 1850 2042 adversantibus,
1909 1965 2188 2052 patriciis
2247 1977 2598 2041 transacta3
2677 1966 2833 2053 quia

728 2048 1015 2113 nondum
1045 2050 1113 2113 in
1143 2071 1534 2137 quemquam
1563 2074 1766 2115 unum
1795 2051 2204 2117 saeviebatur.

815 2133 1108 2201 Fundata
1128 2135 1364 2201 deinde
1388 2150 1455 2201 et
1476 2149 1787 2223 potestate
1812 2138 2168 2215 tribunicia,
2193 2150 2262 2203 et
2281 2137 2484 2224 plebis
2509 2136 2831 2213 libertate,

727 2232 867 2284 tum
898 2222 1136 2285 tribuni
1177 2221 1436 2321 aggredi
1476 2223 1759 2309 singulos
1799 2236 2008 2287 tutum
2048 2236 2496 2310 maturumque
2525 2223 2656 2286 iam
2687 2224 2830 2299 rati,

726 2318 1154 2371 accusatorem
1182 2330 1461 2397 primum
1484 2308 1854 2409 virginium
1884 2322 1950 2374 et
1981 2309 2269 2397 Appium
2299 2330 2482 2375 reum
2510 2307 2826 2395 deligunt.

732 2390 955 2466 Quum
989 2392 1162 2457 diem
1201 2394 1267 2457 A
1311 2393 1420 2481 pio
1448 2392 1781 2481 Virginius
1824 2394 2107 2473 dixisset,
2149 2409 2216 2461 et
2246 2394 2520 2483 Appius,
2559 2396 2834 2482 stipatus

725 2477 1006 2565 patriciis
1063 2478 1278 2545 iuveni
1324 2502 1417 2559 us,
1470 2482 1540 2545 in
1590 2479 1796 2546 forum
1855 2481 2324 2557 descendisset3
2393 2480 2834 2568 redintegrata

726 2564 1051 2651 extemplo
1124 2578 1222 2631 est
1292 2568 1588 2632 omnibus
1653 2567 1960 2631 memoria
2013 2568 2410 2633 foedissimae
2565 2568 2830 2645 testatiS,

728 2673 929 2737 quum
968 2650 1179 2738 ipsum
1218 2652 1648 2740 satellitesque
1683 2653 1822 2717 eius
1849 2653 2173 2718 vidissent.
2265 2653 2438 2720 Tum
2539 2653 2832 2740 irginius,

730 2744 751 2775 ‘
770 2734 1035 2814 Oratio,’
1062 2738 1293 2825 inquit,
1344 2747 1364 2777 ‘
1384 2740 1574 2805 rebus
1602 2738 1812 2803 dubiis
1849 2740 2114 2804 inventa
2145 2752 2260 2805 est.
2351 2738 2581 2827 Itaque
2613 2762 2832 2827 neque

730 2830 751 2860 ‘
772 2844 893 2908 ego
932 2824 1289 2888 accusando
1318 2826 1489 2911 apud
1520 2848 1632 2891 vos
1670 2848 1820 2889 eum
1859 2836 2110 2925 tempus
2151 2838 2368 2903 teram,
2401 2848 2442 2891 a
2472 2826 2658 2890 cuius
2686 2850 2834 2891 cru-

730 2915 752 2945 ‘
771 2906 1031 2972 delitate
1060 2922 1303 2973 vosmet
1332 2910 1452 2996 ipsi
1482 2911 1672 2975 armis
1699 2910 2096 2976 vindicastis:
2139 2935 2260 2978 nec
2289 2912 2482 2976 istum
2511 2910 2598 2976 ad
2617 2925 2834 2977 cetera

729 3000 750 3030 ‘
770 2992 1011 3057 scelera
1058 2993 1522 3079 impudentiam
1573 2997 1642 3060 in
1692 2996 2100 3062 defendendo
2149 3020 2217 3063 se
2275 2997 2550 3063 adiicere
2603 3000 2828 3085 patiar.

732 3086 753 3116 ⁶
777 3076 1087 3141 Omnium
1132 3078 1327 3166 igitur
1377 3080 1514 3157 tibi,
1547 3081 1674 3168 Ap.
1705 3080 1961 3161 Claudi,
2006 3106 2171 3171 quae
2215 3084 2411 3171 impie
2456 3082 2830 3185 nefarieque

730 3172 751 3203 ‘
771 3184 886 3251 per
934 3162 1265 3230 biennium
1324 3166 1451 3231 alia
1507 3190 1698 3255 super
1747 3168 1872 3233 alia
1929 3192 1998 3233 es
2047 3192 2254 3247 ausus,
2305 3170 2572 3257 gratiam
2623 3170 2793 3235 famo
2810 3196 2827 3235 ε
2847 3190 2875 3241 6

728 3260 749 3289 ‘
772 3248 961 3316 unius
1008 3264 1255 3317 tantum
1304 3252 1586 3318 criminis
1624 3254 1693 3317 ni
1740 3254 2019 3319 iudicem
2063 3255 2254 3332 diceS,
2297 3272 2360 3321 te
2408 3256 2488 3320 ab
2535 3255 2830 3323 libertate

730 3346 749 3375 ⁶
772 3336 841 3400 in
909 3338 1276 3403 servitutem
1344 3352 1568 3404 contra
1626 3339 1688 3405 le
1769 3362 1801 3403 s
1861 3339 2168 3407 vindicias
2229 3364 2361 3406 non
2420 3340 2695 3421 dedisse,
2763 3344 2830 3407 in

730 3431 749 3459 ‘
770 3421 1025 3485 vincula
1064 3436 1128 3489 te
1190 3424 1339 3489 duci
1386 3425 1618 3490 iubeo)
1689 3363 1852 3489 {Sec
1899 3426 1968 3490 in
2015 3425 2357 3491 tribunicio
2403 3426 2643 3492 auxilio
2689 3431 2832 3517 Ap—

728 3618 874 3677 quam
897 3610 949 3655 et
972 3604 1219 3655 Venerem
1248 3622 1352 3657 esse
1379 3608 1566 3659 volunt.
1623 3607 1744 3657 Vid.
1807 3608 1968 3670 plebis
2017 3612 2371 3671 asservabatur,
2413 3616 2464 3661 et
2506 3609 2587 3660 cui
2643 3612 2834 3663 aediles

728 3668 835 3717 (210.
858 3668 922 3717 de
944 3669 1067 3719 Nat.
1092 3670 1241 3720 Deor.
1265 3670 1314 3720 ii.
1337 3670 1415 3720 62.
1449 3672 1613 3721 cuv,
1809 3671 1988 3734 plebeii
2012 3673 2348 3736 invigilabant.

788 3745 823 3841 ¹3
844 3734 1077 3781 Nondum
1091 3736 1355 3793 mutem]
1374 3734 1614 3798 Nondum
1631 3750 1744 3783 con-
1875 3748 1902 3797 5
1941 3738 2296 3799 Mamur-atum
2323 3740 2432 3789 aine
2457 3742 2828 3814 pmuoeatn'om]

728 3810 787 3841 su
828 3796 1006 3843 iudicis
1026 3810 1224 3856 nomen,
1244 3798 1329 3846 sed
1347 3800 1592 3859 praetoris
1611 3814 1743 3860 gere·
1809 3798 2038 3847 Dictator
2077 3806 2264 3860 tamen,
2296 3808 2354 3851 ut
2387 3818 2472 3864 qui
2515 3804 2832 3866 magistratus

728 3859 827 3906 bat.
894 3858 1126 3907 Ceterum
1158 3860 1287 3909 hanc
1310 3860 1435 3909 Livii
1463 3860 1742 3923 opinionem
1808 3870 1950 3911 extra
1970 3864 2190 3913 ordinem
2220 3866 2254 3891 ‘⁴
2271 3866 2342 3913 rei
2370 3866 2618 3929 gerundae
2639 3872 2832 3917 eausa”

728 3919 987 4038 {33:¹3
1006 3922 1746 4050 wamma:
1806 3928 2172 4050 {estiis
2205 3930 2458 4041 ..m
2471 3945 2636 4043 ,aa
2637 3946 2690 4042 Τ
2691 3947 2832 3983 ‘m

726 4050 945 4099 iudicum
1002 4050 1201 4099 nomine
1255 4050 1509 4125 insignitos
1561 4052 1746 4111 fiiisse5
1873 4052 1905 4103 6
1936 4056 2010 4103 Nn·
2029 4006 2430 4119 &magedimf
2453 4058 2530 4107 Ut
2561 4072 2828 4121 provocan-

726 4128 873 4174 quem
898 4112 1011 4162 vide
1031 4116 1095 4163 de
1120 4115 1336 4163 Praetor.
1351 4128 1384 4161 ι.
1403 4126 1445 4176 7.
1469 4116 1633 4166 θην.
1678 4117 1740 4165 cf.
1805 4116 1871 4165 tis
1893 4117 2106 4167 iudicem
2130 4122 2292 4181 serre,
2317 4120 2387 4170 ita
2419 4122 2672 4183 provocati
2705 4122 2828 4173 iudi·

728 4176 919 4227 Festus.
942 4192 987 4225 v.
1010 4179 1289 4227 Praetoria.
1322 4177 1429 4227 Cic.
1455 4180 1520 4227 de
1537 4179 1655 4240 Leg.
1671 4178 1740 4228 iii.
1807 4196 1914 4229 cem
1947 4182 2122 4233 dicere.
2159 4184 2408 4235 Rascmo.
2473 4186 2632 4235 Doce:
2667 4188 2826 4249 legen·

731 4252 774 4299 3.
810 4240 987 4287 Zonar.
1012 4240 1091 4287 vii.
1120 4253 1224 4351 κᾶν
1808 4245 1926 4292 dum
1957 4252 2124 4295 censet
2145 4246 2353 4297 Niebhr.
2375 4254 2426 4296 et
2445 4248 2826 4299 ciceronianum

792 4320 823 4359 4
856 4305 921 4349 {n
943 4304 1105 4351 aedem
1223 4304 1346 4363 eris]
1397 4304 1498 4352 Ubi
1537 4306 1746 4365 pecunia
1808 4310 2048 4358 docendus
2069 4318 2140 4359 est
2159 4310 2310 4361 iude-r
2330 4311 2516 4361 recitat.
