3000 4784
804 239 997 309 LIB.
1041 240 1121 307 V.
1189 240 1411 308 CAP.
1464 246 1567 307 30.
2112 248 2234 309 321

146 374 447 462 rogationi
484 376 861 443 tribuniciae
897 378 1411 443 intercessissent.
1505 376 1682 442 Vicit
1723 390 1938 457 tamen
1965 379 2232 467 gratiam
2257 386 2323 435 U.
2345 386 2406 435 c.
2431 384 2542 447 362·

144 474 389 527 senatus
414 462 625 550 plebis
652 466 785 541 ira3
832 477 899 529 et
926 465 1201 552 pessimo
1228 461 1526 551 exemplo
1554 464 1804 529 innoxii
1831 466 2015 530 denis
2044 464 2236 529 milli·
2252 452 2313 500 A.
2345 450 2406 501 Ο·
2431 463 2542 513 ³⁹⁰·

101 576 127 609 α
144 548 253 612 bus
288 550 497 649 gravis
538 552 701 615 aeris
740 551 1147 615 condemnati
1190 562 1355 615 sunt.
1447 549 1529 615 Id
1557 572 1746 638 aegre
1783 552 1950 639 passi
1989 552 2228 617 Patres.
2475 586 2478 590 ·

101 650 127 698 3
148 632 449 701 Camillus
494 636 707 723 palam
753 636 1006 702 sceleris
1050 636 1310 724 plebem
1360 659 1658 724 arguere:
1711 646 1730 676 ‘
1751 661 1938 725 quae,
1989 639 2118 703 iam
2164 639 2234 703 in
2251 648 2495 725 pominus

143 727 163 756 ‘
176 742 315 786 suos
353 740 559 801 versa,
591 746 719 788 non
764 722 1168 809 intelligeret,
1204 745 1273 787 se
1316 745 1510 811 pravo
1555 723 1794 789 iudicio
1836 725 1920 790 de
1965 724 2235 790 tribunis
2249 714 2498 789 guvelutur

142 813 161 843 ‘
174 806 691 875 intercessionem
702 809 1054 885 sustulisse3
1084 809 1535 875 intercessione
1554 810 1818 890 sublata,
1831 812 2232 877 tribuniciam
2249 780 2524 891 ¹120&be

142 899 160 928 ‘
262 908 562 959 testatem
584 897 898 961 evertisse.
972 894 1167 973 Nam,
1184 896 1366 1045 3uod
1384 895 1479 959 illi
1500 910 1846 983 sperarent,
1866 899 2234 963 effrenatam

142 986 161 1015 ‘
198 980 498 1045 icentiam
548 982 687 1049 eius
738 983 1137 1069 magistratus
1240 994 1405 1047 atres
1450 981 1707 1061 laturos,
1757 983 1893 1049 falli
1943 1007 2068 1049 eos.
2165 983 2236 1049 Si

141 1072 160 1102 ‘
178 1066 517 1133 tribunicia
538 1069 633 1133 vis
659 1068 998 1133 tribunicio
1016 1068 1254 1132 auxilio
1272 1090 1341 1133 re
1424 1068 1492 1132 lli
1523 1084 1820 1169 nequeat,
1840 1070 2014 1135 aliud
2035 1071 2235 1135 telum

140 1158 159 1187 ⁶
176 1150 393 1218 Patres
439 1155 815 1220 inventuros
866 1155 1043 1219 esse.'
1132 1152 1311 1219 Cous
1380 1178 1574 1242 esque
1629 1158 2015 1244 increpabat,
2061 1156 2237 1244 quod

100 1261 125 1305 4
138 1235 258 1302 fide
286 1238 554 1327 publica
581 1241 795 1328 decipi
824 1241 1111 1305 tribunos
1142 1262 1251 1305 eos
1279 1240 1455 1305 taciti
1496 1241 1807 1320 tulissent,
1841 1244 1954 1329 qui
1981 1256 2238 1308 senatus

138 1327 577 1392 auctoritatem
614 1328 819 1393 secuti
852 1341 1079 1392 essent.
1173 1326 1355 1391 Haec
1396 1326 1721 1414 propalam
1767 1330 2238 1394 concionabun-

138 1408 254 1510 {¹¹¹²}
291 1412 361 1477 in
406 1413 548 1478 dies
585 1414 785 1501 magis
824 1414 1099 1501 augebat
1142 1413 1265 1477 iras
1304 1412 1656 1513 bominum.
1751 1414 2059 1515 Senatum
2086 1436 2238 1479 vero
2359 1428 2465 1488 30,

140 1510 406 1650 {¹333
426 1499 2239 1675 ffivfiffijegsffmhffi‘3555‘33‘1222132231‘3203323
2254 1508 2533 1624 &effi

141 1673 159 1703 ‘
176 1683 243 1733 ut
271 1671 385 1757 qui
417 1673 877 1750 meminissent,
908 1672 1028 1737 sibi
1058 1694 1175 1758 pro
1204 1671 1326 1737 aris
1352 1672 1634 1760 focisque
1666 1687 1733 1738 et
1759 1673 1954 1739 deum
1986 1673 2239 1762 templis
2256 1653 2421 1777 {3:¹3
2438 1703 2502 1751 de

144 1761 163 1791 ‘
182 1776 253 1819 ac
278 1758 440 1837 solo,
474 1760 547 1823 in
577 1781 707 1844 quo
734 1760 869 1824 nati
898 1771 1128 1835 essent,
1158 1758 1595 1824 dimicandum
1615 1759 1766 1825 fore.
1861 1759 2030 1825 Nam
2061 1760 2240 1849 quod
2255 1768 2508 1841 migrando

144 1846 163 1875 ‘
182 1842 263 1905 ad
302 1865 372 1908 se
402 1845 704 1933 privatim
738 1845 1025 1922 attineat,
1056 1844 1111 1907 si
1154 1866 1304 1909 suae
1333 1844 1572 1931 gloriae
1609 1847 1728 1911 sibi
1769 1848 1940 1913 inter
1977 1848 2242 1913 dimica·
2258 1829 2426 1881 Veaon.

103 1944 128 1992 5
146 1932 165 1961 ‘
184 1928 423 1995 tionem
440 1931 685 2019 patriae
716 1931 1075 1995 meminisse
1106 1930 1189 1995 sit
1207 1930 1320 2008 fas,
1340 1931 1461 1995 sibi
1490 1955 1591 1997 am
1639 1932 1774 1997 lum
1793 1956 2050 2036 quoque
2082 1956 2239 2012 esse,

146 2018 165 2048 ‘
183 2015 403 2081 urbem
449 2018 534 2083 ab
574 2040 643 2081 se
677 2030 925 2104 captam
964 2016 1376 2103 frequentari,
1454 1956 1696 2083 uotigie
1741 2042 1809 2084 se
1847 2021 1973 2085 frul
2012 2043 2242 2086 monu-

103 2110 132 2160 6
150 2105 169 2135 ‘
188 2116 403 2168 mento
468 2102 667 2168 loriae
706 2126 876 2181 suae,
908 2116 975 2168 et
1003 2119 1151 2168 ante
1183 2102 1399 2168 oculos
1478 2105 1668 2169 abere
1696 2107 1922 2170 urbem
1949 2106 2142 2171 latam
2170 2107 2241 2171 in

149 2191 169 2220 ‘
184 2187 418 2277 triump
466 2213 509 2255 o
552 2212 687 2267 suo,
734 2190 1023 2255 insistere
1066 2212 1289 2254 omnes
1316 2190 1598 2276 vestigiis
1639 2190 1903 2256 laudum
1946 2214 2236 2256 suarum:

150 2277 169 2307 ⁶
189 2272 297 2336 sed
324 2276 507 2341 nefas
522 2276 778 2353 ducere,
802 2275 1115 2341 desertam
1141 2298 1215 2339 ac
1236 2274 1520 2340 relictam
1539 2276 1620 2340 ab
1642 2276 1764 2341 diis
1782 2277 2244 2343 immortalibus

150 2364 169 2393 ‘
188 2356 379 2425 incoli
408 2363 674 2438 urbem3
720 2374 787 2426 et
815 2360 882 2426 in
914 2362 1164 2462 captivo
1192 2361 1326 2426 solo
1356 2360 1639 2426 habitare
1661 2385 1746 2449 po
1792 2363 1971 2428 ulum
2004 2363 2245 2429 Roma-

150 2450 170 2479 ‘
188 2465 361 2526 num,
380 2462 447 2514 et
464 2448 727 2513 victrice
742 2447 947 2549 patria
962 2460 1193 2513 victam
1212 2447 1482 2512 mutari)
1556 2446 1680 2511 His
1697 2386 2243 2515 aghonationibus

192 2530 447 2621 rincipis
476 2534 777 2599 concitati
808 2534 1047 2611 Patres,
1078 2556 1261 2599 senes
1300 2534 1714 2620 iuvenesque,
1746 2557 1946 2621 quum
1973 2534 2245 2600 ferretur

172 2636 269 2693 ex,
326 2621 586 2709 agmine
643 2620 811 2685 facto
868 2620 938 2685 in
993 2620 1201 2685 forum
1246 2631 1596 2684 venerunt:
1658 2620 1937 2708 dissipati
1987 2644 2069 2685 ue
2127 2644 2244 2709 per

114 2702 361 2783 nribus,
392 2729 543 2771 suos
571 2707 841 2794 quisque
872 2706 1133 2773 tribules
1170 2718 1561 2795 prensantes,
1585 2729 1762 2771 orare
1793 2728 1941 2771 cum
1993 2708 2244 2773 acrimis

152 2808 431 2875 coepere,
468 2802 487 2832 ⁶
506 2790 575 2857 N
576 2816 613 2857 e
636 2812 779 2857 eam
806 2794 1098 2879 patriam,
1118 2815 1235 2880 pro
1258 2815 1387 2879 qua
1404 2792 1739 2858 fortissime
1756 2792 2242 2882 felicissimeque

156 2873 304 2960 ‘ipsi
332 2902 407 2945 ae
520 2892 649 2944 tres
676 2899 898 2943 eorum
936 2878 1358 2956 dimicassent,
1390 2878 1797 2957 desererent)
1830 2878 2241 2968 Capitolium,

152 2960 371 3029 aedem
490 2978 679 3041 estse,
732 2978 943 3030 cetera
1000 2966 1169 3031 circa
1224 2965 1463 3053 templa
1510 2965 1779 3034 deorum
1837 2979 2240 3034 ostentantes.

155 3052 173 3081 ‘
196 3045 296 3113 Ne
316 3050 624 3129 exsulem,
646 3063 961 3115 extorrem
982 3050 1677 3139 populumRomanum
1696 3054 1775 3118 ab
1793 3053 1927 3118 solo
1942 3056 2148 3141 patrio
2171 3076 2245 3119 ac

156 3136 175 3168 ‘
194 3132 313 3201 diis
366 3137 709 3225 penatibus
760 3137 829 3201 in
880 3137 1158 3202 hostium
1216 3139 1441 3205 urbem
1492 3152 1790 3226 agerent3
1851 3162 2057 3225 eoque
2107 3163 2246 3204 rem

156 3224 175 3253 ⁶
191 3220 597 3303 adducerent,
645 3236 720 3289 ut
761 3222 987 3288 melius
1028 3224 1238 3302 fuerit,
1284 3246 1417 3289 non
1458 3225 1602 3310 capi
1645 3224 1861 3302 Veios,
1906 3246 1990 3289 ne
2037 3225 2248 3290 Roma

160 3305 625 3379 ‘desereretur-‚⁹
716 3308 890 3387 Quia
914 3332 1049 3377 non
1077 3310 1141 3375 vi
1171 3310 1463 3396 agebant,
1494 3309 1610 3375 sed
1638 3310 1952 3397 precibus,
1983 3322 2052 3375 et
2079 3311 2248 3379 inter

220 3554 247 3587 2
281 3546 460 3593 Gravis
491 3546 647 3605 aeris]
692 3542 971 3593 Niebuhrio
1003 3544 1168 3606 placet
1298 3559 1329 3602 4
1359 3542 1482 3591 *Fide
1513 3543 1744 3616 publica]
1797 3542 1861 3591 In
1897 3544 2120 3593 fraudem
2158 3544 2248 3593 im-

161 3600 261 3665 lege
280 3609 491 3669 quadam
514 3623 613 3657 111.
637 3607 763 3658 Tab.
784 3608 1025 3657 sancitum
1048 3622 1169 3665 esse,
1234 3605 1354 3667 pelli
1378 3606 1560 3653 fiducta
1581 3606 1802 3667 promissi
1833 3607 1897 3655 ab
1929 3614 2100 3656 senatu
2128 3624 2247 3659 auxe

162 3670 215 3713 ut
246 3673 429 3721 multae
464 3687 657 3735 semper
690 3674 823 3722 aeris
853 3674 1024 3733 mavis
1055 3671 1168 3719 irro-
1234 3670 1325 3728 ilii,
1345 3670 1477 3731 quod
1510 3668 1611 3716 illis
1643 3670 1927 3731 praestitum
1952 3686 2049 3719 non
2073 3672 2248 3723 fixerat.

160 3741 393 3793 sax-cuttu,
426 3736 611 3799 quippe
638 3742 755 3784 ante
788 3735 1169 3784 decemviratum
1234 3735 1395 3783 Cnsv.

162 3798 282 3845 aeris
314 3800 603 3863 simpliciter
636 3799 805 3848 scribit
840 3798 1025 3858 Livius,
1058 3802 1169 3860 post
1298 3808 1326 3859 5
1358 3798 1618 3860 Amplum]
1658 3798 1734 3848 Ut
1754 3812 1885 3861 supr.
1899 3812 1949 3848 n
1963 3814 2010 3863 9.
2032 3802 2250 3864 amplum

163 3854 287 3919 leges
300 3868 465 3911 autem
482 3863 711 3913 xu.Tab.
727 3863 1022 3925 perlataaut
1036 3877 1169 3924 supr.
1237 3864 1403 3910 Tuscis
1423 3868 1582 3921 ratus,
1605 3867 1656 3909 et
1679 3861 1790 3911 infr.
1813 3862 1982 3912 xxviii.
2007 3880 2084 3924 4²·

170 3932 238 3970 η.
264 3932 314 3973 et
345 3926 453 3977 infr.
479 3942 555 3989 32.
588 3930 721 3977 aeris
746 3929 917 3989 mavis
950 3926 1168 3988 legimus.
1297 3924 1329 3974 6
1350 3928 1526 3975 Latum
1543 3928 1598 3975 in
1613 3928 1885 3989 triumpho]
1897 3928 2054 3977 Cuius
2069 3943 2250 3989 nempe

165 3982 285 4036 Fieri
308 3997 486 4053 potest,
506 3996 562 4039 ut
583 3994 853 4041 aestimatio
881 3991 971 4038 illa
996 3991 1168 4037 multa-
1232 3988 1395 4053 imago
1432 4004 1518 4038 seu
1558 3990 1836 4052 descriptio,
1870 3996 1926 4038 ut
1962 3991 2106 4051 vulgo
2144 3991 2250 4039 fieri

164 4062 267 4099 rum
286 4068 416 4116 supr.
432 4055 497 4104 iv.
522 4069 600 4117 30.
620 4056 684 4103 ad
707 4054 836 4102 hanc
858 4068 960 4102 rem
982 4059 1167 4115 specta-
1233 4054 1439 4111 solebat,
1485 4059 1602 4102 ants
1655 4069 1850 4102 currum
1901 4052 2252 4115 triumphantis

168 4116 295 4165 verit.
1234 4117 1436 4166 Camilli
1459 4118 1564 4165 lata
1583 4122 1701 4166 erat.
1737 4118 1952 4165 Srnorn.

225 4194 253 4240 3
282 4182 509 4243 Sceleris]
560 4182 732 4231 Scelus
764 4179 961 4244 propria
992 4180 1169 4243 signifi-
1302 4194 1327 4243 7
1354 4183 1600 4241 Tribules]
1631 4180 1883 4236 Quoniam
1907 4178 2097 4241 patricii
2118 4194 2149 4225 a
2170 4179 2252 4227 de-

168 4243 349 4293 catione
381 4252 455 4295 est
486 4247 557 4306 id,
589 4246 721 4308 quod
754 4246 1038 4294 adversatur
1071 4244 1169 4305 pie—
1238 4244 1461 4293 cemviris
1492 4244 1545 4291 in
1579 4244 1734 4291 tribus
1772 4254 1885 4291 cum
1921 4241 2127 4305 plebeiis
2159 4242 2252 4291 dis-

168 4307 266 4355 tati.
334 4310 485 4358 Porro
521 4316 693 4359 contra
724 4308 961 4371 pietatem
986 4314 1090 4357 erat
1118 4310 1174 4356 in
1238 4308 1382 4369 positi
1405 4314 1558 4356 erant.
1593 4308 1654 4355 cf.
1680 4305 1886 4354 Niebhr.
1907 4306 1958 4354 ii.
1982 4321 2030 4368 p.
2057 4318 2164 4365 314.

168 4380 271 4418 *κω
289 4375 429 4433 verti,
449 4388 563 4423 suos
586 4373 782 4421 violare.
819 4373 982 4421 cuv.

252 4452 392 4499 VOL.
427 4456 470 4499 1.
1864 4450 1910 4491 Y
