3000 4784
647 201 730 262 38
1427 197 1655 267 ΤΙΤῙ
1712 197 1985 266 LIVII

737 331 936 398 Haud
973 334 1065 398 ita
1103 335 1307 400 multo
1347 351 1488 423 post
1534 336 1896 424 pestilentia
1936 335 2289 400 laboratum
2340 347 2455 399 est.
2550 332 2747 398 Unde

645 442 846 507 quum
937 420 1148 506 igritia
1195 423 1509 487 militandi
1560 423 1870 499 oriretur3
1934 421 2113 486 nulla
2162 433 2379 486 tamen
2428 421 2509 485 ab
2560 419 2753 484 armis

645 506 830 592 quies
915 507 1139 571 abatur
1177 509 1256 572 ab
1296 508 1595 574 bellicoso
1640 531 1809 595 rege,
1840 507 2188 572 salubriora
2224 509 2415 572 etiam
2444 505 2751 571 credente

647 591 931 669 militiae,
979 615 1172 679 quam
1217 594 1412 673 domi,
1467 596 1771 659 iuvenum
1816 615 2081 694 corpora
2128 615 2263 657 esse
2284 618 2303 656 :
2358 592 2567 656 donec
2612 592 2752 678 ipse

320 701 457 749 Tulli
479 717 602 749 mor·
647 701 736 778 qu
825 701 903 742 ue
933 678 1286 767 longinquo
1325 682 1547 745 morbo
1576 694 1673 745 est
1700 680 2063 768 implicitus.
2155 679 2345 743 Tunc
2374 678 2537 742 adeo
2566 677 2753 741 fiacfi

317 701 836 828 buzetmora.51m01‹111
878 787 1026 829 cum
1060 787 1321 854 corpore
1363 781 1513 831 sunt
1556 767 1809 853 spiritus
1856 765 1948 829 illi
1986 766 2249 843 feroces,
2292 779 2383 843 ut,
2427 763 2543 852 qui
2584 761 2756 826 nihil

647 863 795 914 ante
845 865 1018 916 ratus
1068 865 1233 916 esset
1283 854 1494 917 minus
1545 853 1810 939 regium,
1855 873 2049 939 quam
2092 853 2282 916 sacris
2324 851 2561 916 dedere
2610 847 2757 913 ani-

647 957 845 1016 mum,
885 949 1150 1024 repente
1190 940 1486 1003 omnibus
1532 939 1777 1024 magnis
1818 937 2153 1026 parvisque
2197 959 2273 1002 su
2356 935 2757 1002 rstitionibus

647 1023 960 1088 obnoxius
989 1023 1072 1088 de
1115 1038 1271 1101 eret,
1303 1024 1841 1112 religionibusque
1872 1024 2065 1087 etiam
2093 961 2403 1110 populiiem
2432 1024 2521 1086 im
2566 1021 2753 1085 leret.

647 1107 863 1196 Vulgo
901 1109 1030 1174 iam
1071 1047 1390 1188 {ominem
1436 1133 1586 1174 eum
1632 1123 1868 1175 statum
1918 1131 2151 1187 rerum,
2198 1110 2311 1196 qui
2358 1110 2477 1174 sub
2600 1129 2757 1170 uma

647 1217 716 1259 re
760 1219 797 1260 e
854 1195 1079 1274 fuerat,
1139 1198 1556 1283 requirenteS,
1616 1219 1811 1260 unam
1874 1217 2063 1282 opem
2120 1197 2327 1282 aegris
2380 1218 2459 1260 co
2576 1193 2756 1257 ribus

645 1303 714 1344 re
739 1295 950 1361 ictam,
982 1283 1036 1348 si
1064 1305 1191 1370 pax
1215 1284 1525 1370 veniaque
1556 1283 1635 1348 ab
1666 1281 1788 1346 diis
1810 1282 2145 1369 impetrata
2164 1295 2348 1360 esset,
2380 1304 2417 1346 c
2533 1281 2752 1345 ebant.

647 1367 867 1453 Ipsum
917 1391 1153 1457 regem,
1201 1369 1481 1446 tradunt,
1526 1367 1888 1432 volventem
1938 1369 2424 1434 commentarios
2468 1365 2753 1442 Numae,

643 1475 846 1538 quum
890 1456 980 1520 ibi
1031 1454 1346 1554 quaedam
1391 1454 1640 1520 occulta
1673 1454 1984 1520 sollennia
2024 1453 2329 1519 sacrificia
2364 1452 2503 1518 Iovi
2540 1451 2755 1517 Elicio

643 1539 810 1604 facta
851 1541 1212 1618 invenisset,
1243 1556 1573 1627 operatum
1608 1540 1709 1605 his
1746 1540 1935 1607 sacris
1977 1563 2045 1605 se
2074 1539 2423 1606 abdidisse:
2470 1537 2588 1603 sed
2614 1560 2755 1602 non

643 1625 764 1689 rite
795 1626 1026 1689 initum
1055 1639 1166 1690 aut
1193 1639 1482 1691 curatum
1514 1626 1582 1689 id
1610 1649 1857 1690 sacrum
1886 1649 2022 1693 esse
2046 1649 2063 1704 3
2110 1648 2233 1691 nec
2260 1626 2467 1691 solum
2505 1623 2753 1689 nullam

645 1713 707 1776 ei
737 1710 1008 1776 oblatam
1033 1711 1401 1777 coelestium
1430 1713 1726 1800 speciem,
1750 1713 1865 1778 sed
1886 1715 1982 1778 ira
1997 1713 2183 1789 Iovia,
2208 1711 2525 1777 sollicitati
2600 1733 2757 1776 rava

644 1797 971 1883 religione,
1012 1797 1278 1863 fulmine
1323 1799 1521 1863 ictum
1566 1821 1715 1862 cum
1758 1800 1951 1864 domo
1994 1799 2429 1898 conflagraffle.
2676 1819 2755 1862 us

643 1905 876 2034 maffia
900 1882 1103 1968 gloria
1129 1883 1281 1948 belli
1309 1885 1597 1971 regnavit
1626 1907 1827 1949 annos
1855 1885 2015 1951 duos
2043 1897 2111 1948 et
2138 1885 2413 1984 triginta.

419 1987 522 2046 32,
811 1983 994 2033 ortuo
1039 1969 1253 2048 Tullo,
1303 1993 1421 2048 res,
1481 1983 1557 2034 ut
1614 1971 1978 2036 institutum
2038 1972 2166 2035 iam
2216 1971 2369 2034 inde
2420 1972 2501 2035 ab
2559 1969 2753 2034 initio

314 2069 383 2181 kl..
407 2069 468 2181 g.
490 2083 602 2194 ἐξὲξ
641 2069 795 2132 erat,
835 2055 921 2120 ad
961 2055 1184 2120 Patres
1221 2057 1531 2122 redierat=
1580 2056 1778 2141 hique
1818 2059 2201 2158 interregem
2244 2057 2747 2128 nominaverant.

313 2197 356 2243 A
411 2213 422 2226 ‚
492 2195 550 2244 Μ
605 2223 622 2232 -
646 2141 798 2219 Quo
847 2142 1106 2206 comitia
1160 2142 1460 2220 habente,
1515 2142 1773 2206 Ancum
1835 2143 2153 2208 Marcium
2203 2165 2421 2229 regem
2472 2141 2752 2244 populus

313 2211 525 2306 &¹1:2⁰er
550 2211 606 2244 δ’
640 2228 912 2292 creavit:
984 2228 1208 2294 Patres
1263 2228 1441 2293 fuere
1505 2241 1805 2294 auctores·
1900 2229 2155 2293 Numae
2216 2229 2519 2328 Pompilli
2578 2230 2751 2315 regis
2768 2245 2801 2292 8

312 2322 513 2372 electu·-
639 2337 858 2401 nepos,
919 2313 1051 2378 filia
1106 2327 1300 2392 ortus,
1361 2313 1589 2378 Ancus
1646 2313 1931 2380 Marcius
1986 2329 2138 2382 erat.
2256 2314 2411 2393 Qm,
2472 2328 2545 2379 ut
2600 2337 2751 2402 reg-

639 2421 792 2464 nare
835 2401 1070 2487 coepit,
1117 2413 1187 2466 et
1237 2401 1438 2467 avitae
1487 2399 1727 2489 gloriae
1768 2423 2031 2479 memor,
2073 2413 2141 2466 et
2178 2399 2333 2487 quia
2380 2401 2749 2487 proximum

639 2508 926 2574 regnum,
981 2501 1194 2552 cetera
1242 2488 1589 2576 egregium,
1638 2488 1717 2552 ab
1769 2510 1901 2552 una
1934 2499 2116 2588 parte
2160 2486 2335 2552 haud
2376 2487 2526 2551 satis
2566 2509 2751 2574 pros-

723 2597 864 2639 rum
907 2575 1130 2652 fimat,
1163 2589 1276 2640 aut
1311 2575 1620 2664 neglectis
1662 2573 2090 2663 religionibus
2132 2586 2243 2638 aut
2285 2595 2477 2659 prave
2516 2573 2747 2650 cultis3

313 2676 462 2723 Sacra
483 2677 574 2726 rite
637 2593 720 2724 fs
887 2661 1396 2748 antiquissimum
1453 2674 1645 2738 ratus,
1698 2683 1875 2726 sacra
1928 2660 2201 2748 publica,
2252 2672 2327 2723 ut
2383 2659 2464 2724 ab
2526 2658 2751 2724 Numa

311 2739 519 2788 ⁰⁰¹0¹²d³
541 2756 620 2790 ⁰¹¹·
637 2745 930 2810 instituta
978 2759 1179 2822 erant,
1231 2748 1478 2822 facere3
1534 2748 1749 2812 omnia
1798 2771 1877 2812 ea
1924 2769 2007 2811 ex
2058 2743 2529 2811 commentariis
2577 2745 2749 2832 regis

310 2808 397 2852 ’Μ’
439 2865 468 2884 ae
638 2833 1008 2978 pontificem
1059 2832 1127 2895 in
1179 2833 1394 2897 album
1451 2833 1665 2909 relata,
1714 2855 2069 2920 proponere
2118 2833 2189 2896 in
2234 2831 2492 2918 publico
2541 2831 2743 2896 iubet.

677 2915 802 2979 nde
853 2929 919 2980 et
967 2917 1208 2980 civibus
1257 2917 1372 2981 otii
1416 2919 1685 3005 cupidis,
1732 2932 1797 2982 et
1848 2918 2137 2983 finitimis
2178 2917 2539 2982 civitatibus
2578 2917 2751 2982 fincta

638 3021 800 3149 Jpes,
832 3001 901 3064 in
931 3002 1028 3065 avi
1071 3024 1278 3067 mores
1305 3015 1496 3152 at‘ffue
1528 3004 1819 3069 instituta
1854 3027 2069 3106 regem
2109 3004 2445 3068 abiturum.
2536 3003 2749 3090 Igitur

701 3086 876 3164 atini,
909 3109 1056 3151 cum
1085 3088 1335 3174 quibuS,
1425 3088 1557 3154 ullo
1584 3104 1911 3178 regnante,
1942 3105 2141 3155 ictum
2170 3089 2393 3154 foedus
2422 3101 2575 3166 erat,
2604 3111 2747 3154 sus-

641 3171 915 3237 tulerant
937 3167 1207 3238 aniinos:
1255 3188 1338 3252 et,
1364 3198 1565 3263 quum
1587 3177 2013 3242 incursionem
2036 3178 2105 3240 in
2128 3197 2349 3262 agrum
2372 3174 2745 3241 Romanum

638 3258 952 3335 fecissent,
1013 3263 1444 3347 repetentibus
1502 3284 1603 3327 res
1674 3263 1982 3328 Romanis
2038 3263 2308 3348 superbe
2366 3283 2743 3349 responsum

637 3343 916 3408 reddunt
933 3369 952 3422 ;
1005 3346 1290 3411 desidem
1339 3348 1705 3413 Romanum
1748 3371 1963 3435 regem
2008 3349 2177 3412 inter
2218 3347 2447 3414 sacella
2491 3360 2561 3412 et
2600 3369 2744 3413 aras

638 3442 924 3494 acturum
947 3454 1082 3495 esse
1106 3454 1172 3496 re
1219 3456 1372 3497 num
1397 3434 1533 3498 rati.
1612 3435 1908 3499 Medium
1927 3434 2153 3499 eratin
2178 3435 2365 3498 Anco
2387 3435 2739 3520 ingenium,

639 3529 705 3580 et
751 3515 1024 3594 Numae,
1066 3530 1133 3582 et
1246 3519 1442 3584 omuli
1490 3543 1774 3585 memor:
1820 3534 1905 3598 et,
1938 3532 2189 3607 praeter
2234 3543 2379 3588 uam
2420 3519 2594 3605 quod
2637 3522 2740 3585 avi

640 3625 837 3688 regno
876 3604 1074 3690 magis
1117 3606 1532 3670 necessariam
1575 3607 1764 3671 fuisse
1804 3628 2027 3692 pacem
2067 3629 2137 3669 cr
2220 3608 2385 3682 ebat,
2424 3629 2624 3692 quum
2668 3605 2739 3670 in

639 3711 824 3765 novo,
851 3701 986 3753 tum
1017 3691 1210 3754 feroci
1285 3692 1505 3778 opulo;
1554 3693 1764 3770 etiam,
1798 3691 1973 3778 quod
2002 3691 2095 3755 illi
2117 3693 2483 3792 contigisset
2512 3692 2737 3769 otium,

639 3773 774 3838 sine
805 3773 1037 3839 iniuria
1063 3776 1132 3839 id
1153 3799 1220 3840 se
1239 3715 1415 3842 liaud
1444 3777 1627 3842 facile
1658 3778 2055 3843 habiturum:
2106 3790 2335 3842 tentari
2364 3777 2737 3863 patientiam

639 3875 706 3924 et
735 3871 1040 3924 tentatam
1071 3863 1434 3926 contemni:
1484 3876 1897 3951 temporaque
1926 3886 2061 3928 esse
2093 3863 2287 3928 'hillo
2307 3865 2442 3950 regi
2472 3865 2735 3950 aptior&

641 3967 832 4031 quam
857 3945 1129 4011 Numae.
1195 3947 1289 4014 Ut
1306 3961 1541 4025 tamen,
1566 3950 1869 4036 quoniam
1892 3949 2113 4016 Numa
2133 3950 2197 4014 in
2268 3971 2377 4013 ace
2400 3949 2738 4036 religiones

639 4032 1030 4108 instituisset,
1082 4055 1121 4098 a
1176 4055 1244 4125 se
1303 4033 1567 4101 bellicae
1618 4035 2037 4104 caerimoniae
2095 4059 2140 4124 p
2256 4049 2555 4112 erentur3
2614 4057 2737 4103 nec

702 4253 732 4299 8
764 4255 940 4315 Regem
958 4253 1172 4314 populus
1191 4254 1402 4311 ονεαυὲι]
1439 4255 1470 4278 “
1489 4255 1599 4302 Rex
1624 4271 1655 4302 a
1716 4255 1933 4316 itemque
1954 4256 2015 4303 de
2042 4253 2247 4316 imperio
2278 4269 2366 4302 suo
2395 4254 2555 4316 legem
2580 4254 2735 4303 curia-

639 4317 824 4378 populo
843 4323 916 4366 est
929 4317 1098 4366 Ancus
1111 4315 1328 4366 Marcius
1345 4317 1653 4376 constitutus,
1718 4325 1819 4368 tam
1842 4318 2007 4368 tulit.”
2041 4319 2147 4370 Cic.
2170 4319 2233 4367 de
2258 4319 2388 4380 Rep.
2410 4317 2459 4366 ii.
2488 4319 2561 4368 18.
