3000 4784
820 232 1010 297 LIB.
1058 232 1175 299 IV.
1244 232 1467 298 CAP.
1517 237 1578 299 9.
2119 231 2247 295 235

142 390 277 433 eam
318 367 642 455 regimen,
686 352 959 447 senatus,
998 371 1418 457 equitumque
1460 368 1806 444 centuriae,
1847 366 2094 431 decoris
2135 366 2248 432 de-
2268 372 2337 435 11-
2359 372 2558 436 0:31²·

98 485 129 528 4
144 454 513 541 decorisque
560 456 913 521 discrimen
956 458 1073 521 sub
1116 456 1359 521 ditione
1405 456 1544 521 eius
1585 454 2002 541 magistratus,
2038 452 2248 540 publi·
2265 439 2326 549 g·
2360 437 2421 487 c·
2433 452 2556 548 ἐξ·

141 563 352 604 corum
368 540 473 604 ius
495 542 1027 641 privatorumque
1044 541 1347 619 locorum,
1366 540 1700 627 vectigalia
1721 538 1940 627 populi
1971 538 2248 603 Romani
2264 516 2475 613 112}ssssss

140 627 252 690 sub
278 639 445 690 nutu
478 642 691 714 atque
719 628 975 693 arbita-10
1009 641 1235 693 essent.
1330 627 1564 693 Ortum
1605 640 1818 691 autem
1856 626 2112 691 initium
2155 624 2250 697 rei

98 736 124 782 5
140 724 247 789 est,
278 712 461 799 quod
504 714 583 777 in
622 712 881 801 popu10,
912 736 1031 800 per
1068 713 1298 778 multos
1327 735 1528 777 annos
1561 713 1842 789 incense,
1875 734 2086 799 neque
2127 710 2251 775 dif-

136 796 279 860 ferri
306 821 549 863 census
578 812 853 886 poterat,
876 822 1087 886 neque
1109 799 1492 875 consulibua,
1517 822 1718 899 quum
1749 811 1843 863 tot
1870 797 2251 885 populorum

138 882 300 947 bella
326 885 780 964 imminerent,
811 908 1039 972 operae
1070 898 1207 949 erat
1233 885 1302 949 id
1342 896 1668 971 negotium
1697 907 1903 971 agere.
1995 883 2252 948 Mentio

94 976 125 1025 6
140 967 307 1033 illata
334 970 417 1035 ab
448 984 693 1037 senatu
720 984 837 1048 est,
869 980 890 1009 ‘
908 972 1077 1036 Rem
1106 992 1431 1057 operosam
1460 992 1534 1034 ac
1563 970 1826 1039 minime
1855 969 2250 1035 consularem

142 1062 159 1090 ‘
174 1077 287 1120 suo
316 1056 593 1143 proprio
626 1058 997 1144 magistratu
1024 1078 1251 1144 egere:
1298 1057 1403 1121 cui
1432 1056 1774 1121 scribarum
1805 1056 2247 1132 ministerium,

98 1132 161 1231 Ξ*
176 1142 651 1229 custodiaeque
694 1157 761 1208 ct
806 1142 1157 1208 tabularum
1202 1165 1373 1221 cura,
1418 1142 1526 1207 cui
1571 1142 1898 1206 arbitrium
1944 1142 2248 1205 formulae

142 1233 162 1263 ‘
176 1228 489 1293 censendi
507 1230 972 1295 subiiceretur.’
1060 1228 1149 1293 Et
1164 1228 1405 1305 PatreS,
1430 1250 1796 1314 quanquam
1813 1249 1948 1291 rem
1970 1249 2248 1314 parvam,

143 1322 371 1391 tamen,
404 1338 547 1401 quo
590 1315 808 1401 plures
834 1316 1083 1403 patricii
1122 1315 1521 1401 magistratus
1560 1314 1629 1376 in
1658 1312 1983 1399 republica
2019 1326 2248 1389 essent,

142 1396 285 1463 laeti
316 1424 675 1488 accepere:
723 1401 811 1478 id,
842 1402 1017 1488 quod
1046 1401 1279 1477 evenit,
1308 1400 1615 1475 futurum,
1645 1398 1856 1476 creda,
1888 1399 2081 1463 etiam
2109 1398 2250 1475 rati,

147 1498 215 1547 ut
250 1508 407 1550 mox
456 1510 623 1575 opes
664 1510 905 1564 eorum,
988 1488 1055 1553 ui
1095 1498 1475 1574 praeessent,
1513 1485 1634 1571 ipsi
1676 1484 1882 1549 honor
1919 1484 2018 1549 ius
2059 1484 2254 1549 maie-

102 1582 503 1659 9statemque
539 1573 913 1639 adiicerent.
1037 1586 1064 1637 t
1086 1572 1343 1649 tribuni,
1362 1572 1463 1658 (id
1486 1570 1662 1658 quod
1685 1582 1844 1637 tunc
1867 1570 2031 1656 erat)
2053 1571 2254 1657 magis

146 1660 595 1737 necessariam,
628 1682 825 1746 quam
868 1659 1132 1747 speciosi
1173 1658 1506 1723 ministerii
1534 1657 2042 1745 procurationem
2083 1657 2254 1721 intu-

148 1756 343 1821 ente&
364 1768 451 1809 ne
484 1747 563 1810 in
592 1747 803 1833 parvis
832 1768 1087 1833 quoque
1108 1746 1297 1809 rebus
1325 1742 1729 1809 incommode
1753 1743 2252 1819 adversarentur,

148 1825 315 1893 haud
343 1854 505 1897 sane
538 1832 893 1897 tetendere.
990 1830 1213 1905 Quum
1242 1854 1281 1895 a
1307 1830 1687 1917 primoribus
1709 1830 1977 1895 civitatis
2006 1842 2254 1916 spretus

152 1910 351 1980 honor
378 1932 579 1997 esset,
612 1918 939 2004 Papirium
973 1916 1568 2004 Semproniumque,
1647 1938 1875 1981 uorum
1903 1915 1984 1980 de
2026 1938 2254 1980 consu·—

156 1996 283 2064 latu
310 2003 680 2081 dubitatur,
712 2019 785 2068 ut
814 2028 893 2069 eo
920 2004 1287 2091 magistratu
1306 2024 1531 2089 parum
1560 2024 1629 2067 so
1657 2002 1831 2066 'dum
1853 2000 2254 2067 consulatum

156 2086 507 2171 explerent,
531 2090 757 2155 censui
774 2089 1023 2177 agendo
1052 2088 1325 2177 populus
1342 2088 1652 2174 suffragiis
1680 2088 1999 2174 praefecit.
2079 2087 2257 2152 Cen·-

154 2192 317 2237 sores
344 2176 429 2240 ab
456 2200 531 2243 re
564 2175 866 2263 appellati
894 2189 1058 2241 sunt.

237 2258 421 2327 Dum
466 2264 635 2328 haec
681 2263 925 2328 Romae
969 2273 1296 2348 geruntur,
1342 2259 1536 2347 legati
1579 2259 1659 2323 ab
1704 2260 1924 2323 Ardea
1965 2259 2253 2337 veniunt,
2400 2266 2458 2327 9.

159 2362 269 2439 pro
305 2352 654 2414 veterrima
695 2349 991 2413 societate
1026 2360 1453 2432 renovatoque
1492 2344 1748 2411 foedere
1794 2346 2055 2422 recenti,
2096 2366 2255 2410 aux·
2273 2349 2564 2423 srdeatium

162 2427 335 2496 llium
360 2456 571 2523 prope
602 2457 854 2499 eversae
882 2434 1027 2498 urbi
1064 2432 1489 2519 implorantes·
1582 2430 1735 2493 Frui
1772 2452 2048 2529 namque
2077 2454 2254 2518 pace,
2275 2416 2560 2524 &5³23ss

164 2516 397 2599 optimo
432 2520 706 2587 consilio
734 2544 882 2585 cum
910 2518 1148 2607 populo
1190 2518 1485 2581 Romano
1513 2528 1775 2593 servata,
1805 2538 1923 2602 per
1958 2518 2262 2581 intestina

164 2622 331 2668 arma
364 2629 503 2673 non
538 2606 722 2671 licuit
739 2632 781 2683 ;.
804 2627 1076 2693 quorum
1112 2626 1299 2669 causa
1340 2616 1407 2667 at
1452 2624 1534 2666 ue
1573 2601 1830 2666 initium
1867 2600 2136 2665 traditur
2177 2624 2258 2667 ex

168 2693 507 2759 certamine
544 2693 894 2757 factionum
923 2704 1169 2756 ortum:
1218 2711 1381 2776 quae
1406 2626 1588 2753 ‘tinere
1629 2699 1948 2775 eruntque
1973 2686 2262 2775 pluribus

170 2776 414 2859 populis
472 2780 676 2866 magis
733 2778 953 2854 exitio,
1002 2799 1195 2863 quam
1253 2773 1421 2839 bella.
1476 2786 1762 2850 externa,
1811 2796 2004 2861 quam
2061 2773 2260 2839 fames

174 2862 467 2943 morbive,
489 2886 785 2954 quaeque
808 2864 933 2929 alia
946 2864 1017 2927 in
1038 2862 1231 2927 deum
1252 2862 1391 2937 iras,
1416 2860 1593 2926 velut
1613 2859 1836 2925 ultima
1855 2860 2260 2947 publicorum

136 2964 155 2997 1
174 2945 495 3031 malorum,
515 2964 791 3017 vertunt.
869 2948 1202 3036 Virginem
1219 2947 1451 3035 plebeii
1474 2946 1745 3034 generi&
1765 2948 2040 3013 maxime
2057 2946 2262 3011 forma

241 3150 272 3191 4
309 3136 629 3187 Publium-mn
664 3139 745 3185 im
782 3136 1183 3197 privatorum
1322 3144 1349 3195 7
1383 3132 1760 3194 mutuamque]
1818 3130 2120 3179 Tabularum
2153 3136 2258 3179 tam

174 3193 401 3260 ἱοωηιω]
452 3202 725 3251 Censor-um
759 3204 863 3248 erat
896 3198 1028 3246 urbis
1060 3204 1182 3245 tem-
1248 3196 1656 3245 conficiendarum
1671 3209 1819 3255 quam
1835 3194 2261 3242 custodiendarum

180 3258 274 3318 1³1⁸,
296 3262 413 3323 via-⁸,
432 3280 588 3326 aquas
609 3264 761 3312 tueri:
799 3277 969 3311 cavere
998 3276 1061 3310 ne
1091 3259 1184 3322 pri-
1249 3275 1379 3308 cura.
1403 3260 1618 3307 Srnn’rn.
1675 3258 1773 3305 Sed
1794 3258 2131 3319 custodiaeque
2145 3257 2261 3306 Cre-

179 3322 273 3369 Vati
309 3326 435 3388 loca,
476 3344 601 3390 quae
634 3326 819 3389 publici
856 3332 1017 3374 essent
1052 3324 1187 3383 iuris,
1252 3323 1401 3371 vierio
1422 3321 1663 3397 displicet.
2219 3384 2230 3397 ⁶

178 3398 433 3505 titiam.
447 3394 1187 3505 acffzffmgdmdffffiffxmffi
1254 3386 1353 3499 Ius8
1374 3384 2009 3508 sssfflgdqnauiossnffla'
2035 3447 2068 3495 i.
2091 3462 2137 3495 e.
2166 3384 2265 3508 qli}

184 3517 457 3568 muneribus
478 3519 585 3567 vide
608 3518 713 3569 Cic.
740 3519 802 3567 de
825 3519 970 3578 Legg.
994 3515 1061 3564 iii.
1088 3530 1131 3577 3.
1249 3513 1437 3562 ratione
1497 3510 1704 3573 quisque
1766 3511 2036 3559 censendus
2098 3516 2225 3559 esset
2250 3528 2264 3568 ς

244 3590 271 3637 5
302 3583 407 3631 Per
436 3585 608 3632 multon
635 3583 816 3641 annos]
866 3582 963 3629 Per
993 3584 1185 3641 septen·
1250 3592 1397 3639 quam
1431 3574 1483 3623 in
1517 3575 1716 3632 tribum,
1737 3588 1884 3634 quam
1915 3573 1966 3647 in
1994 3574 2262 3621 centuriam

187 3638 335 3691 decim
356 3660 539 3695 annos:
572 3661 751 3707 nempe
778 3660 811 3693 a
834 3644 1093 3693 consulatu
1116 3642 1183 3699 Q..
1248 3640 1560 3697 referendum
1579 3638 1825 3700 quomodo
1841 3638 2170 3685 aestimandus
2181 3653 2264 3687 cu-

190 3698 323 3754 Fabii
350 3715 399 3757 et
422 3710 480 3759 L.
502 3708 736 3767 Cornelii,
756 3709 890 3771 quod
911 3708 1087 3755 diserte
1115 3711 1185 3753 te-
1248 3704 1421 3765 iusque
1442 3718 1632 3760 census,
1653 3706 1746 3750 etc.
1781 3701 1938 3750 ΟΜΝ.

190 3770 335 3817 statur
356 3772 504 3823 Dion.
530 3774 594 3823 xi.
618 3773 697 3833 63.
734 3774 895 3821 Car-zv.
962 3770 1079 3819 Vox
1110 3771 1185 3818 in-
1321 3782 1353 3831 9
1393 3768 1564 3827 Magri-s
1601 3766 1938 3821 necessariam
1971 3782 2118 3828 quam
2157 3780 2264 3826 spe-

191 3842 353 3883 oemm
370 3852 498 3901 supr.
520 3838 555 3885 i.
576 3854 653 3898 44.
678 3836 901 3884 occurrit.
1251 3832 1392 3890 οἰοιί]
1452 3829 1708 3889 Sententia
1739 3833 1844 3877 est:
1883 3828 2066 3877 tribuni
2097 3841 2265 3876 sectun

251 3890 281 3943 6
309 3902 385 3947 Ab
405 3903 606 3960 senam]
644 3902 723 3949 Ab
742 3900 1022 3949 oonsulibus
1042 3898 1099 3945 in
1119 3912 1189 3945 20-
1254 3900 1538 3959 reputantes
1589 3892 1743 3955 magis
1795 3893 2116 3941 necemus-ium
2163 3904 2266 3937 esse

192 3964 309 4007 ”atu
324 3962 523 4027 Pighius
543 3964 803 4027 legendum
823 3962 945 4020 vult,
957 3961 1042 4009 sed
1060 3960 1189 4020 hanc
1252 3958 1461 4017 censoris
1493 3972 1689 4015 munus,
1713 3970 1863 4017 quam
1896 3970 2126 4020 magnam
2159 3966 2265 4014 spe-

198 4026 498 4076 mutationem
532 4034 716 4077 temere
751 4026 1047 4099 propositam
1078 4038 1188 4073 cen-
1255 4024 1381 4072 ciem
1403 4036 1520 4084 prae
1541 4036 1594 4069 se
1615 4020 1754 4070 ferre.
1789 4020 2003 4068 Srnorn.

196 4088 265 4131 ὀὶ
286 4086 481 4141 Niebhr.
504 4091 553 4140 ii.
574 4108 623 4139 n.
649 4090 755 4153 506.
783 4104 867 4152 qui
900 4094 1123 4145 senatum
1155 4102 1188 4135 a
1329 4101 1348 4135 1
1404 4088 1650 4147 Vir-qinom
1686 4084 1867 4146 plebeis·
1905 4080 2148 4151 penori-51.
2187 4076 2270 4124 De

194 4153 405 4205 Wribm
432 4155 515 4204 hic
548 4156 695 4219 plane
728 4151 955 4215 distingui
987 4151 1188 4210 iudicat,
1252 4149 1490 4199 similibus
1505 4148 1798 4199 seditionum
1817 4146 1973 4193 causis
1995 4144 2054 4191 ef.
2067 4142 2267 4214 aristot.

202 4218 247 4257 ⁸¹·
268 4225 445 4277 potres,
466 4234 587 4281 quos
606 4220 763 4267 laetos
782 4215 1026 4279 accepisse
1047 4215 1187 4263 illam
1255 4214 1365 4263 Pol.
1388 4230 1433 4263 ν.
1459 4228 1502 4275 3.
1569 4208 1760 4260 villani
1783 4208 1943 4257 Storia
1961 4208 2024 4254 de
2048 4204 2264 4251 Firenze.

202 4286 293 4350 ren}
325 4280 542 4344 legimus,
566 4282 795 4346 patricios
825 4280 959 4343 apud
992 4278 1191 4329 comitia
1256 4294 1298 4327 v.
1327 4279 1401 4339 38.

204 4348 370 4393 cunata
388 4346 546 4396 fixisse.
