3000 4784
808 238 1003 307 LIB.
1048 238 1239 305 VIII.
1308 238 1530 305 CAP.
1579 246 1642 310 8.
2146 244 2276 311 457

124 376 439 461 ignarus
462 374 575 439 fati
602 374 953 461 futurique,
984 373 1123 439 laus
1150 396 1233 439 an
1261 396 1471 461 poena
1498 376 1727 441 merita
1758 388 1943 455 esset,
1989 385 2010 416 ‘
2035 376 2131 442 Ut
2171 400 2278 443 me
2299 401 2367 453 U.
2389 402 2448 453 c,
2473 416 2583 466 4¹5·

127 461 442 538 omnes‚'
458 461 711 547 .inquit,
770 468 789 499 ⁶
808 472 1007 547 pater,
1052 472 1161 525 tuo
1202 462 1512 548 sanguine
1558 474 1769 527 ortum
1819 486 1966 529 vere
2017 462 2276 541 ferrent,
2297 467 2357 517 A.
2391 468 2450 518 C·
2477 480 2586 530 337-

130 555 165 585 ⁶
342 558 599 611 vocatus
622 568 659 609 e
706 546 941 611 uestria
955 545 1115 611 haec
1132 546 1334 632 spolia
1348 562 1538 634 capta
1553 570 1636 612 ex
1653 548 1836 613 hoste
1853 572 2036 615 caeso
2051 550 2280 638 porto.'

140 568 385 707 (Eigd
424 632 534 697 ubi
572 568 817 697 audivit
854 632 1097 709 consul,
1129 632 1473 719 extemplo,
1505 634 1710 699 filium
1751 650 2089 714 aversatus,
2125 658 2278 701 con·
2295 657 2342 706 A
2365 661 2503 719 patre
2524 672 2594 705 ιο-

128 718 432 783 cionem
454 718 711 784 classico
734 718 1023 783 advocari
1044 718 1241 783 iussit.
1298 718 1483 793 Quae
1503 720 1614 785 ubi
1635 720 1936 822 frequens
1957 723 2274 798 convenit,
2295 720 2396 793 qun-i
2420 736 2589 783 pereu-

136 812 169 843 ‘
210 804 679 891 Quandoque‚’
706 803 937 891 inquit,
987 812 1007 841 ⁶
1024 818 1115 881 tu,
1148 804 1227 869 T.
1250 802 1481 883 Manli,
1513 828 1726 892 neque
1754 808 2096 895 imperium
2125 832 2280 874 con·
2295 789 2430 833 atur.

140 899 169 929 ‘
200 890 451 968 sulare,
480 914 695 977 neque
739 890 1131 955 maiestatem
1174 891 1443 977 patriam
1476 892 1735 970 veritus,
1767 894 2062 958 adversus
2107 896 2281 960 edic-

140 985 169 1015 ‘
202 990 361 1040 tum
391 990 677 1041 nostrum
706 990 888 1041 extra
914 976 1204 1041 ordinem
1234 976 1304 1040 in
1332 976 1582 1043 hostem
1611 980 1927 1066 pugnasti,
1961 994 2044 1058 et,
2123 1004 2282 1045 uan-

144 1072 173 1100 ‘
204 1076 361 1127 tum
406 1063 475 1126 in
514 1078 577 1127 te
616 1062 755 1139 fuit,
794 1061 1193 1148 disciplinam
1223 1062 1582 1141 militarem,
1616 1088 1744 1151 qua
1775 1066 1956 1129 stetit
1993 1067 2078 1131 ad
2159 1090 2280 1131 anc

142 1157 171 1187 ‘
202 1148 397 1211 diem
443 1148 737 1212 Romana
778 1170 897 1225 res,
940 1146 1201 1223 solvisti,
1244 1170 1475 1247 meque
1530 1150 1600 1213 in
1645 1173 1786 1215 eam
1833 1154 2278 1217 necessitatem

144 1244 173 1273 ‘
202 1234 561 1312 adduxisti,
604 1247 679 1299 ut
723 1247 834 1299 aut
877 1232 1259 1320 reipublicae
1306 1234 1483 1311 m1hi,
1530 1248 1641 1299 aut
1687 1236 1814 1299 mei
1861 1259 2278 1323 meorumque

145 1331 174 1359 ‘
206 1320 723 1384 obliviscendum
768 1320 889 1395 sit3
952 1341 1069 1383 nos
1110 1320 1325 1405 potius
1367 1334 1583 1385 nostro
1627 1321 1861 1387 delicto
1904 1322 2277 1409 plectemur,

148 1416 177 1445 ‘
206 1428 417 1555 qnam
466 1405 822 1492 respublica
872 1417 1049 1469 tanto
1098 1427 1214 1469 suo
1262 1405 1497 1470 damno
1550 1420 1766 1471 nostra
1815 1421 2078 1495 peccata
2123 1408 2274 1473 luat.

148 1502 175 1531 ‘
280 1491 435 1556 riste
472 1491 856 1577 exemplum,
888 1490 1002 1555 sed
1035 1491 1105 1555 in
1138 1504 1463 1577 posterum
1500 1492 1748 1557 salubre
1785 1494 2122 1572 iuventuti,
2155 1495 2281 1559 eri-

146 1588 173 1617 ‘
204 1600 377 1642 mus·
472 1578 587 1642 Me
637 1578 899 1664 quidem
946 1600 1147 1664 quum
1194 1576 1481 1663 ingenita
1526 1579 1750 1643 caritas
1799 1579 2092 1658 liberum,
2140 1594 2278 1645 tum

148 1674 175 1703 ‘
204 1664 541 1751 specimen
584 1663 757 1728 istud
799 1664 1066 1741 virtutis,
1099 1662 1440 1749 deceptum
1484 1687 1648 1729 vana
1691 1665 1966 1752 imagine
2009 1666 2276 1743 decoris,

149 1761 174 1789 ‘
206 1751 285 1813 in
342 1762 403 1813 te
448 1762 677 1814 movet.
774 1748 905 1813 Sed
933 1770 1135 1837 quum
1185 1763 1297 1813 aut
1346 1764 1550 1814 morte
1605 1764 1714 1815 tua
1763 1752 2108 1817 sancienda
2149 1752 2280 1817 sint

152 1846 179 1875 ‘
205 1834 551 1901 consulum
603 1835 886 1921 imperia,
940 1848 1051 1899 aut
1106 1833 1488 1921 impunitate
1541 1836 1611 1901 in
1661 1850 2042 1925 perpetuum
2095 1839 2278 1903 abro-

154 1931 181 1961 ‘
206 1921 468 2009 ganda3
515 1943 599 1985 ne
640 1934 703 1985 te
734 1920 1017 2007 quidem,
1049 1921 1101 1984 si
1138 1921 1297 2005 quid
1337 1922 1405 1985 in
1448 1936 1512 1987 te
1551 1924 1750 1987 nostri
1793 1926 2118 2011 sanguinis
2158 1936 2274 2003 est,

156 2018 183 2047 ‘
208 2030 509 2073 recusare
552 2029 868 2085 censeam,
898 2007 1056 2094 quin
1097 2007 1495 2094 disciplinam
1541 2009 1901 2086 militarem,
1933 2010 2123 2096 culpa
2166 2024 2278 2075 tua

157 2104 181 2134 ‘
256 2092 594 2180 relapsam,
634 2115 845 2179 poena
888 2094 1196 2157 restituas
1291 2092 1343 2169 I,
1386 2092 1590 2169 lictor,
1633 2093 1846 2181 deliga
1889 2095 1974 2159 ad
2018 2096 2276 2181 palum.’

229 2180 543 2244 xanimati
574 2201 795 2244 omnes
826 2191 953 2242 tam
983 2179 1179 2242 atroci
1210 2178 1497 2265 imperio,
1524 2199 1644 2243 nec
1673 2179 1856 2243 aliter
1885 2202 2078 2265 quam
2107 2181 2174 2244 in
2205 2204 2274 2245 se

156 2267 445 2355 quisque
493 2264 855 2330 destrictam
902 2276 1234 2329 cernentes
1278 2264 1570 2341 securim,
1607 2276 1783 2327 metu
1829 2265 2048 2349 magiS,
2081 2288 2276 2352 quam

106 2370 137 2419 7
156 2352 503 2428 modestia,
536 2352 852 2437 quievere.
943 2349 1191 2435 Itaque,
1222 2347 1397 2414 velut
1440 2372 1686 2415 emerso
1729 2350 1810 2414 ab
1853 2350 2272 2417 admiratione

158 2439 406 2515 animo,
439 2459 637 2523 quum
684 2436 935 2501 silentio
982 2435 1181 2499 defixi
1227 2435 1567 2512 stetissent,
1607 2446 1894 2522 repente,
1934 2451 2272 2524 postquam

158 2524 417 2589 cervice
447 2544 629 2587 caesa
654 2522 829 2587 fusus
857 2535 955 2586 est
982 2544 1187 2599 cruor,
1219 2534 1357 2585 tum
1391 2521 1593 2586 libero
1629 2534 1983 2608 conquestu
2019 2537 2270 2588 coortae

160 2632 359 2674 voces
396 2621 565 2687 sunt,
598 2620 669 2672 ut
708 2630 919 2693 neque
959 2606 1271 2683 lamentis,
1303 2630 1516 2693 neque
1553 2608 2095 2673 exsecrationibus
2129 2631 2274 2696 par-

162 2708 457 2761 ceretur:
528 2694 868 2793 spoliisque
928 2705 1293 2757 contectum
1352 2693 1601 2757 iuvenis
1659 2716 1906 2780 corpuS,
1959 2710 2271 2779 quantum

162 2781 549 2845 militaribus
586 2780 812 2845 studiis
838 2780 1029 2844 funus
1070 2778 1273 2843 ullum
1313 2778 1740 2844 concelebrari
1775 2791 2002 2866 potest,
2033 2794 2274 2846 structo

113 2881 357 2933 sextra
396 2866 634 2931 vallum
670 2888 827 2953 rogo
864 2879 1285 2929 cremaretur:
1336 2862 1795 2952 Manlianaque
1837 2866 2104 2953 imperia
2142 2889 2272 2931 non

168 2956 237 3019 in
276 2952 635 3041 praesentia
668 2952 861 3017 modo
894 2951 1231 3028 horrenda,
1262 2951 1377 3015 sed
1416 2951 1696 3039 exempli
1737 2953 1930 3017 etiam
1971 2953 2166 3018 tristis
2203 2953 2274 3019 in

164 3055 495 3129 posterum
528 3051 755 3103 essent.

259 3125 443 3189 Fecit
484 3138 700 3189 tamen
742 3124 1033 3188 atrocitas
1079 3145 1321 3209 poenae
1368 3124 1869 3189 obedientiorem
1914 3125 2064 3190 duci
2107 3125 2276 3189 mili·
2417 3130 2478 3189 8.

168 3226 345 3277 tem:
396 3224 480 3288 et,
512 3224 951 3298 praeterquam
1042 3208 1173 3273 uod
1216 3209 1541 3274 custodiae
1581 3210 1831 3296 vigiliae
1883 3233 1962 3273 ue
2007 3223 2075 3274 et
2119 3211 2273 3274 ordo

168 3297 521 3363 stationum
561 3296 919 3361 intentioris
963 3319 1008 3359 u
1051 3296 1202 3381 ique
1243 3318 1429 3359 curae
1472 3307 1670 3370 erant,
1703 3295 1770 3358 in
1883 3295 2038 3359 timo
2083 3296 2275 3359 etiam

169 3384 543 3460 certamine,
576 3405 774 3469 quum
804 3381 1180 3447 descensum
1216 3381 1284 3445 in
1320 3381 1523 3445 aciem
1552 3393 1668 3456 est,
1701 3402 1777 3444 ea
1803 3380 2100 3444 severitas
2128 3402 2276 3467 pro-

168 3471 311 3534 fuit.
407 3468 556 3534 Fuit
584 3483 797 3533 autem
828 3468 998 3532 civili
1038 3467 1312 3531 maxime
1348 3466 1517 3531 bello
1551 3488 1768 3553 pugna
1801 3464 2062 3529 similis:
2113 3466 2275 3531 adeo

168 3556 337 3619 nihil
358 3555 532 3643 apud
554 3554 819 3619 Latinos
840 3553 1165 3618 dissonum
1188 3555 1267 3618 ab
1294 3552 1588 3617 Romana
1616 3576 1706 3629 re,
1729 3564 1980 3651 praeter
2011 3553 2274 3629 animoa,

123 3667 154 3715 9
172 3655 327 3707 erat.
424 3640 671 3728 Clipeis
712 3652 903 3704 antea
946 3640 1224 3703 Romani
1268 3640 1364 3703 usi
1408 3651 1598 3703 sunt:
1646 3636 1902 3715 demde,
1938 3652 2275 3725 postquam

249 3840 277 3889 7
329 3830 473 3877 Velut
526 3842 707 3877 emerso
759 3826 821 3874 ab
876 3825 1197 3873 admiratione
1260 3839 1353 3885 que
1386 3838 1469 3871 voe
1499 3823 1760 3884 imperium
1789 3837 1968 3882 meum,
1988 3821 2040 3871 id
2061 3822 2194 3884 quod
2218 3823 2278 3871 A.

174 3894 365 3952 animo]
417 3892 563 3941 Haec
591 3904 705 3939 cum
727 3888 903 3947 verbis,
923 3895 1028 3936 eum
1048 3889 1199 3937 libero
1263 3886 1403 3935 Maio
1424 3886 1641 3935 maxime
1662 3885 1858 3935 arridet.

384 3962 443 4003 tu
453 3962 643 4004 coortae
652 3952 1059 4013 vocoe,iungenda
1068 3958 1196 3999 sunt.
1326 3964 1358 4014 9
1392 3950 1598 4011 Clipeis]
1637 3948 1860 3998 Rotundi
1883 3949 2102 4009 quidem,
2128 3949 2279 4009 Argo-

242 4022 273 4068 8
304 4020 675 4081 Manlianaque
696 4018 929 4079 imperia]
968 4015 1028 4063 cf.
1048 4015 1197 4063 Dion.
1263 4013 1361 4061 lica
1413 4014 1587 4071 forma,
1628 4012 1724 4061 toti
1777 4028 1839 4061 ex
1889 4027 2002 4061 aere
2055 4009 2280 4059 confecti.

179 4082 309 4131 Exc.
346 4082 465 4131 Vat.
500 4096 577 4145 29·
667 4080 804 4129 Huic
852 4079 1047 4128 Manlio
1098 4078 1199 4127 Dio
1262 4079 1413 4125 Scuta
1450 4082 1618 4125 autem
1662 4077 1890 4139 oblonga,
1923 4074 1996 4123 ita
2033 4080 2088 4122 ut
2119 4079 2280 4121 totum

177 4146 405 4195 attribuit
448 4160 560 4194 eam
602 4144 890 4202 orationem,
924 4158 1073 4205 quam
1117 4158 1201 4204 ap.
1265 4156 1442 4202 eorpus
1489 4146 1816 4202 protegerent,
1860 4136 2121 4187 viminibus
2167 4151 2280 4184 con-

182 4210 289 4259 Liv.
313 4210 425 4259 infr.
443 4210 575 4257 xxvi.
595 4224 673 4257 22.
694 4208 920 4271 legimus,
938 4223 1097 4270 neque
1116 4222 1203 4267 eoo
1265 4210 1405 4253 texta
1440 4208 1492 4251 et
1524 4202 1654 4251 corio
1691 4206 1938 4265 cooperta,
1971 4216 2084 4250 aere
2115 4205 2280 4249 tamen

182 4282 361 4324 venero·
382 4288 537 4323 mores
556 4274 728 4323 consul
744 4274 891 4333 forre
913 4278 1100 4334 poter-0,
1120 4286 1201 4321 ne-
1268 4267 1397 4317 circa
1418 4282 1554 4316 oram
1577 4267 1786 4317 firmata.
