<?xml version="1.0" encoding="UTF-8"?>
<!DOCTYPE html PUBLIC "-//W3C//DTD XHTML 1.0 Transitional//EN"
    "http://www.w3.org/TR/xhtml1/DTD/xhtml1-transitional.dtd">
<html xmlns="http://www.w3.org/1999/xhtml" xml:lang="en" lang="en">
 <head>
  <title>
</title>
<meta http-equiv="Content-Type" content="text/html;charset=utf-8" />
  <meta name='ocr-system' content='tesseract 3.04.00' />
  <meta name='ocr-capabilities' content='ocr_page ocr_carea ocr_par ocr_line ocrx_word'/>
</head>
<body>
  <div class='ocr_page' id='page_1' title='image "./tliviipatavinih10unkngoog_0439.png"; bbox 0 0 3000 4784; ppageno 0'>
   <div class='ocr_carea' id='block_1_1' title="bbox 808 208 2274 281">
    <p class='ocr_par' dir='ltr' id='par_1_1' title="bbox 808 208 2274 281">
     <span class='ocr_line' id='line_1_1' title="bbox 808 208 2274 281; baseline 0.004 -6"><span class='ocrx_word' id='word_1_1' title='bbox 808 208 999 277; x_wconf 89' lang='lat' dir='ltr'><strong>LIB.</strong></span> <span class='ocrx_word' id='word_1_2' title='bbox 1048 210 1201 278; x_wconf 89' lang='lat' dir='ltr'><strong>VII.</strong></span> <span class='ocrx_word' id='word_1_3' title='bbox 1264 211 1487 277; x_wconf 86' lang='lat' dir='ltr'><strong>CAP.</strong></span> <span class='ocrx_word' id='word_1_4' title='bbox 1537 216 1640 278; x_wconf 84' lang='lat'><strong>26.</strong></span> <span class='ocrx_word' id='word_1_5' title='bbox 2145 220 2274 281; x_wconf 83' lang='lat'><strong>425</strong></span> 
     </span>
    </p>
   </div>
   <div class='ocr_carea' id='block_1_2' title="bbox 98 340 2606 3273">
    <p class='ocr_par' dir='ltr' id='par_1_2' title="bbox 98 340 2606 3273">
     <span class='ocr_line' id='line_1_2' title="bbox 120 340 2580 428; baseline 0.004 -23"><span class='ocrx_word' id='word_1_6' title='bbox 120 340 553 428; x_wconf 89' lang='lat' dir='ltr'><strong>populorum</strong></span> <span class='ocrx_word' id='word_1_7' title='bbox 600 342 979 409; x_wconf 85' lang='lat' dir='ltr'><strong>Latinorum</strong></span> <span class='ocrx_word' id='word_1_8' title='bbox 1028 346 1111 409; x_wconf 89' lang='lat' dir='ltr'><strong>ad</strong></span> <span class='ocrx_word' id='word_1_9' title='bbox 1162 345 1379 411; x_wconf 89' lang='lat' dir='ltr'><strong>lucum</strong></span> <span class='ocrx_word' id='word_1_10' title='bbox 1426 346 1806 411; x_wconf 81' lang='lat' dir='ltr'><strong>Ferentinae</strong></span> <span class='ocrx_word' id='word_1_11' title='bbox 1852 344 2105 413; x_wconf 85' lang='lat' dir='ltr'><strong>habita:</strong></span> <span class='ocrx_word' id='word_1_12' title='bbox 2172 370 2276 414; x_wconf 89' lang='lat' dir='ltr'><strong>re·</strong></span> <span class='ocrx_word' id='word_1_13' title='bbox 2294 364 2363 414; x_wconf 82' lang='lat' dir='ltr'><strong>U.</strong></span> <span class='ocrx_word' id='word_1_14' title='bbox 2387 362 2446 413; x_wconf 80' lang='lat' dir='ltr'><strong>c,</strong></span> <span class='ocrx_word' id='word_1_15' title='bbox 2469 363 2580 425; x_wconf 76' lang='lat'>406.</span> 
     </span>
     <span class='ocr_line' id='line_1_3' title="bbox 122 426 2584 518; baseline 0.003 -27"><span class='ocrx_word' id='word_1_16' title='bbox 122 450 161 491; x_wconf 87' lang='lat' dir='ltr'><strong>s</strong></span> <span class='ocrx_word' id='word_1_17' title='bbox 264 451 605 515; x_wconf 85' lang='lat' dir='ltr'><strong>usumque</strong></span> <span class='ocrx_word' id='word_1_18' title='bbox 637 430 811 494; x_wconf 88' lang='lat' dir='ltr'><strong>haud</strong></span> <span class='ocrx_word' id='word_1_19' title='bbox 840 432 1209 517; x_wconf 87' lang='lat' dir='ltr'><strong>ambiguum</strong></span> <span class='ocrx_word' id='word_1_20' title='bbox 1231 432 1690 518; x_wconf 79' lang='lat' dir='ltr'><strong>imperantibus</strong></span> <span class='ocrx_word' id='word_1_21' title='bbox 1711 432 1943 498; x_wconf 82' lang='lat' dir='ltr'><strong>milites</strong></span> <span class='ocrx_word' id='word_1_22' title='bbox 1968 434 2276 499; x_wconf 87' lang='lat' dir='ltr'><strong>Romanis</strong></span> <span class='ocrx_word' id='word_1_23' title='bbox 2293 430 2356 479; x_wconf 63' lang='grc' dir='ltr'><strong>Α·</strong></span> <span class='ocrx_word' id='word_1_24' title='bbox 2389 428 2449 478; x_wconf 79' lang='lat'><strong>0·</strong></span> <span class='ocrx_word' id='word_1_25' title='bbox 2475 426 2584 490; x_wconf 81' lang='lat'><strong>346·</strong></span> 
     </span>
     <span class='ocr_line' id='line_1_4' title="bbox 180 516 2272 607; baseline 0.004 -30"><span class='ocrx_word' id='word_1_26' title='bbox 180 528 415 591; x_wconf 87' lang='lat' dir='ltr'><strong>atum,</strong></span> <span class='ocrx_word' id='word_1_27' title='bbox 466 524 485 553; x_wconf 92' lang='lat'>‘</span> <span class='ocrx_word' id='word_1_28' title='bbox 506 516 883 581; x_wconf 84' lang='lat' dir='ltr'><strong>absisterent</strong></span> <span class='ocrx_word' id='word_1_29' title='bbox 918 517 1230 603; x_wconf 87' lang='lat' dir='ltr'><strong>imperare</strong></span> <span class='ocrx_word' id='word_1_30' title='bbox 1271 518 1367 596; x_wconf 84' lang='lat' dir='ltr'><strong>iis,</strong></span> <span class='ocrx_word' id='word_1_31' title='bbox 1399 541 1672 605; x_wconf 88' lang='lat' dir='ltr'><strong>quorum</strong></span> <span class='ocrx_word' id='word_1_32' title='bbox 1713 520 1950 584; x_wconf 82' lang='lat' dir='ltr'><strong>auxilio</strong></span> <span class='ocrx_word' id='word_1_33' title='bbox 1993 534 2272 607; x_wconf 84' lang='lat' dir='ltr'><strong>egerent.</strong></span> 
     </span>
     <span class='ocr_line' id='line_1_5' title="bbox 130 599 2274 693; baseline 0.003 -29"><span class='ocrx_word' id='word_1_34' title='bbox 130 608 157 637; x_wconf 87' lang='lat'>‘</span> <span class='ocrx_word' id='word_1_35' title='bbox 182 599 486 665; x_wconf 85' lang='lat' dir='ltr'><strong>Latinos</strong></span> <span class='ocrx_word' id='word_1_36' title='bbox 514 624 632 689; x_wconf 89' lang='lat' dir='ltr'><strong>pro</strong></span> <span class='ocrx_word' id='word_1_37' title='bbox 658 625 775 667; x_wconf 87' lang='lat' dir='ltr'><strong>sua</strong></span> <span class='ocrx_word' id='word_1_38' title='bbox 799 602 1089 667; x_wconf 84' lang='lat' dir='ltr'><strong>libertate</strong></span> <span class='ocrx_word' id='word_1_39' title='bbox 1118 604 1347 689; x_wconf 88' lang='lat' dir='ltr'><strong>potius,</strong></span> <span class='ocrx_word' id='word_1_40' title='bbox 1424 628 1574 669; x_wconf 94' lang='lat' dir='ltr'><strong>uam</strong></span> <span class='ocrx_word' id='word_1_41' title='bbox 1603 628 1719 693; x_wconf 91' lang='lat' dir='ltr'><strong>pro</strong></span> <span class='ocrx_word' id='word_1_42' title='bbox 1747 605 1956 670; x_wconf 89' lang='lat' dir='ltr'><strong>alieno</strong></span> <span class='ocrx_word' id='word_1_43' title='bbox 1986 606 2274 693; x_wconf 89' lang='lat' dir='ltr'><strong>imperio,</strong></span> 
     </span>
     <span class='ocr_line' id='line_1_6' title="bbox 130 686 2274 768; baseline 0.003 -18"><span class='ocrx_word' id='word_1_44' title='bbox 130 696 155 725; x_wconf 84' lang='lat'>‘</span> <span class='ocrx_word' id='word_1_45' title='bbox 182 686 453 751; x_wconf 76' lang='lat' dir='ltr'><strong>latums</strong></span> <span class='ocrx_word' id='word_1_46' title='bbox 492 689 704 753; x_wconf 87' lang='lat' dir='ltr'><strong>arma.&#39;</strong></span> <span class='ocrx_word' id='word_1_47' title='bbox 792 688 971 754; x_wconf 87' lang='lat' dir='ltr'><strong>Inter</strong></span> <span class='ocrx_word' id='word_1_48' title='bbox 1005 688 1135 753; x_wconf 91' lang='lat' dir='ltr'><strong>duo</strong></span> <span class='ocrx_word' id='word_1_49' title='bbox 1172 690 1361 753; x_wconf 89' lang='lat' dir='ltr'><strong>simul</strong></span> <span class='ocrx_word' id='word_1_50' title='bbox 1475 690 1562 755; x_wconf 86' lang='lat' dir='ltr'><strong>lla</strong></span> <span class='ocrx_word' id='word_1_51' title='bbox 1599 702 1884 768; x_wconf 86' lang='lat' dir='ltr'><strong>externa,</strong></span> <span class='ocrx_word' id='word_1_52' title='bbox 1917 691 2274 757; x_wconf 85' lang='lat' dir='ltr'><strong>defectione</strong></span> 
     </span>
     <span class='ocr_line' id='line_1_7' title="bbox 132 773 2277 863; baseline 0.003 -26"><span class='ocrx_word' id='word_1_53' title='bbox 132 773 363 837; x_wconf 86' lang='lat' dir='ltr'><strong>etiam</strong></span> <span class='ocrx_word' id='word_1_54' title='bbox 412 774 728 839; x_wconf 88' lang='lat' dir='ltr'><strong>sociorum</strong></span> <span class='ocrx_word' id='word_1_55' title='bbox 774 788 1029 839; x_wconf 87' lang='lat' dir='ltr'><strong>senatus</strong></span> <span class='ocrx_word' id='word_1_56' title='bbox 1074 776 1321 854; x_wconf 76' lang='lat' dir='ltr'><strong>anxiuS,</strong></span> <span class='ocrx_word' id='word_1_57' title='bbox 1370 799 1572 863; x_wconf 89' lang='lat' dir='ltr'><strong>quum</strong></span> <span class='ocrx_word' id='word_1_58' title='bbox 1619 790 1906 842; x_wconf 90' lang='lat' dir='ltr'><strong>cerneret</strong></span> <span class='ocrx_word' id='word_1_59' title='bbox 1956 791 2134 847; x_wconf 88' lang='lat' dir='ltr'><strong>metu</strong></span> <span class='ocrx_word' id='word_1_60' title='bbox 2181 792 2277 843; x_wconf 88' lang='lat' dir='ltr'><strong>te-</strong></span> 
     </span>
     <span class='ocr_line' id='line_1_8' title="bbox 130 858 2274 951; baseline 0.002 -28"><span class='ocrx_word' id='word_1_61' title='bbox 130 858 439 936; x_wconf 58' lang='lat' dir='ltr'><strong>nendos»,</strong></span> <span class='ocrx_word' id='word_1_62' title='bbox 471 884 633 947; x_wconf 89' lang='lat' dir='ltr'><strong>quos</strong></span> <span class='ocrx_word' id='word_1_63' title='bbox 660 861 822 926; x_wconf 88' lang='lat' dir='ltr'><strong>fides</strong></span> <span class='ocrx_word' id='word_1_64' title='bbox 860 883 995 925; x_wconf 91' lang='lat' dir='ltr'><strong>non</strong></span> <span class='ocrx_word' id='word_1_65' title='bbox 1035 862 1358 938; x_wconf 61' lang='lat' dir='ltr'><strong>tenuisset,</strong></span> <span class='ocrx_word' id='word_1_66' title='bbox 1388 863 1738 928; x_wconf 86' lang='lat' dir='ltr'><strong>extendere</strong></span> <span class='ocrx_word' id='word_1_67' title='bbox 1769 886 1989 929; x_wconf 90' lang='lat' dir='ltr'><strong>omnes</strong></span> <span class='ocrx_word' id='word_1_68' title='bbox 2022 865 2274 951; x_wconf 91' lang='lat' dir='ltr'><strong>imperii</strong></span> 
     </span>
     <span class='ocr_line' id='line_1_9' title="bbox 103 946 2275 1037; baseline 0.003 -29"><span class='ocrx_word' id='word_1_69' title='bbox 103 1002 105 1007; x_wconf 92' lang='lat'>.</span> <span class='ocrx_word' id='word_1_70' title='bbox 132 948 329 1009; x_wconf 81' lang='lat' dir='ltr'><strong>vires</strong></span> <span class='ocrx_word' id='word_1_71' title='bbox 360 947 657 1011; x_wconf 88' lang='lat' dir='ltr'><strong>consules</strong></span> <span class='ocrx_word' id='word_1_72' title='bbox 684 947 939 1012; x_wconf 88' lang='lat' dir='ltr'><strong>delectu</strong></span> <span class='ocrx_word' id='word_1_73' title='bbox 974 946 1269 1011; x_wconf 87' lang='lat' dir='ltr'><strong>habendo</strong></span> <span class='ocrx_word' id='word_1_74' title='bbox 1304 948 1500 1013; x_wconf 84' lang='lat' dir='ltr'><strong>iussit.</strong></span> <span class='ocrx_word' id='word_1_75' title='bbox 1599 948 1794 1014; x_wconf 84' lang='lat' dir='ltr'><strong>Civili</strong></span> <span class='ocrx_word' id='word_1_76' title='bbox 1825 951 2064 1037; x_wconf 89' lang='lat' dir='ltr'><strong>quippe</strong></span> <span class='ocrx_word' id='word_1_77' title='bbox 2102 964 2275 1015; x_wconf 89' lang='lat' dir='ltr'><strong>stan-</strong></span> 
     </span>
     <span class='ocr_line' id='line_1_10' title="bbox 136 1032 2582 1119; baseline 0.002 -24"><span class='ocrx_word' id='word_1_78' title='bbox 136 1032 323 1097; x_wconf 86' lang='lat' dir='ltr'><strong>dum</strong></span> <span class='ocrx_word' id='word_1_79' title='bbox 362 1034 653 1097; x_wconf 85' lang='lat' dir='ltr'><strong>exercitu</strong></span> <span class='ocrx_word' id='word_1_80' title='bbox 688 1056 843 1111; x_wconf 86' lang='lat' dir='ltr'><strong>esse,</strong></span> <span class='ocrx_word' id='word_1_81' title='bbox 876 1034 1135 1119; x_wconf 87' lang='lat' dir='ltr'><strong>quando</strong></span> <span class='ocrx_word' id='word_1_82' title='bbox 1174 1033 1420 1099; x_wconf 84' lang='lat' dir='ltr'><strong>socialis</strong></span> <span class='ocrx_word' id='word_1_83' title='bbox 1454 1046 1674 1099; x_wconf 90' lang='lat' dir='ltr'><strong>coetus</strong></span> <span class='ocrx_word' id='word_1_84' title='bbox 1703 1034 2036 1101; x_wconf 82' lang='lat' dir='ltr'><strong>desereret.</strong></span> <span class='ocrx_word' id='word_1_85' title='bbox 2131 1036 2274 1101; x_wconf 89' lang='lat' dir='ltr'><strong>Un-</strong></span> <span class='ocrx_word' id='word_1_86' title='bbox 2291 1050 2582 1100; x_wconf 79' lang='lat' dir='ltr'><strong>Scribuntur</strong></span> 
     </span>
     <span class='ocr_line' id='line_1_11' title="bbox 138 1114 2552 1207; baseline 0.003 -25"><span class='ocrx_word' id='word_1_87' title='bbox 138 1118 391 1205; x_wconf 87' lang='lat' dir='ltr'><strong>dique,</strong></span> <span class='ocrx_word' id='word_1_88' title='bbox 440 1142 571 1184; x_wconf 90' lang='lat' dir='ltr'><strong>non</strong></span> <span class='ocrx_word' id='word_1_89' title='bbox 624 1121 865 1183; x_wconf 87' lang='lat' dir='ltr'><strong>urbana</strong></span> <span class='ocrx_word' id='word_1_90' title='bbox 914 1132 1182 1197; x_wconf 86' lang='lat' dir='ltr'><strong>tantum,</strong></span> <span class='ocrx_word' id='word_1_91' title='bbox 1231 1120 1345 1184; x_wconf 87' lang='lat' dir='ltr'><strong>sed</strong></span> <span class='ocrx_word' id='word_1_92' title='bbox 1396 1122 1590 1185; x_wconf 85' lang='lat' dir='ltr'><strong>etiam</strong></span> <span class='ocrx_word' id='word_1_93' title='bbox 1643 1122 1870 1207; x_wconf 82' lang='lat' dir='ltr'><strong>agresti</strong></span> <span class='ocrx_word' id='word_1_94' title='bbox 1921 1123 2271 1201; x_wconf 84' lang='lat' dir='ltr'><strong>iuventute,</strong></span> <span class='ocrx_word' id='word_1_95' title='bbox 2291 1116 2460 1189; x_wconf 63' lang='lat' dir='ltr'><strong>decem</strong></span> <span class='ocrx_word' id='word_1_96' title='bbox 2485 1114 2552 1163; x_wconf 63' lang='lat'><strong>¹⁶*</strong></span> 
     </span>
     <span class='ocr_line' id='line_1_12' title="bbox 100 1192 2470 1293; baseline 0.002 -24"><span class='ocrx_word' id='word_1_97' title='bbox 100 1205 400 1270; x_wconf 69' lang='lat' dir='ltr'><strong>:decem</strong></span> <span class='ocrx_word' id='word_1_98' title='bbox 450 1206 731 1292; x_wconf 78' lang='lat' dir='ltr'><strong>legiones</strong></span> <span class='ocrx_word' id='word_1_99' title='bbox 780 1206 1047 1293; x_wconf 87' lang='lat' dir='ltr'><strong>scriptae</strong></span> <span class='ocrx_word' id='word_1_100' title='bbox 1100 1205 1401 1271; x_wconf 87' lang='lat' dir='ltr'><strong>dicuntur</strong></span> <span class='ocrx_word' id='word_1_101' title='bbox 1451 1220 1834 1293; x_wconf 85' lang='lat' dir='ltr'><strong>quaternum</strong></span> <span class='ocrx_word' id='word_1_102' title='bbox 1885 1207 2158 1272; x_wconf 83' lang='lat' dir='ltr'><strong>millium</strong></span> <span class='ocrx_word' id='word_1_103' title='bbox 2209 1222 2277 1275; x_wconf 91' lang='lat' dir='ltr'><strong>et</strong></span> <span class='ocrx_word' id='word_1_104' title='bbox 2288 1192 2470 1241; x_wconf 45' lang='lat'><strong>⁸¹⁰⁸*</strong></span> 
     </span>
     <span class='ocr_line' id='line_1_13' title="bbox 99 1292 2275 1380; baseline 0.002 -25"><span class='ocrx_word' id='word_1_105' title='bbox 99 1292 569 1363; x_wconf 70' lang='lat' dir='ltr'><strong>sducenorum</strong></span> <span class='ocrx_word' id='word_1_106' title='bbox 640 1292 949 1379; x_wconf 90' lang='lat' dir='ltr'><strong>peditum,</strong></span> <span class='ocrx_word' id='word_1_107' title='bbox 1018 1292 1457 1380; x_wconf 84' lang='lat' dir='ltr'><strong>equitumque</strong></span> <span class='ocrx_word' id='word_1_108' title='bbox 1513 1306 1932 1357; x_wconf 87' lang='lat' dir='ltr'><strong>trecenorum.</strong></span> <span class='ocrx_word' id='word_1_109' title='bbox 2060 1294 2275 1370; x_wconf 82' lang='lat' dir='ltr'><strong>Quem</strong></span> 
     </span>
     <span class='ocr_line' id='line_1_14' title="bbox 142 1378 2275 1477; baseline 0 -34"><span class='ocrx_word' id='word_1_110' title='bbox 142 1402 343 1444; x_wconf 87' lang='lat' dir='ltr'><strong>nunc</strong></span> <span class='ocrx_word' id='word_1_111' title='bbox 400 1402 638 1443; x_wconf 86' lang='lat' dir='ltr'><strong>novum</strong></span> <span class='ocrx_word' id='word_1_112' title='bbox 682 1379 1054 1454; x_wconf 88' lang='lat' dir='ltr'><strong>exercitum,</strong></span> <span class='ocrx_word' id='word_1_113' title='bbox 1100 1378 1153 1441; x_wconf 90' lang='lat' dir='ltr'><strong>si</strong></span> <span class='ocrx_word' id='word_1_114' title='bbox 1206 1401 1335 1477; x_wconf 87' lang='lat' dir='ltr'><strong>qua</strong></span> <span class='ocrx_word' id='word_1_115' title='bbox 1384 1390 1649 1443; x_wconf 88' lang='lat' dir='ltr'><strong>externa</strong></span> <span class='ocrx_word' id='word_1_116' title='bbox 1690 1379 1783 1443; x_wconf 83' lang='lat' dir='ltr'><strong>vis</strong></span> <span class='ocrx_word' id='word_1_117' title='bbox 1827 1379 2102 1466; x_wconf 82' lang='lat' dir='ltr'><strong>ingruat,</strong></span> <span class='ocrx_word' id='word_1_118' title='bbox 2155 1380 2275 1445; x_wconf 88' lang='lat' dir='ltr'><strong>hae</strong></span> 
     </span>
     <span class='ocr_line' id='line_1_15' title="bbox 144 1464 2278 1567; baseline 0.001 -38"><span class='ocrx_word' id='word_1_119' title='bbox 144 1466 333 1529; x_wconf 80' lang='lat' dir='ltr'><strong>vires</strong></span> <span class='ocrx_word' id='word_1_120' title='bbox 378 1464 603 1567; x_wconf 81' lang='lat' dir='ltr'><strong>populi</strong></span> <span class='ocrx_word' id='word_1_121' title='bbox 649 1465 947 1541; x_wconf 88' lang='lat' dir='ltr'><strong>Romani,</strong></span> <span class='ocrx_word' id='word_1_122' title='bbox 979 1486 1136 1551; x_wconf 87' lang='lat' dir='ltr'><strong>quas</strong></span> <span class='ocrx_word' id='word_1_123' title='bbox 1174 1487 1283 1528; x_wconf 72' lang='lat' dir='ltr'><strong>Vix</strong></span> <span class='ocrx_word' id='word_1_124' title='bbox 1328 1480 1636 1530; x_wconf 89' lang='lat' dir='ltr'><strong>terrarum</strong></span> <span class='ocrx_word' id='word_1_125' title='bbox 1680 1466 1853 1553; x_wconf 85' lang='lat' dir='ltr'><strong>capit</strong></span> <span class='ocrx_word' id='word_1_126' title='bbox 1893 1466 2080 1544; x_wconf 90' lang='lat' dir='ltr'><strong>orbis,</strong></span> <span class='ocrx_word' id='word_1_127' title='bbox 2123 1489 2278 1531; x_wconf 91' lang='lat' dir='ltr'><strong>con-</strong></span> 
     </span>
     <span class='ocr_line' id='line_1_16' title="bbox 148 1549 2276 1639; baseline 0 -23"><span class='ocrx_word' id='word_1_128' title='bbox 148 1564 409 1617; x_wconf 77' lang='lat' dir='ltr'><strong>tractae</strong></span> <span class='ocrx_word' id='word_1_129' title='bbox 454 1575 523 1615; x_wconf 88' lang='lat' dir='ltr'><strong>m</strong></span> <span class='ocrx_word' id='word_1_130' title='bbox 568 1574 767 1615; x_wconf 90' lang='lat' dir='ltr'><strong>unum</strong></span> <span class='ocrx_word' id='word_1_131' title='bbox 812 1550 985 1615; x_wconf 87' lang='lat' dir='ltr'><strong>haud</strong></span> <span class='ocrx_word' id='word_1_132' title='bbox 1019 1549 1200 1615; x_wconf 85' lang='lat' dir='ltr'><strong>facile</strong></span> <span class='ocrx_word' id='word_1_133' title='bbox 1230 1552 1546 1617; x_wconf 85' lang='lat' dir='ltr'><strong>efficiant:</strong></span> <span class='ocrx_word' id='word_1_134' title='bbox 1594 1550 1754 1616; x_wconf 90' lang='lat' dir='ltr'><strong>adeo</strong></span> <span class='ocrx_word' id='word_1_135' title='bbox 1794 1552 1863 1615; x_wconf 91' lang='lat' dir='ltr'><strong>in</strong></span> <span class='ocrx_word' id='word_1_136' title='bbox 1895 1575 2060 1639; x_wconf 89' lang='lat' dir='ltr'><strong>quae</strong></span> <span class='ocrx_word' id='word_1_137' title='bbox 2099 1552 2276 1617; x_wconf 87' lang='lat' dir='ltr'><strong>labo-</strong></span> 
     </span>
     <span class='ocr_line' id='line_1_17' title="bbox 148 1637 2568 1715; baseline 0 -12"><span class='ocrx_word' id='word_1_138' title='bbox 148 1661 385 1703; x_wconf 81' lang='lat' dir='ltr'><strong>ramus</strong></span> <span class='ocrx_word' id='word_1_139' title='bbox 430 1638 565 1703; x_wconf 89' lang='lat' dir='ltr'><strong>sola</strong></span> <span class='ocrx_word' id='word_1_140' title='bbox 605 1639 932 1714; x_wconf 86' lang='lat' dir='ltr'><strong>crevimus,</strong></span> <span class='ocrx_word' id='word_1_141' title='bbox 974 1637 1243 1715; x_wconf 87' lang='lat' dir='ltr'><strong>divitias,</strong></span> <span class='ocrx_word' id='word_1_142' title='bbox 1284 1637 1599 1702; x_wconf 83' lang='lat' dir='ltr'><strong>luxuriam</strong></span> <span class='ocrx_word' id='word_1_143' title='bbox 1646 1661 1747 1702; x_wconf 92' lang='lat' dir='ltr'><strong>ue.</strong></span> <span class='ocrx_word' id='word_1_144' title='bbox 1840 1637 2020 1703; x_wconf 88' lang='lat' dir='ltr'><strong>Inter</strong></span> <span class='ocrx_word' id='word_1_145' title='bbox 2065 1652 2276 1704; x_wconf 89' lang='lat' dir='ltr'><strong>cetera</strong></span> <span class='ocrx_word' id='word_1_146' title='bbox 2292 1656 2434 1704; x_wconf 76' lang='lat' dir='ltr'><strong>Alter</strong></span> <span class='ocrx_word' id='word_1_147' title='bbox 2454 1670 2568 1703; x_wconf 80' lang='lat' dir='ltr'><strong>con-</strong></span> 
     </span>
     <span class='ocr_line' id='line_1_18' title="bbox 152 1662 2606 1811; baseline -0 -21"><span class='ocrx_word' id='word_1_148' title='bbox 152 1725 377 1790; x_wconf 82' lang='lat' dir='ltr'><strong>tristia</strong></span> <span class='ocrx_word' id='word_1_149' title='bbox 422 1725 559 1789; x_wconf 89' lang='lat' dir='ltr'><strong>eius</strong></span> <span class='ocrx_word' id='word_1_150' title='bbox 602 1724 773 1802; x_wconf 86' lang='lat' dir='ltr'><strong>anni,</strong></span> <span class='ocrx_word' id='word_1_151' title='bbox 819 1722 1042 1788; x_wconf 87' lang='lat' dir='ltr'><strong>consul</strong></span> <span class='ocrx_word' id='word_1_152' title='bbox 1087 1723 1247 1788; x_wconf 87' lang='lat' dir='ltr'><strong>alter</strong></span> <span class='ocrx_word' id='word_1_153' title='bbox 1292 1724 1419 1811; x_wconf 89' lang='lat' dir='ltr'><strong>Ap.</strong></span> <span class='ocrx_word' id='word_1_154' title='bbox 1451 1662 1763 1789; x_wconf 45' lang='lat' dir='ltr'><strong>Clauffiius</strong></span> <span class='ocrx_word' id='word_1_155' title='bbox 1813 1724 1880 1787; x_wconf 87' lang='lat' dir='ltr'><strong>in</strong></span> <span class='ocrx_word' id='word_1_156' title='bbox 1933 1725 2072 1811; x_wconf 89' lang='lat' dir='ltr'><strong>ipso</strong></span> <span class='ocrx_word' id='word_1_157' title='bbox 2123 1724 2274 1791; x_wconf 89' lang='lat' dir='ltr'><strong>belli</strong></span> <span class='ocrx_word' id='word_1_158' title='bbox 2289 1720 2367 1769; x_wconf 73' lang='lat' dir='ltr'><strong>sul</strong></span> <span class='ocrx_word' id='word_1_159' title='bbox 2383 1719 2606 1769; x_wconf 79' lang='lat' dir='ltr'><strong>moritur.</strong></span> 
     </span>
     <span class='ocr_line' id='line_1_19' title="bbox 152 1809 2272 1910; baseline 0 -35"><span class='ocrx_word' id='word_1_160' title='bbox 152 1824 481 1910; x_wconf 85' lang='lat' dir='ltr'><strong>apparatu</strong></span> <span class='ocrx_word' id='word_1_161' title='bbox 538 1810 841 1874; x_wconf 84' lang='lat' dir='ltr'><strong>moritur:</strong></span> <span class='ocrx_word' id='word_1_162' title='bbox 911 1810 1359 1897; x_wconf 88' lang='lat' dir='ltr'><strong>redierantque</strong></span> <span class='ocrx_word' id='word_1_163' title='bbox 1416 1833 1518 1875; x_wconf 89' lang='lat' dir='ltr'><strong>res</strong></span> <span class='ocrx_word' id='word_1_164' title='bbox 1576 1810 1660 1875; x_wconf 88' lang='lat' dir='ltr'><strong>ad</strong></span> <span class='ocrx_word' id='word_1_165' title='bbox 1713 1809 2099 1889; x_wconf 84' lang='lat' dir='ltr'><strong>Camillum3</strong></span> <span class='ocrx_word' id='word_1_166' title='bbox 2145 1812 2272 1877; x_wconf 83' lang='lat' dir='ltr'><strong>‘cui</strong></span> 
     </span>
     <span class='ocr_line' id='line_1_20' title="bbox 154 1896 2274 1983; baseline 0 -22"><span class='ocrx_word' id='word_1_167' title='bbox 154 1920 367 1961; x_wconf 75' lang='lat' dir='ltr'><strong>unico</strong></span> <span class='ocrx_word' id='word_1_168' title='bbox 396 1897 659 1974; x_wconf 84' lang='lat' dir='ltr'><strong>consuli,</strong></span> <span class='ocrx_word' id='word_1_169' title='bbox 682 1896 781 1961; x_wconf 84' lang='lat' dir='ltr'><strong>vel</strong></span> <span class='ocrx_word' id='word_1_170' title='bbox 814 1897 897 1961; x_wconf 93' lang='lat' dir='ltr'><strong>ob</strong></span> <span class='ocrx_word' id='word_1_171' title='bbox 926 1896 1111 1961; x_wconf 82' lang='lat' dir='ltr'><strong>aliam</strong></span> <span class='ocrx_word' id='word_1_172' title='bbox 1141 1896 1580 1983; x_wconf 83' lang='lat' dir='ltr'><strong>dignationem</strong></span> <span class='ocrx_word' id='word_1_173' title='bbox 1612 1897 1786 1961; x_wconf 87' lang='lat' dir='ltr'><strong>haud</strong></span> <span class='ocrx_word' id='word_1_174' title='bbox 1813 1897 2274 1962; x_wconf 85' lang='lat' dir='ltr'><strong>subiiciendam</strong></span> 
     </span>
     <span class='ocr_line' id='line_1_21' title="bbox 156 1982 2274 2060; baseline -0.001 -11"><span class='ocrx_word' id='word_1_175' title='bbox 156 1984 545 2060; x_wconf 84' lang='lat' dir='ltr'><strong>dictaturae,</strong></span> <span class='ocrx_word' id='word_1_176' title='bbox 585 1982 687 2048; x_wconf 86' lang='lat' dir='ltr'><strong>vel</strong></span> <span class='ocrx_word' id='word_1_177' title='bbox 730 1984 813 2047; x_wconf 93' lang='lat' dir='ltr'><strong>ob</strong></span> <span class='ocrx_word' id='word_1_178' title='bbox 859 2004 1051 2047; x_wconf 88' lang='lat' dir='ltr'><strong>omen</strong></span> <span class='ocrx_word' id='word_1_179' title='bbox 1100 1982 1376 2047; x_wconf 87' lang='lat' dir='ltr'><strong>faustum</strong></span> <span class='ocrx_word' id='word_1_180' title='bbox 1427 1983 1511 2048; x_wconf 88' lang='lat' dir='ltr'><strong>ad</strong></span> <span class='ocrx_word' id='word_1_181' title='bbox 1558 1982 1881 2048; x_wconf 88' lang='lat' dir='ltr'><strong>Gallicum</strong></span> <span class='ocrx_word' id='word_1_182' title='bbox 1927 1984 2274 2048; x_wconf 89' lang='lat' dir='ltr'><strong>tumultum</strong></span> 
     </span>
     <span class='ocr_line' id='line_1_22' title="bbox 158 2068 2275 2156; baseline -0.001 -21"><span class='ocrx_word' id='word_1_183' title='bbox 158 2070 589 2156; x_wconf 76' lang='lat' dir='ltr'><strong>cognominiS,</strong></span> <span class='ocrx_word' id='word_1_184' title='bbox 619 2069 995 2134; x_wconf 89' lang='lat' dir='ltr'><strong>dictatorem</strong></span> <span class='ocrx_word' id='word_1_185' title='bbox 1034 2069 1307 2155; x_wconf 83' lang='lat' dir='ltr'><strong>arrogari</strong></span> <span class='ocrx_word' id='word_1_186' title='bbox 1347 2068 1522 2133; x_wconf 91' lang='lat' dir='ltr'><strong>haud</strong></span> <span class='ocrx_word' id='word_1_187' title='bbox 1561 2069 1709 2133; x_wconf 87' lang='lat' dir='ltr'><strong>satis</strong></span> <span class='ocrx_word' id='word_1_188' title='bbox 1738 2068 2040 2133; x_wconf 88' lang='lat' dir='ltr'><strong>decorum</strong></span> <span class='ocrx_word' id='word_1_189' title='bbox 2067 2070 2275 2133; x_wconf 86' lang='lat' dir='ltr'><strong>visum</strong></span> 
     </span>
     <span class='ocr_line' id='line_1_23' title="bbox 98 2154 2273 2241; baseline -0.003 -17"><span class='ocrx_word' id='word_1_190' title='bbox 98 2184 139 2227; x_wconf 80' lang='grc'><strong>4</strong></span> <span class='ocrx_word' id='word_1_191' title='bbox 160 2169 271 2221; x_wconf 83' lang='lat' dir='ltr'><strong>est</strong></span> <span class='ocrx_word' id='word_1_192' title='bbox 299 2156 611 2221; x_wconf 89' lang='lat' dir='ltr'><strong>Patribus.</strong></span> <span class='ocrx_word' id='word_1_193' title='bbox 707 2154 973 2231; x_wconf 89' lang='lat' dir='ltr'><strong>Consul,</strong></span> <span class='ocrx_word' id='word_1_194' title='bbox 1002 2154 1250 2219; x_wconf 86' lang='lat' dir='ltr'><strong>duabus</strong></span> <span class='ocrx_word' id='word_1_195' title='bbox 1296 2154 1652 2241; x_wconf 85' lang='lat' dir='ltr'><strong>legionibus</strong></span> <span class='ocrx_word' id='word_1_196' title='bbox 1696 2155 1839 2218; x_wconf 90' lang='lat' dir='ltr'><strong>urbi</strong></span> <span class='ocrx_word' id='word_1_197' title='bbox 1882 2156 2273 2241; x_wconf 85' lang='lat' dir='ltr'><strong>praepositis,</strong></span> 
     </span>
     <span class='ocr_line' id='line_1_24' title="bbox 162 2240 2276 2326; baseline -0.002 -19"><span class='ocrx_word' id='word_1_198' title='bbox 162 2257 321 2308; x_wconf 87' lang='lat' dir='ltr'><strong>octo</strong></span> <span class='ocrx_word' id='word_1_199' title='bbox 360 2265 507 2307; x_wconf 92' lang='lat' dir='ltr'><strong>cum</strong></span> <span class='ocrx_word' id='word_1_200' title='bbox 546 2242 625 2306; x_wconf 88' lang='lat' dir='ltr'><strong>L.</strong></span> <span class='ocrx_word' id='word_1_201' title='bbox 650 2241 908 2306; x_wconf 89' lang='lat' dir='ltr'><strong>Pinario</strong></span> <span class='ocrx_word' id='word_1_202' title='bbox 994 2254 1233 2305; x_wconf 88' lang='lat' dir='ltr'><strong>raetore</strong></span> <span class='ocrx_word' id='word_1_203' title='bbox 1268 2240 1502 2317; x_wconf 88' lang='lat' dir='ltr'><strong>divisis,</strong></span> <span class='ocrx_word' id='word_1_204' title='bbox 1535 2262 1778 2303; x_wconf 90' lang='lat' dir='ltr'><strong>memor</strong></span> <span class='ocrx_word' id='word_1_205' title='bbox 1812 2253 2112 2326; x_wconf 83' lang='lat' dir='ltr'><strong>paternae</strong></span> <span class='ocrx_word' id='word_1_206' title='bbox 2147 2240 2276 2303; x_wconf 88' lang='lat' dir='ltr'><strong>vir-</strong></span> 
     </span>
     <span class='ocr_line' id='line_1_25' title="bbox 166 2326 2492 2406; baseline -0.001 -12"><span class='ocrx_word' id='word_1_207' title='bbox 166 2329 350 2406; x_wconf 53' lang='lat' dir='ltr'><strong>tutia</strong></span> <span class='ocrx_word' id='word_1_208' title='bbox 386 2328 704 2393; x_wconf 89' lang='lat' dir='ltr'><strong>Gallicum</strong></span> <span class='ocrx_word' id='word_1_209' title='bbox 732 2327 853 2392; x_wconf 88' lang='lat' dir='ltr'><strong>sibi</strong></span> <span class='ocrx_word' id='word_1_210' title='bbox 890 2329 967 2392; x_wconf 92' lang='lat' dir='ltr'><strong>be</strong></span> <span class='ocrx_word' id='word_1_211' title='bbox 1016 2349 1127 2391; x_wconf 91' lang='lat' dir='ltr'><strong>um</strong></span> <span class='ocrx_word' id='word_1_212' title='bbox 1156 2342 1337 2391; x_wconf 87' lang='lat' dir='ltr'><strong>extra</strong></span> <span class='ocrx_word' id='word_1_213' title='bbox 1368 2340 1601 2391; x_wconf 89' lang='lat' dir='ltr'><strong>sortem</strong></span> <span class='ocrx_word' id='word_1_214' title='bbox 1637 2326 1866 2389; x_wconf 88' lang='lat' dir='ltr'><strong>sumit:</strong></span> <span class='ocrx_word' id='word_1_215' title='bbox 1961 2338 2272 2391; x_wconf 89' lang='lat' dir='ltr'><strong>raetorem</strong></span> <span class='ocrx_word' id='word_1_216' title='bbox 2291 2341 2492 2391; x_wconf 76' lang='lat' dir='ltr'><strong>Bonum</strong></span> 
     </span>
     <span class='ocr_line' id='line_1_26' title="bbox 168 2406 2559 2498; baseline -0.002 -17"><span class='ocrx_word' id='word_1_217' title='bbox 168 2416 549 2481; x_wconf 86' lang='lat' dir='ltr'><strong>maritimam</strong></span> <span class='ocrx_word' id='word_1_218' title='bbox 592 2438 767 2479; x_wconf 88' lang='lat' dir='ltr'><strong>oram</strong></span> <span class='ocrx_word' id='word_1_219' title='bbox 806 2414 1016 2491; x_wconf 88' lang='lat' dir='ltr'><strong>tutari,</strong></span> <span class='ocrx_word' id='word_1_220' title='bbox 1053 2412 1461 2498; x_wconf 87' lang='lat' dir='ltr'><strong>Graecosque</strong></span> <span class='ocrx_word' id='word_1_221' title='bbox 1498 2434 1710 2476; x_wconf 87' lang='lat' dir='ltr'><strong>arcere</strong></span> <span class='ocrx_word' id='word_1_222' title='bbox 1751 2412 1918 2476; x_wconf 91' lang='lat' dir='ltr'><strong>litori</strong></span> <span class='ocrx_word' id='word_1_223' title='bbox 1963 2436 2038 2477; x_wconf 91' lang='lat' dir='ltr'><strong>us</strong></span> <span class='ocrx_word' id='word_1_224' title='bbox 2072 2412 2268 2477; x_wconf 78' lang='lat' dir='ltr'><strong>iussit.</strong></span> <span class='ocrx_word' id='word_1_225' title='bbox 2291 2406 2559 2456; x_wconf 76' lang='lat' dir='ltr'><strong>Gallicum.</strong></span> 
     </span>
     <span class='ocr_line' id='line_1_27' title="bbox 174 2498 2272 2589; baseline -0.002 -22"><span class='ocrx_word' id='word_1_226' title='bbox 174 2503 289 2579; x_wconf 86' lang='lat' dir='ltr'><strong>Et,</strong></span> <span class='ocrx_word' id='word_1_227' title='bbox 320 2525 519 2589; x_wconf 88' lang='lat' dir='ltr'><strong>quum</strong></span> <span class='ocrx_word' id='word_1_228' title='bbox 561 2503 632 2566; x_wconf 91' lang='lat' dir='ltr'><strong>in</strong></span> <span class='ocrx_word' id='word_1_229' title='bbox 674 2523 895 2587; x_wconf 87' lang='lat' dir='ltr'><strong>agrum</strong></span> <span class='ocrx_word' id='word_1_230' title='bbox 931 2499 1347 2585; x_wconf 90' lang='lat' dir='ltr'><strong>Pomptinum</strong></span> <span class='ocrx_word' id='word_1_231' title='bbox 1384 2498 1832 2575; x_wconf 84' lang='lat' dir='ltr'><strong>descendisset,</strong></span> <span class='ocrx_word' id='word_1_232' title='bbox 1865 2499 2020 2584; x_wconf 88' lang='lat' dir='ltr'><strong>quia</strong></span> <span class='ocrx_word' id='word_1_233' title='bbox 2059 2521 2272 2584; x_wconf 91' lang='lat' dir='ltr'><strong>neque</strong></span> 
     </span>
     <span class='ocr_line' id='line_1_28' title="bbox 170 2583 2273 2675; baseline -0.003 -21"><span class='ocrx_word' id='word_1_234' title='bbox 170 2590 247 2654; x_wconf 90' lang='lat' dir='ltr'><strong>in</strong></span> <span class='ocrx_word' id='word_1_235' title='bbox 278 2588 511 2675; x_wconf 88' lang='lat' dir='ltr'><strong>campis</strong></span> <span class='ocrx_word' id='word_1_236' title='bbox 540 2586 842 2674; x_wconf 84' lang='lat' dir='ltr'><strong>congredi</strong></span> <span class='ocrx_word' id='word_1_237' title='bbox 870 2586 1047 2650; x_wconf 89' lang='lat' dir='ltr'><strong>nulla</strong></span> <span class='ocrx_word' id='word_1_238' title='bbox 1074 2598 1341 2672; x_wconf 85' lang='lat' dir='ltr'><strong>cogente</strong></span> <span class='ocrx_word' id='word_1_239' title='bbox 1378 2607 1445 2648; x_wconf 90' lang='lat' dir='ltr'><strong>re</strong></span> <span class='ocrx_word' id='word_1_240' title='bbox 1477 2584 1746 2661; x_wconf 86' lang='lat' dir='ltr'><strong>volebat,</strong></span> <span class='ocrx_word' id='word_1_241' title='bbox 1780 2597 1846 2648; x_wconf 89' lang='lat' dir='ltr'><strong>et</strong></span> <span class='ocrx_word' id='word_1_242' title='bbox 1873 2583 2273 2670; x_wconf 83' lang='lat' dir='ltr'><strong>prohibendo</strong></span> 
     </span>
     <span class='ocr_line' id='line_1_29' title="bbox 172 2670 2274 2769; baseline -0.003 -29"><span class='ocrx_word' id='word_1_243' title='bbox 172 2674 708 2763; x_wconf 84' lang='lat' dir='ltr'><strong>populationibus,</strong></span> <span class='ocrx_word' id='word_1_244' title='bbox 758 2694 920 2759; x_wconf 88' lang='lat' dir='ltr'><strong>quos</strong></span> <span class='ocrx_word' id='word_1_245' title='bbox 962 2683 1145 2758; x_wconf 91' lang='lat' dir='ltr'><strong>rapto</strong></span> <span class='ocrx_word' id='word_1_246' title='bbox 1188 2671 1397 2735; x_wconf 84' lang='lat' dir='ltr'><strong>vivere</strong></span> <span class='ocrx_word' id='word_1_247' title='bbox 1439 2671 1780 2734; x_wconf 83' lang='lat' dir='ltr'><strong>necessitas</strong></span> <span class='ocrx_word' id='word_1_248' title='bbox 1818 2682 2092 2769; x_wconf 79' lang='lat' dir='ltr'><strong>cogeret,</strong></span> <span class='ocrx_word' id='word_1_249' title='bbox 2123 2670 2274 2735; x_wconf 87' lang='lat' dir='ltr'><strong>satis</strong></span> 
     </span>
     <span class='ocr_line' id='line_1_30' title="bbox 175 2756 2269 2843; baseline -0.003 -17"><span class='ocrx_word' id='word_1_250' title='bbox 175 2762 423 2826; x_wconf 90' lang='lat' dir='ltr'><strong>domari</strong></span> <span class='ocrx_word' id='word_1_251' title='bbox 466 2760 765 2825; x_wconf 88' lang='lat' dir='ltr'><strong>credebat</strong></span> <span class='ocrx_word' id='word_1_252' title='bbox 809 2760 1076 2835; x_wconf 89' lang='lat' dir='ltr'><strong>hostem,</strong></span> <span class='ocrx_word' id='word_1_253' title='bbox 1119 2756 1329 2822; x_wconf 89' lang='lat' dir='ltr'><strong>locum</strong></span> <span class='ocrx_word' id='word_1_254' title='bbox 1378 2756 1681 2821; x_wconf 89' lang='lat' dir='ltr'><strong>idoneum</strong></span> <span class='ocrx_word' id='word_1_255' title='bbox 1729 2757 1969 2821; x_wconf 80' lang='lat' dir='ltr'><strong>stativis</strong></span> <span class='ocrx_word' id='word_1_256' title='bbox 2014 2756 2269 2843; x_wconf 86' lang='lat' dir='ltr'><strong>delegit.</strong></span> 
     </span>
     <span class='ocr_line' id='line_1_31' title="bbox 180 2838 2494 2933; baseline -0.004 -20"><span class='ocrx_word' id='word_1_257' title='bbox 180 2848 319 2913; x_wconf 89' lang='lat' dir='ltr'><strong>Ubi</strong></span> <span class='ocrx_word' id='word_1_258' title='bbox 354 2870 553 2933; x_wconf 90' lang='lat' dir='ltr'><strong>quum</strong></span> <span class='ocrx_word' id='word_1_259' title='bbox 592 2845 965 2911; x_wconf 90' lang='lat' dir='ltr'><strong>stationibus</strong></span> <span class='ocrx_word' id='word_1_260' title='bbox 996 2844 1197 2931; x_wconf 91' lang='lat' dir='ltr'><strong>quieti</strong></span> <span class='ocrx_word' id='word_1_261' title='bbox 1238 2857 1488 2931; x_wconf 89' lang='lat' dir='ltr'><strong>tempus</strong></span> <span class='ocrx_word' id='word_1_262' title='bbox 1530 2855 1824 2922; x_wconf 83' lang='lat' dir='ltr'><strong>tererent,</strong></span> <span class='ocrx_word' id='word_1_263' title='bbox 1861 2842 2084 2907; x_wconf 87' lang='lat' dir='ltr'><strong>Gallus</strong></span> <span class='ocrx_word' id='word_1_264' title='bbox 2127 2864 2274 2929; x_wconf 88' lang='lat' dir='ltr'><strong>pro·</strong></span> <span class='ocrx_word' id='word_1_265' title='bbox 2390 2838 2494 2899; x_wconf 81' lang='grc'><strong>26-</strong></span> 
     </span>
     <span class='ocr_line' id='line_1_32' title="bbox 178 2929 2272 3019; baseline -0.003 -19"><span class='ocrx_word' id='word_1_266' title='bbox 178 2934 391 3011; x_wconf 86' lang='lat' dir='ltr'><strong>cessit,-</strong></span> <span class='ocrx_word' id='word_1_267' title='bbox 445 2932 884 3019; x_wconf 88' lang='lat' dir='ltr'><strong>magnitudine</strong></span> <span class='ocrx_word' id='word_1_268' title='bbox 952 2943 1143 3019; x_wconf 81' lang='lat' dir='ltr'><strong>atque</strong></span> <span class='ocrx_word' id='word_1_269' title='bbox 1210 2930 1399 2994; x_wconf 86' lang='lat' dir='ltr'><strong>armis</strong></span> <span class='ocrx_word' id='word_1_270' title='bbox 1470 2930 1774 3017; x_wconf 86' lang='lat' dir='ltr'><strong>insignis:</strong></span> <span class='ocrx_word' id='word_1_271' title='bbox 1853 2929 2272 3017; x_wconf 88' lang='lat' dir='ltr'><strong>quatiensque</strong></span> 
     </span>
     <span class='ocr_line' id='line_1_33' title="bbox 182 3016 2275 3105; baseline -0.002 -21"><span class='ocrx_word' id='word_1_272' title='bbox 182 3034 429 3086; x_wconf 91' lang='lat' dir='ltr'><strong>scutum</strong></span> <span class='ocrx_word' id='word_1_273' title='bbox 466 3020 662 3095; x_wconf 87' lang='lat' dir='ltr'><strong>hasta,</strong></span> <span class='ocrx_word' id='word_1_274' title='bbox 695 3039 896 3105; x_wconf 91' lang='lat' dir='ltr'><strong>quum</strong></span> <span class='ocrx_word' id='word_1_275' title='bbox 934 3016 1257 3081; x_wconf 88' lang='lat' dir='ltr'><strong>silentium</strong></span> <span class='ocrx_word' id='word_1_276' title='bbox 1284 3016 1551 3093; x_wconf 86' lang='lat' dir='ltr'><strong>fecisset,</strong></span> <span class='ocrx_word' id='word_1_277' title='bbox 1629 3029 1882 3081; x_wconf 85' lang='lat' dir='ltr'><strong>rovocat</strong></span> <span class='ocrx_word' id='word_1_278' title='bbox 1923 3039 2039 3104; x_wconf 90' lang='lat' dir='ltr'><strong>per</strong></span> <span class='ocrx_word' id='word_1_279' title='bbox 2076 3017 2275 3083; x_wconf 88' lang='lat' dir='ltr'><strong>inter-</strong></span> 
     </span>
     <span class='ocr_line' id='line_1_34' title="bbox 182 3040 2575 3195; baseline -0.003 -24"><span class='ocrx_word' id='word_1_280' title='bbox 182 3120 422 3195; x_wconf 86' lang='lat' dir='ltr'><strong>pretem</strong></span> <span class='ocrx_word' id='word_1_281' title='bbox 458 3128 659 3169; x_wconf 91' lang='lat' dir='ltr'><strong>unum</strong></span> <span class='ocrx_word' id='word_1_282' title='bbox 694 3126 777 3169; x_wconf 85' lang='lat' dir='ltr'><strong>ex</strong></span> <span class='ocrx_word' id='word_1_283' title='bbox 808 3103 1134 3178; x_wconf 87' lang='lat' dir='ltr'><strong>Romanis,</strong></span> <span class='ocrx_word' id='word_1_284' title='bbox 1165 3103 1277 3190; x_wconf 88' lang='lat' dir='ltr'><strong>qui</strong></span> <span class='ocrx_word' id='word_1_285' title='bbox 1317 3125 1532 3167; x_wconf 90' lang='lat' dir='ltr'><strong>secum</strong></span> <span class='ocrx_word' id='word_1_286' title='bbox 1567 3040 1732 3167; x_wconf 47' lang='grc' dir='ltr'>ἔικτο</span> <span class='ocrx_word' id='word_1_287' title='bbox 1762 3103 2080 3167; x_wconf 83' lang='lat' dir='ltr'><strong>decernat.</strong></span> <span class='ocrx_word' id='word_1_288' title='bbox 2173 3101 2268 3165; x_wconf 90' lang='lat' dir='ltr'><strong>M.</strong></span> <span class='ocrx_word' id='word_1_289' title='bbox 2292 3113 2364 3161; x_wconf 85' lang='lat' dir='ltr'><strong>M.</strong></span> <span class='ocrx_word' id='word_1_290' title='bbox 2387 3114 2575 3164; x_wconf 77' lang='lat' dir='ltr'><strong>Valerii</strong></span> 
     </span>
     <span class='ocr_line' id='line_1_35' title="bbox 184 3178 2576 3273; baseline -0.003 -16"><span class='ocrx_word' id='word_1_291' title='bbox 184 3205 322 3257; x_wconf 81' lang='lat' dir='ltr'><strong>erat</strong></span> <span class='ocrx_word' id='word_1_292' title='bbox 346 3192 635 3257; x_wconf 88' lang='lat' dir='ltr'><strong>Valerius</strong></span> <span class='ocrx_word' id='word_1_293' title='bbox 681 3191 971 3255; x_wconf 89' lang='lat' dir='ltr'><strong>tribunus</strong></span> <span class='ocrx_word' id='word_1_294' title='bbox 1016 3188 1311 3265; x_wconf 88' lang='lat' dir='ltr'><strong>militum,</strong></span> <span class='ocrx_word' id='word_1_295' title='bbox 1360 3187 1746 3265; x_wconf 82' lang='lat' dir='ltr'><strong>adolescenS,</strong></span> <span class='ocrx_word' id='word_1_296' title='bbox 1796 3189 1909 3273; x_wconf 92' lang='lat' dir='ltr'><strong>qui</strong></span> <span class='ocrx_word' id='word_1_297' title='bbox 1953 3186 2128 3251; x_wconf 87' lang='lat' dir='ltr'><strong>haud</strong></span> <span class='ocrx_word' id='word_1_298' title='bbox 2177 3187 2275 3250; x_wconf 91' lang='lat' dir='ltr'><strong>in·-</strong></span> <span class='ocrx_word' id='word_1_299' title='bbox 2291 3192 2403 3225; x_wconf 65' lang='lat'><strong>“¹¹¹&#39;‘</strong></span> <span class='ocrx_word' id='word_1_300' title='bbox 2424 3178 2576 3227; x_wconf 67' lang='lat'><strong>0⁸¹¹⁰</strong></span> 
     </span>
    </p>
   </div>
   <div class='ocr_carea' id='block_1_3' title="bbox 184 3242 2553 3365">
    <p class='ocr_par' dir='ltr' id='par_1_3' title="bbox 184 3242 2553 3365">
     <span class='ocr_line' id='line_1_36' title="bbox 184 3242 2553 3365; baseline -0.003 -22"><span class='ocrx_word' id='word_1_301' title='bbox 184 3278 535 3365; x_wconf 89' lang='lat' dir='ltr'><strong>digniorem</strong></span> <span class='ocrx_word' id='word_1_302' title='bbox 581 3300 659 3342; x_wconf 91' lang='lat' dir='ltr'><strong>eo</strong></span> <span class='ocrx_word' id='word_1_303' title='bbox 705 3276 932 3341; x_wconf 87' lang='lat' dir='ltr'><strong>decore</strong></span> <span class='ocrx_word' id='word_1_304' title='bbox 980 3298 1067 3352; x_wconf 90' lang='lat' dir='ltr'><strong>se,</strong></span> <span class='ocrx_word' id='word_1_305' title='bbox 1117 3296 1311 3360; x_wconf 88' lang='lat' dir='ltr'><strong>quam</strong></span> <span class='ocrx_word' id='word_1_306' title='bbox 1359 3272 1437 3337; x_wconf 91' lang='lat' dir='ltr'><strong>T.</strong></span> <span class='ocrx_word' id='word_1_307' title='bbox 1473 3272 1814 3349; x_wconf 88' lang='lat' dir='ltr'><strong>Manlium,</strong></span> <span class='ocrx_word' id='word_1_308' title='bbox 1861 3286 2051 3348; x_wconf 80' lang='lat' dir='ltr'><strong>ratuS,</strong></span> <span class='ocrx_word' id='word_1_309' title='bbox 2100 3272 2274 3357; x_wconf 86' lang='lat' dir='ltr'><strong>prius</strong></span> <span class='ocrx_word' id='word_1_310' title='bbox 2290 3242 2553 3358; x_wconf 49' lang='grc' dir='ltr'><strong>ῗέἧᾞᾛ</strong></span> 
     </span>
    </p>
   </div>
   <div class='ocr_carea' id='block_1_4' title="bbox 190 3500 2281 4143">
    <p class='ocr_par' dir='ltr' id='par_1_4' title="bbox 190 3500 2281 3879">
     <span class='ocr_line' id='line_1_37' title="bbox 263 3500 2276 3565; baseline -0.002 -11"><span class='ocrx_word' id='word_1_311' title='bbox 263 3522 281 3554; x_wconf 86' lang='lat'><strong>1</strong></span> <span class='ocrx_word' id='word_1_312' title='bbox 315 3508 545 3555; x_wconf 75' lang='lat' dir='ltr'><strong>Standum</strong></span> <span class='ocrx_word' id='word_1_313' title='bbox 576 3508 818 3565; x_wconf 64' lang='lat' dir='ltr'><strong>exercitu]</strong></span> <span class='ocrx_word' id='word_1_314' title='bbox 878 3505 951 3553; x_wconf 88' lang='lat' dir='ltr'><strong>Ut</strong></span> <span class='ocrx_word' id='word_1_315' title='bbox 982 3518 1111 3565; x_wconf 87' lang='lat' dir='ltr'><strong>supr.</strong></span> <span class='ocrx_word' id='word_1_316' title='bbox 1147 3500 1192 3551; x_wconf 94' lang='lat'><strong>6.</strong></span> <span class='ocrx_word' id='word_1_317' title='bbox 1262 3501 1580 3550; x_wconf 73' lang='lat' dir='ltr'><strong>observanda</strong></span> <span class='ocrx_word' id='word_1_318' title='bbox 1611 3502 1782 3548; x_wconf 82' lang='lat' dir='ltr'><strong>sedulo</strong></span> <span class='ocrx_word' id='word_1_319' title='bbox 1804 3506 1878 3548; x_wconf 86' lang='lat' dir='ltr'><strong>est</strong></span> <span class='ocrx_word' id='word_1_320' title='bbox 1901 3516 1996 3548; x_wconf 78' lang='lat' dir='ltr'><strong>vox</strong></span> <span class='ocrx_word' id='word_1_321' title='bbox 2021 3517 2216 3559; x_wconf 81' lang='lat' dir='ltr'><strong>novum,</strong></span> <span class='ocrx_word' id='word_1_322' title='bbox 2237 3501 2276 3549; x_wconf 84' lang='lat' dir='ltr'><strong>si</strong></span> 
     </span>
     <span class='ocr_line' id='line_1_38' title="bbox 190 3563 2278 3632; baseline -0.003 -12"><span class='ocrx_word' id='word_1_323' title='bbox 190 3588 259 3621; x_wconf 78' lang='lat' dir='ltr'><strong>sc.</strong></span> <span class='ocrx_word' id='word_1_324' title='bbox 301 3571 713 3632; x_wconf 81' lang='lat' dir='ltr'><strong>acquiescendum.</strong></span> <span class='ocrx_word' id='word_1_325' title='bbox 778 3570 984 3617; x_wconf 76' lang='lat' dir='ltr'><strong>Socialis</strong></span> <span class='ocrx_word' id='word_1_326' title='bbox 1034 3573 1195 3615; x_wconf 69' lang='lat' dir='ltr'><strong>coetus</strong></span> <span class='ocrx_word' id='word_1_327' title='bbox 1259 3564 1369 3625; x_wconf 87' lang='lat' dir='ltr'><strong>quis</strong></span> <span class='ocrx_word' id='word_1_328' title='bbox 1387 3571 1606 3613; x_wconf 88' lang='lat' dir='ltr'><strong>mentem</strong></span> <span class='ocrx_word' id='word_1_329' title='bbox 1631 3563 1756 3613; x_wconf 74' lang='lat' dir='ltr'><strong>Livii</strong></span> <span class='ocrx_word' id='word_1_330' title='bbox 1779 3564 1970 3625; x_wconf 83' lang='lat' dir='ltr'><strong>assequi</strong></span> <span class='ocrx_word' id='word_1_331' title='bbox 1995 3564 2126 3612; x_wconf 77' lang='lat' dir='ltr'><strong>velit.</strong></span> <span class='ocrx_word' id='word_1_332' title='bbox 2178 3566 2278 3613; x_wconf 80' lang='lat' dir='ltr'><strong>Au-</strong></span> 
     </span>
     <span class='ocr_line' id='line_1_39' title="bbox 192 3626 2281 3695; baseline -0.004 -10"><span class='ocrx_word' id='word_1_333' title='bbox 192 3634 444 3685; x_wconf 82' lang='lat' dir='ltr'><strong>concilium</strong></span> <span class='ocrx_word' id='word_1_334' title='bbox 478 3634 734 3691; x_wconf 85' lang='lat' dir='ltr'><strong>sociorum,</strong></span> <span class='ocrx_word' id='word_1_335' title='bbox 755 3633 863 3695; x_wconf 86' lang='lat' dir='ltr'><strong>ipsa</strong></span> <span class='ocrx_word' id='word_1_336' title='bbox 892 3646 1073 3693; x_wconf 86' lang='lat' dir='ltr'><strong>nempe</strong></span> <span class='ocrx_word' id='word_1_337' title='bbox 1104 3630 1194 3678; x_wconf 88' lang='lat' dir='ltr'><strong>La·</strong></span> <span class='ocrx_word' id='word_1_338' title='bbox 1258 3634 1399 3689; x_wconf 82' lang='lat' dir='ltr'><strong>gusto</strong></span> <span class='ocrx_word' id='word_1_339' title='bbox 1435 3628 1632 3689; x_wconf 86' lang='lat' dir='ltr'><strong>quidem</strong></span> <span class='ocrx_word' id='word_1_340' title='bbox 1673 3628 1962 3689; x_wconf 84' lang='lat' dir='ltr'><strong>imperante,</strong></span> <span class='ocrx_word' id='word_1_341' title='bbox 1999 3626 2106 3689; x_wconf 86' lang='lat' dir='ltr'><strong>ipso</strong></span> <span class='ocrx_word' id='word_1_342' title='bbox 2145 3629 2281 3691; x_wconf 83' lang='lat' dir='ltr'><strong>pacis</strong></span> 
     </span>
     <span class='ocr_line' id='line_1_40' title="bbox 192 3690 2280 3754; baseline -0.003 -7"><span class='ocrx_word' id='word_1_343' title='bbox 192 3700 395 3748; x_wconf 86' lang='lat' dir='ltr'><strong>tinorum</strong></span> <span class='ocrx_word' id='word_1_344' title='bbox 418 3698 631 3753; x_wconf 80' lang='lat' dir='ltr'><strong>comitia,</strong></span> <span class='ocrx_word' id='word_1_345' title='bbox 651 3699 715 3746; x_wconf 83' lang='lat' dir='ltr'><strong>ab</strong></span> <span class='ocrx_word' id='word_1_346' title='bbox 746 3697 824 3745; x_wconf 86' lang='lat' dir='ltr'><strong>his</strong></span> <span class='ocrx_word' id='word_1_347' title='bbox 856 3695 987 3743; x_wconf 88' lang='lat' dir='ltr'><strong>enim</strong></span> <span class='ocrx_word' id='word_1_348' title='bbox 1013 3694 1194 3743; x_wconf 85' lang='lat' dir='ltr'><strong>Roma·</strong></span> <span class='ocrx_word' id='word_1_349' title='bbox 1260 3702 1499 3753; x_wconf 86' lang='lat' dir='ltr'><strong>tempore,</strong></span> <span class='ocrx_word' id='word_1_350' title='bbox 1541 3708 1566 3740; x_wconf 83' lang='lat'>2</span> <span class='ocrx_word' id='word_1_351' title='bbox 1574 3707 1600 3753; x_wconf 85' lang='lat'>3</span> <span class='ocrx_word' id='word_1_352' title='bbox 1641 3692 1718 3739; x_wconf 75' lang='lat' dir='ltr'><strong>vel</strong></span> <span class='ocrx_word' id='word_1_353' title='bbox 1758 3691 1906 3739; x_wconf 87' lang='lat' dir='ltr'><strong>etiam</strong></span> <span class='ocrx_word' id='word_1_354' title='bbox 1949 3706 2008 3753; x_wconf 82' lang='lat'><strong>25</strong></span> <span class='ocrx_word' id='word_1_355' title='bbox 2049 3690 2280 3754; x_wconf 81' lang='lat' dir='ltr'><strong>legiones,</strong></span> 
     </span>
     <span class='ocr_line' id='line_1_41' title="bbox 192 3756 2280 3829; baseline -0.004 -17"><span class='ocrx_word' id='word_1_356' title='bbox 192 3778 285 3812; x_wconf 85' lang='lat' dir='ltr'><strong>nos</strong></span> <span class='ocrx_word' id='word_1_357' title='bbox 310 3762 470 3811; x_wconf 82' lang='lat' dir='ltr'><strong>deseri.</strong></span> <span class='ocrx_word' id='word_1_358' title='bbox 508 3761 725 3810; x_wconf 77' lang='lat' dir='ltr'><strong>Douur.</strong></span> <span class='ocrx_word' id='word_1_359' title='bbox 777 3762 951 3809; x_wconf 73' lang='lat' dir='ltr'><strong>Coecm</strong></span> <span class='ocrx_word' id='word_1_360' title='bbox 988 3757 1197 3806; x_wconf 86' lang='lat' dir='ltr'><strong>unciolis</strong></span> <span class='ocrx_word' id='word_1_361' title='bbox 1260 3762 1385 3805; x_wconf 85' lang='lat' dir='ltr'><strong>teste</strong></span> <span class='ocrx_word' id='word_1_362' title='bbox 1404 3756 1664 3813; x_wconf 78' lang='lat' dir='ltr'><strong>Dione‚1v.</strong></span> <span class='ocrx_word' id='word_1_363' title='bbox 1683 3770 1771 3817; x_wconf 83' lang='lat' dir='ltr'><strong>per</strong></span> <span class='ocrx_word' id='word_1_364' title='bbox 1791 3756 2064 3829; x_wconf 76' lang='lat' dir='ltr'><strong>provincias</strong></span> <span class='ocrx_word' id='word_1_365' title='bbox 2084 3772 2280 3819; x_wconf 78' lang='lat' dir='ltr'><strong>sparsae</strong></span> 
     </span>
     <span class='ocr_line' id='line_1_42' title="bbox 194 3818 2276 3879; baseline -0.004 -3"><span class='ocrx_word' id='word_1_366' title='bbox 194 3825 383 3876; x_wconf 77' lang='lat' dir='ltr'><strong>inclusit</strong></span> <span class='ocrx_word' id='word_1_367' title='bbox 404 3826 616 3873; x_wconf 86' lang='lat' dir='ltr'><strong>Bekker.</strong></span> <span class='ocrx_word' id='word_1_368' title='bbox 1260 3827 1412 3869; x_wconf 78' lang='lat' dir='ltr'><strong>erant.</strong></span> <span class='ocrx_word' id='word_1_369' title='bbox 1481 3821 1550 3868; x_wconf 78' lang='lat' dir='ltr'><strong>At</strong></span> <span class='ocrx_word' id='word_1_370' title='bbox 1575 3821 1678 3867; x_wconf 84' lang='lat' dir='ltr'><strong>vult</strong></span> <span class='ocrx_word' id='word_1_371' title='bbox 1704 3819 1888 3879; x_wconf 71' lang='lat' dir='ltr'><strong>Livius,</strong></span> <span class='ocrx_word' id='word_1_372' title='bbox 1909 3818 1950 3869; x_wconf 84' lang='lat' dir='ltr'><strong>si</strong></span> <span class='ocrx_word' id='word_1_373' title='bbox 1982 3836 2110 3868; x_wconf 86' lang='lat' dir='ltr'><strong>novo</strong></span> <span class='ocrx_word' id='word_1_374' title='bbox 2143 3835 2276 3868; x_wconf 81' lang='lat' dir='ltr'><strong>exer-</strong></span> 
     </span>
    </p>

    <p class='ocr_par' dir='ltr' id='par_1_5' title="bbox 196 3882 2280 4143">
     <span class='ocr_line' id='line_1_43' title="bbox 264 3882 2280 3947; baseline -0.003 -10"><span class='ocrx_word' id='word_1_375' title='bbox 264 3904 289 3937; x_wconf 79' lang='lat'><em>2</em></span> <span class='ocrx_word' id='word_1_376' title='bbox 324 3892 621 3947; x_wconf 72' lang='lat' dir='ltr'><strong>Quatemum</strong></span> <span class='ocrx_word' id='word_1_377' title='bbox 664 3888 871 3935; x_wconf 74' lang='lat' dir='ltr'><strong>millium</strong></span> <span class='ocrx_word' id='word_1_378' title='bbox 906 3894 957 3935; x_wconf 76' lang='lat' dir='ltr'><strong>et</strong></span> <span class='ocrx_word' id='word_1_379' title='bbox 990 3888 1194 3936; x_wconf 74' lang='lat' dir='ltr'><strong>duceno-</strong></span> <span class='ocrx_word' id='word_1_380' title='bbox 1260 3884 1361 3932; x_wconf 84' lang='lat' dir='ltr'><strong>citu</strong></span> <span class='ocrx_word' id='word_1_381' title='bbox 1394 3884 1444 3932; x_wconf 89' lang='lat' dir='ltr'><strong>in</strong></span> <span class='ocrx_word' id='word_1_382' title='bbox 1478 3885 1641 3932; x_wconf 84' lang='lat' dir='ltr'><strong>subita</strong></span> <span class='ocrx_word' id='word_1_383' title='bbox 1663 3899 1712 3931; x_wconf 88' lang='lat' dir='ltr'><strong>re</strong></span> <span class='ocrx_word' id='word_1_384' title='bbox 1735 3899 1859 3947; x_wconf 85' lang='lat' dir='ltr'><strong>opus</strong></span> <span class='ocrx_word' id='word_1_385' title='bbox 1879 3884 1958 3945; x_wconf 86' lang='lat' dir='ltr'><strong>sit,</strong></span> <span class='ocrx_word' id='word_1_386' title='bbox 1979 3884 2112 3932; x_wconf 88' lang='lat' dir='ltr'><strong>haud</strong></span> <span class='ocrx_word' id='word_1_387' title='bbox 2135 3882 2280 3931; x_wconf 79' lang='lat' dir='ltr'><strong>facile</strong></span> 
     </span>
     <span class='ocr_line' id='line_1_44' title="bbox 196 3948 2277 4019; baseline -0.005 -17"><span class='ocrx_word' id='word_1_388' title='bbox 196 3954 327 4013; x_wconf 67' lang='lat' dir='ltr'><strong>rrum]</strong></span> <span class='ocrx_word' id='word_1_389' title='bbox 362 3950 563 4015; x_wconf 79' lang='lat' dir='ltr'><strong>Quippe</strong></span> <span class='ocrx_word' id='word_1_390' title='bbox 594 3952 691 4000; x_wconf 85' lang='lat' dir='ltr'><strong>iam</strong></span> <span class='ocrx_word' id='word_1_391' title='bbox 720 3950 889 4013; x_wconf 81' lang='lat' dir='ltr'><strong>viginti</strong></span> <span class='ocrx_word' id='word_1_392' title='bbox 922 3957 973 3998; x_wconf 86' lang='lat' dir='ltr'><strong>et</strong></span> <span class='ocrx_word' id='word_1_393' title='bbox 1006 3956 1193 4011; x_wconf 82' lang='lat' dir='ltr'><strong>septem</strong></span> <span class='ocrx_word' id='word_1_394' title='bbox 1258 3954 1453 3998; x_wconf 84' lang='lat' dir='ltr'><strong>tantum</strong></span> <span class='ocrx_word' id='word_1_395' title='bbox 1486 3948 1700 3996; x_wconf 87' lang='lat' dir='ltr'><strong>militum</strong></span> <span class='ocrx_word' id='word_1_396' title='bbox 1731 3948 1909 3997; x_wconf 83' lang='lat' dir='ltr'><strong>armari</strong></span> <span class='ocrx_word' id='word_1_397' title='bbox 1946 3962 2277 4019; x_wconf 31' lang='lat' dir='ltr'><strong>posseffiquan-</strong></span> 
     </span>
     <span class='ocr_line' id='line_1_45' title="bbox 197 4009 2277 4077; baseline -0.004 -11"><span class='ocrx_word' id='word_1_398' title='bbox 197 4019 345 4067; x_wconf 85' lang='lat' dir='ltr'><strong>tribus</strong></span> <span class='ocrx_word' id='word_1_399' title='bbox 372 4023 525 4074; x_wconf 84' lang='lat' dir='ltr'><strong>erant,</strong></span> <span class='ocrx_word' id='word_1_400' title='bbox 554 4032 583 4064; x_wconf 93' lang='lat' dir='ltr'><strong>e</strong></span> <span class='ocrx_word' id='word_1_401' title='bbox 616 4016 793 4077; x_wconf 86' lang='lat' dir='ltr'><strong>quibus</strong></span> <span class='ocrx_word' id='word_1_402' title='bbox 829 4028 921 4075; x_wconf 81' lang='lat'><strong>¹50</strong></span> <span class='ocrx_word' id='word_1_403' title='bbox 952 4013 1199 4063; x_wconf 79' lang='lat' dir='ltr'><strong>centuriae</strong></span> <span class='ocrx_word' id='word_1_404' title='bbox 1262 4018 1371 4061; x_wconf 86' lang='lat' dir='ltr'><strong>tum</strong></span> <span class='ocrx_word' id='word_1_405' title='bbox 1408 4018 1530 4062; x_wconf 84' lang='lat' dir='ltr'><strong>tunc</strong></span> <span class='ocrx_word' id='word_1_406' title='bbox 1567 4013 1793 4061; x_wconf 83' lang='lat' dir='ltr'><strong>consules</strong></span> <span class='ocrx_word' id='word_1_407' title='bbox 1830 4009 1990 4060; x_wconf 78' lang='lat' dir='ltr'><strong>subito</strong></span> <span class='ocrx_word' id='word_1_408' title='bbox 2029 4023 2277 4069; x_wconf 75' lang='lat' dir='ltr'><strong>scripsere.</strong></span> 
     </span>
     <span class='ocr_line' id='line_1_46' title="bbox 199 4077 1427 4143; baseline -0.005 -14"><span class='ocrx_word' id='word_1_409' title='bbox 199 4094 322 4143; x_wconf 83' lang='lat'><strong>4050</strong></span> <span class='ocrx_word' id='word_1_410' title='bbox 360 4080 546 4142; x_wconf 82' lang='lat' dir='ltr'><strong>pedites</strong></span> <span class='ocrx_word' id='word_1_411' title='bbox 588 4078 897 4128; x_wconf 81' lang='lat' dir='ltr'><strong>efficiebant:</strong></span> <span class='ocrx_word' id='word_1_412' title='bbox 956 4077 1199 4125; x_wconf 84' lang='lat' dir='ltr'><strong>adiunctis</strong></span> <span class='ocrx_word' id='word_1_413' title='bbox 1263 4078 1427 4126; x_wconf 67' lang='lat' dir='ltr'><strong>Cam.</strong></span> 
     </span>
    </p>
   </div>
   <div class='ocr_carea' id='block_1_5' title="bbox 197 4132 2276 4327">
    <p class='ocr_par' dir='ltr' id='par_1_6' title="bbox 197 4132 2276 4327">
     <span class='ocr_line' id='line_1_47' title="bbox 197 4132 2274 4207; baseline -0.009 -11"><span class='ocrx_word' id='word_1_414' title='bbox 197 4152 355 4196; x_wconf 84' lang='lat' dir='ltr'><strong>autem</strong></span> <span class='ocrx_word' id='word_1_415' title='bbox 384 4158 473 4205; x_wconf 84' lang='lat'><strong>150</strong></span> <span class='ocrx_word' id='word_1_416' title='bbox 504 4142 867 4191; x_wconf 83' lang='lat' dir='ltr'><strong>centurionibus</strong></span> <span class='ocrx_word' id='word_1_417' title='bbox 888 4147 940 4190; x_wconf 91' lang='lat' dir='ltr'><strong>et</strong></span> <span class='ocrx_word' id='word_1_418' title='bbox 965 4152 1021 4201; x_wconf 81' lang='lat'><strong>75</strong></span> <span class='ocrx_word' id='word_1_419' title='bbox 1050 4140 1195 4189; x_wconf 77' lang='lat' dir='ltr'><strong>vexil-</strong></span> <span class='ocrx_word' id='word_1_420' title='bbox 1334 4159 1365 4199; x_wconf 87' lang='grc'><strong>4</strong></span> <span class='ocrx_word' id='word_1_421' title='bbox 1406 4142 1616 4189; x_wconf 70' lang='lat' dir='ltr'><strong>Duabus</strong></span> <span class='ocrx_word' id='word_1_422' title='bbox 1645 4137 1938 4199; x_wconf 70' lang='lat' dir='ltr'><strong>Ieyionibm]</strong></span> <span class='ocrx_word' id='word_1_423' title='bbox 1975 4132 2174 4207; x_wconf 72' lang='lat' dir='ltr'><strong>Scilicet</strong></span> <span class='ocrx_word' id='word_1_424' title='bbox 2205 4148 2274 4180; x_wconf 85' lang='lat' dir='ltr'><strong>se-</strong></span> 
     </span>
     <span class='ocr_line' id='line_1_48' title="bbox 200 4201 2276 4270; baseline -0.008 -12"><span class='ocrx_word' id='word_1_425' title='bbox 200 4208 339 4266; x_wconf 84' lang='lat' dir='ltr'><strong>lariis‚</strong></span> <span class='ocrx_word' id='word_1_426' title='bbox 358 4222 479 4270; x_wconf 79' lang='lat'><strong>4275</strong></span> <span class='ocrx_word' id='word_1_427' title='bbox 510 4207 733 4255; x_wconf 86' lang='lat' dir='ltr'><strong>homines</strong></span> <span class='ocrx_word' id='word_1_428' title='bbox 764 4204 967 4268; x_wconf 78' lang='lat' dir='ltr'><strong>singulis</strong></span> <span class='ocrx_word' id='word_1_429' title='bbox 997 4204 1195 4267; x_wconf 77' lang='lat' dir='ltr'><strong>legioni·</strong></span> <span class='ocrx_word' id='word_1_430' title='bbox 1260 4204 1468 4251; x_wconf 81' lang='lat' dir='ltr'><strong>niomm.</strong></span> <span class='ocrx_word' id='word_1_431' title='bbox 1494 4206 1696 4261; x_wconf 76' lang='lat' dir='ltr'><strong>Octo‚ex</strong></span> <span class='ocrx_word' id='word_1_432' title='bbox 1711 4201 1789 4248; x_wconf 90' lang='lat' dir='ltr'><strong>his</strong></span> <span class='ocrx_word' id='word_1_433' title='bbox 1801 4204 2276 4269; x_wconf 65' lang='lat' dir='ltr'><strong>quattuol-sociorum</strong></span> 
     </span>
     <span class='ocr_line' id='line_1_49' title="bbox 200 4260 2276 4327; baseline -0.007 -4"><span class='ocrx_word' id='word_1_434' title='bbox 200 4271 351 4323; x_wconf 83' lang='lat' dir='ltr'><strong>busin</strong></span> <span class='ocrx_word' id='word_1_435' title='bbox 372 4273 475 4321; x_wconf 80' lang='lat' dir='ltr'><strong>acie</strong></span> <span class='ocrx_word' id='word_1_436' title='bbox 494 4273 703 4321; x_wconf 81' lang='lat' dir='ltr'><strong>stabant.</strong></span> <span class='ocrx_word' id='word_1_437' title='bbox 1263 4266 1477 4327; x_wconf 79' lang='lat' dir='ltr'><strong>legiones</strong></span> <span class='ocrx_word' id='word_1_438' title='bbox 1488 4266 1636 4315; x_wconf 79' lang='lat' dir='ltr'><strong>fuisse</strong></span> <span class='ocrx_word' id='word_1_439' title='bbox 1655 4262 1958 4313; x_wconf 77' lang='lat' dir='ltr'><strong>verisimilius</strong></span> <span class='ocrx_word' id='word_1_440' title='bbox 1970 4266 2057 4309; x_wconf 88' lang='lat' dir='ltr'><strong>est.</strong></span> <span class='ocrx_word' id='word_1_441' title='bbox 2073 4260 2276 4309; x_wconf 75' lang='lat' dir='ltr'><strong>Niebhr.</strong></span> 
     </span>
    </p>
   </div>
   <div class='ocr_carea' id='block_1_6' title="bbox 268 4330 1507 4397">
    <p class='ocr_par' dir='ltr' id='par_1_7' title="bbox 268 4330 1507 4397">
     <span class='ocr_line' id='line_1_50' title="bbox 268 4330 1507 4397; baseline -0.008 -9"><span class='ocrx_word' id='word_1_442' title='bbox 268 4350 293 4397; x_wconf 75' lang='grc'><strong><em>3</em></strong></span> <span class='ocrx_word' id='word_1_443' title='bbox 328 4339 472 4395; x_wconf 71' lang='lat' dir='ltr'><strong>Quom</strong></span> <span class='ocrx_word' id='word_1_444' title='bbox 509 4351 643 4385; x_wconf 79' lang='lat' dir='ltr'><strong>nuno</strong></span> <span class='ocrx_word' id='word_1_445' title='bbox 684 4350 861 4385; x_wconf 81' lang='lat' dir='ltr'><strong>novum</strong></span> <span class='ocrx_word' id='word_1_446' title='bbox 904 4333 1194 4390; x_wconf 71' lang='lat' dir='ltr'><strong>exercitum]</strong></span> <span class='ocrx_word' id='word_1_447' title='bbox 1262 4330 1330 4379; x_wconf 86' lang='lat' dir='ltr'><strong>iii.</strong></span> <span class='ocrx_word' id='word_1_448' title='bbox 1357 4345 1404 4391; x_wconf 86' lang='lat' dir='ltr'><strong>p.</strong></span> <span class='ocrx_word' id='word_1_449' title='bbox 1427 4344 1507 4393; x_wconf 83' lang='lat'><strong>90.</strong></span> 
     </span>
    </p>
   </div>
  </div>
 </body>
</html>
