3000 4784
836 181 1024 247 LIB.
1074 183 1157 248 V.
1216 181 1440 251 cAP.
1488 188 1594 251 55.

2135 186 2260 255 347

80 329 107 379 5
128 320 151 350 ‘
186 312 425 415 Quod·
453 338 655 415 quum
696 317 927 418 ita-sit,
958 316 1453 419 quae-(malum)
1486 320 1648 386 ratio
1681 332 1796 398 est,
1827 321 2105 471 etEertis
2138 320 2262 385 alia
2280 338 2348 389 U.
2369 338 2432 387 c,
2457 295 2570 453 36}

128 408 153 437 ‘
178 422 505 486 experiri,
536 426 757 489 quum,
800 426 927 467 lam
970 417 1043 469 ut
1081 418 1279 469 Virtus
1316 418 1528 470 vestra
1567 406 1839 471 mnsire

128 494 151 522 ‘
178 485 464 552 fortuna
490 502 661 553 certe
689 489 815 554 loci
842 490 1033 555 huius
1064 491 1383 555 transferri
1409 514 1545 557 non
1572 492 1813 579 possit?
1901 490 2032 557 Hic
2065 491 2264 581 Capi-

128 580 153 609 ‘
182 571 439 636 tolium
478 588 591 651 est,
622 576 735 640 ubi
769 576 1095 662 quondam
1134 578 1341 664 eapite
1380 577 1661 647 humano
1699 579 1962 643 invento
2001 601 2264 667 respon-

130 668 155 695 ‘
181 681 353 722 sum
396 672 512 737 est,
543 684 622 726 eo
664 661 805 727 loco
848 676 1041 749 caput
1078 685 1293 727 rerum
1331 686 1770 752 summamque
1813 665 2065 751 imperii
2102 664 2256 731 fore.

80 762 105 810 'a'
132 752 155 781 ‘
186 743 365 823 Hic,
427 769 626 833 quum
685 762 991 835 augurato
1048 748 1423 813 liberaretur
1490 748 1900 837 Capitolium,
1961 750 2262 816 Iuventas

130 840 155 867 ‘
184 830 681 919 Terminusque
720 834 997 899 maximo
1042 834 1278 921 gaudio
1322 848 1574 921 patmm
1619 849 1978 902 nostrorum
2021 838 2260 902 moveri

132 925 157 954 ‘
182 940 265 981 se
300 940 441 981 non
468 920 672 1006 passi.
720 920 827 983 hic
856 919 1090 985 Vestae
1122 921 1321 1021 ignee,
1352 922 1457 986 hic
1493 922 1724 987 ancilia
1759 922 1937 988 coelo
1961 922 2258 1001 demissa,

134 1012 157 1039 ‘
184 1002 315 1066 hic
348 1026 571 1069 omnes
596 1006 855 1092 propitii
885 1008 1289 1071 manentlbus
1316 1008 1495 1073 vobis
1525 1008 1654 1072 dii.’

240 1088 537 1155 Movisse
576 1114 683 1155 eos
718 1090 1027 1157 Camillus
1055 1116 1257 1181 quum
1296 1092 1418 1158 alia
1455 1095 1759 1171 oratione,
1791 1107 1930 1159 tum
1968 1118 2063 1172 ea,
2093 1118 2259 1182 quae

132 1175 235 1240 ad
267 1174 617 1275 religiones
642 1178 1017 1265 pertinebat,
1050 1180 1323 1243 maxime
1354 1180 1604 1244 dicitur.
1679 1178 1808 1243 Sed
1835 1202 1972 1244 rem
2001 1180 2260 1245 dubiam

81 1280 115 1327 8
136 1262 453 1326 decremt
478 1286 601 1327 vox
640 1286 725 1350 op
808 1277 997 1329 rtune
1036 1266 1301 1341 emissa3
1348 1264 1546 1352 quod,
1577 1286 1778 1351 quum
1819 1276 2076 1330 senatus
2117 1279 2262 1353 post

80 1378 117 1425 9
135 1347 382 1434 paullo
403 1347 486 1412 de
515 1349 613 1414 his
642 1286 829 1415 regiis
850 1350 919 1414 in
941 1352 1115 1415 curia
1139 1350 1417 1415 Hostilia
1436 1351 1794 1427 haberetur,
1819 1351 2260 1437 cohortesque,

138 1457 238 1499 ex
294 1434 627 1520 praesidiis
676 1449 1083 1514 revertentes,
1129 1436 1289 1501 forte
1336 1438 1590 1522 agmine
1640 1438 1850 1501 forum
1899 1437 2258 1515 transirent,

138 1520 457 1584 centurio
490 1521 559 1584 in
594 1522 853 1586 comitio
888 1523 1303 1587 exclamavit:
1355 1531 1373 1561 ‘
1399 1509 1694 1609 Signifer,
1725 1534 1930 1588 statue
1965 1522 2253 1609 signum:

144 1614 167 1643 ‘
192 1606 313 1670 hic
362 1608 760 1672 manebimus
810 1608 1088 1723 optime?
1180 1607 1330 1683 Qua
1374 1630 1528 1673 voce
1579 1608 1816 1687 audita,
1865 1621 1932 1673 et
1981 1622 2257 1688 senatus,

144 1700 169 1731 ‘
196 1692 499 1779 accipere
528 1716 595 1757 se
627 1716 835 1771 omen,
884 1717 967 1759 ex
996 1695 1172 1759 curia
1200 1716 1504 1781 egressuS,
1528 1695 1962 1772 conclamavit,
1985 1708 2052 1759 et
2079 1695 2260 1796 plebs

142 1779 545 1843 circumfiisa
576 1780 963 1879 approbavit.
1054 1780 1413 1867 Antiquata
1438 1780 1676 1845 deinde
1711 1781 1772 1847 le

1037 1864 1285 1953 Tegula
1326 1866 1580 1954 publice
1624 1890 1774 1955 prae
1821 1868 1909 1933 ’ta
1942 1880 2076 1932 est:
2125 1867 2260 1933 saxi
2279 1885 2582 1935 Instaurati«)

96 1891 119 1923 1
144 1866 315 1929 urbs
352 1862 669 1930 aedifican
704 1878 945 1953 coepta.

1903 1804 2258 1869 promlsscue

1959 430 1998 471 0
2041 404 2340 494 possile‘
2373 402 2520 463 (238
2551 437 2572 453 .

2381 1104 2486 1165 55.

145 1950 597 2038 materiaeque
643 1946 1023 2029 caedendae,
1068 1952 1240 2017 unde
1277 1953 1548 2039 quisque
1585 1954 1793 2031 vellet,
1837 1956 1938 2019 ius
1979 1954 2216 2019 factum
2233 1978 2258 2031 3
2277 1949 2426 2001 urbi..

94 2070 125 2101 2
146 2035 507 2125 praedibus
553 2038 845 2125 aceeptiS‚
890 2060 969 2101 eo
1015 2060 1185 2103 anno
1231 2038 1520 2103 aedificia
1565 2039 1968 2124 perfecturos
2061 2040 2263 2104 Festi-

146 2123 344 2187 natio
388 2146 607 2188 curam
652 2125 893 2189 exemit
929 2123 1101 2188 vicos
1139 2124 1475 2211 dirigendi,
1507 2123 1682 2199 dum,
1713 2124 1943 2188 omisso
1978 2125 2076 2187 sui
2109 2124 2264 2188 alie-

148 2209 365 2295 nique
408 2208 793 2287 discrimine,
839 2209 910 2273 in
953 2232 1154 2274 vacuo
1198 2210 1553 2273 aedificant.
1648 2208 1748 2272 Ea
1788 2220 1885 2272 est
1935 2231 2139 2286 causa,
2188 2223 2262 2274 ut

152 2309 411 2360 veteres
450 2295 719 2373 cloacae,
748 2296 955 2385 primo

1080 2319 1113 2359 r
1152 2294 1483 2382 publicum
1521 2293 1770 2372 ductae,
1808 2317 1981 2358 nunc
2017 2294 2262 2381 privata

98 2404 133 2451 3
150 2382 399 2471 passim
426 2383 694 2447 subeant
722 2394 926 2482 *⁶52¹*
997 2404 1299 2468 ormaque
1338 2381 1512 2446 urbis
1551 2382 1633 2445 sit
1671 2393 2012 2468 occupatae
2042 2381 2261 2467 magis,

154 2492 359 2557 quam
388 2468 643 2549 divisae,
673 2468 910 2533 similis,

228 2663 265 2712 6
490 2666 501 2678 “
542 2666 651 2713 alia
670 2666 911 2727 arpa-id]
942 2662 1184 2725 Repertis

160 2742 349 2787 nempe
414 2727 525 2776 uius
552 2728 649 2775 loci
677 2744 735 2775 ac
767 2730 885 2777 situs
918 2724 1183 2777 commodi-

162 2795 343 2847 tatem,
372 2794 588 2851 caper-in·
622 2792 771 2839 alium
806 2793 986 2840 locum.
1018 2790 1183 2839 Cam.

164 2853 402 2902 Ceterum
414 2856 627 2916 expertis
638 2854 829 2916 passive
842 2854 1183 2915 accipiendum

166 2932 295 2975 esse,
333 2922 383 2964 et
422 2918 673 2966 auferendi
720 2933 835 2967 casu
876 2916 975 2966 dici
1018 2922 1185 2965 censet

168 2980 427 3029 Drakenb.

241 3055 269 3104 7
293 3046 451 3101 Quum
467 3052 711 3107 auum-ato
728 3046 1020 3095 liberaretur
1036 3045 1182 3107 Capi-

168 3109 367 3167 talium]
404 3108 577 3163 Quum
610 3124 699 3169 per
728 3109 929 3171 auguria
948 3110 1000 3156 id
1021 3124 1181 3171 agere-

170 3178 272 3229 tur,
304 3176 375 3229 ut,
407 3171 559 3218 libera
589 3186 621 3218 a
653 3173 827 3219 ceteris
856 3172 1183 3234 religionibus,

170 3248 290 3281 area
311 3234 589 3296 Capitolina
610 3240 736 3281 esset
756 3239 862 3281 tota
882 3235 1029 3283 Iovis.
1064 3234 1180 3285 vid.

172 3312 308 3359 supr.
328 3296 360 3346 i.
384 3310 459 3359 55.
501 3296 587 3345 ubi
607 3298 849 3345 Iuventae
868 3298 1053 3347 mentio
1075 3301 1182 3347 nul-

174 3362 229 3409 la
248 3362 467 3409 ocean-it.

242 3426 273 3472 8
307 3426 399 3473 Vooe
418 3432 689 3487 opportune
709 3426 909 3485 emissa]
938 3424 1086 3487 Vulg.
1103 3442 1183 3488 op-

168 3496 401 3552 portum.
460 3490 659 3536 Emissa
684 3504 867 3550 nempe
896 3494 1094 3547 temere,
1122 3490 1184 3537 ab

175 3568 239 3601 eo
276 3551 469 3600 homine
496 3552 581 3613 qui
613 3552 753 3600 nullo
784 3552 933 3599 modo
966 3567 1183 3612 praesen·

174 3622 278 3664 tem
316 3614 717 3678 disceptationem
746 3616 1032 3664 intueretur.
1086 3618 1182 3663 Do-

176 3681 327 3728 orem't
348 3686 617 3741 opportune
643 3696 737 3729 voa·
767 3679 969 3729 Bekker
998 3678 1051 3725 in
1081 3682 1184 3725 tex-

178 3750 285 3791 tum
306 3742 499 3805 recepit.

241 3820 274 3871 9
306 3806 457 3855 Curia
483 3809 727 3869 Hostilia]
769 3807 831 3856 cf.
870 3820 1001 3867 supr.
1038 3804 1071 3855 i.
1108 3818 1183 3867 30.

1248 2659 1399 2717 Quae
1440 2673 1594 2721 quum
1637 2658 1800 2709 diruta
1842 2664 1988 2719 esset,
2029 2657 2266 2708 dictatum

1250 2724 1477 2783 Caesare,
1498 2724 1746 2772 decretum
1771 2722 1866 2771 fust
1890 2728 1948 2771 ut
1975 2722 2262 2771 instaurare-

1248 2792 1347 2848 tur,
1374 2794 1425 2901 ect
1458 2802 1548 2849 pro
1577 2786 1813 2847 Hostilia,
1835 2787 1969 2835 Iulia
1992 2787 2263 2850 appellare-

1248 2858 1342 2901 tur.
1422 2866 1539 2901 mw.

1317 2930 1337 2964 1
1379 2918 1590 2979 Tegula]
1649 2914 1836 2977 Lignea
1874 2914 2080 2975 scilicet,
2115 2928 2263 2975 quam

1246 2980 1436 3041 ehinyle
1467 2980 1676 3042 Anglice
1708 2978 1930 3027 dicimus.
2015 2976 2134 3026 Non
2167 2978 2262 3027 nisi

1248 3049 1360 3105 post
1382 3044 1558 3105 Pyrrhi
1584 3042 1950 3105 expeditionem
1971 3043 2190 3091 imbrices
2210 3042 2264 3090 in

1246 3122 1391 3155 usum
1415 3106 1610 3156 Romae
1633 3111 1882 3155 venerunt.

1313 3184 1342 3219 ο
1375 3172 1654 3219 Praedibus
1681 3171 1914 3230 acceptis]
1953 3169 2033 3215 Ea
2063 3169 2187 3228 lege,
2207 3172 2266 3215 ut

1247 3234 1332 3297 qui
1365 3233 1710 3291 aedificabant,
1735 3232 1940 3292 praedes
1970 3232 2160 3288 darent,
2179 3229 2264 3290 qui

1246 3298 1546 3360 sponderent
1574 3310 1634 3344 eo
1662 3309 1792 3342 anno
1823 3292 2049 3341 aedificia
2081 3292 2264 3353 perfec-

1248 3368 1357 3409 tum
1382 3360 1456 3408 iri.
1492 3360 1653 3409 cuv.

1314 3438 1343 3486 3
1379 3425 1660 3484 Occupatae
1685 3422 1858 3481 maai-e,
1877 3434 2025 3492 qaam
2049 3420 2262 3492 divisae]

1248 3487 1413 3549 Magis
1433 3490 1702 3546 occupatae
1717 3499 1748 3532 a
1763 3483 1983 3544 singulis,
1997 3488 2143 3543 prout
2164 3496 2264 3529 ctu-

1248 3566 1344 3611 que
1367 3550 1513 3597 libuit
1535 3549 1663 3596 hanc
1685 3548 1762 3595 vel
1787 3546 1928 3595 illam
1963 3549 2150 3605 partem
2173 3544 2264 3593 sibi

1248 3614 1512 3671 vindicare,
1537 3625 1685 3673 quam
1718 3610 1902 3658 divisae
1935 3608 2025 3657 sub
2057 3608 2264 3669 arbitris,

1248 3677 1331 3737 qui
1374 3690 1517 3725 suum
1557 3674 1734 3735 cuique
1777 3674 1941 3722 locum
1980 3678 2114 3721 certa
2154 3673 2263 3737 lege

1248 3746 1297 3788 et
1318 3756 1491 3789 norma
1515 3738 1814 3801 asdgxmrent
1835 3737 2262 3801 terminarentque.

1248 3804 1408 3855 Gaza
