3000 4784
795 226 987 294 LIB.
1034 224 1117 291 V.
1184 224 1409 292 CAP.
1457 232 1562 291 28.
2106 232 2234 296 319

126 364 293 431 diam
342 386 479 431 non
528 364 681 430 tulit
722 380 999 441 senatuS,
1044 364 1203 452 quin
1246 364 1383 429 sine
1426 386 1608 429 mora
1645 364 1782 429 voti
1823 362 2230 429 liberaretur=
2253 376 2323 426 U.
2345 376 2408 427 c.
2433 365 2568 439 361.'

125 465 425 517 crateram
476 474 561 517 ue
610 474 869 517 auream
916 452 1163 517 donum
1211 450 1500 539 Apollini
1549 449 1842 538 Delphos
1883 450 2076 538 legati
2121 474 2168 538 q
2214 450 2230 465 ⁸
2255 444 2330 515 An
2349 442 2411 516 0.-
2435 455 2546 505 39¹·

100 536 377 616 sfemnt,
533 538 855 616 valerius,
902 538 979 603 1.
1016 537 1296 625 Sergius,
1343 538 1427 602 A.
1461 536 1772 615 Manlius,
1823 537 1998 602 missi
2048 536 2240 625 longa
2257 505 2554 631 &²:13ss

100 646 251 689 iuna
290 648 476 703 nave,
511 625 691 690 haud
725 623 949 713 procul
980 625 1145 689 freto
1192 623 1409 689 Siculo
1452 648 1493 689 a
1528 624 1748 711 piratis
1791 623 2240 711 Liparensium
2258 648 2372 682 cum
2393 634 2539 681 dono.

100 712 395 810 {excepti‚
456 712 871 777 devehuntur
928 711 1209 797 Liparas.
1315 709 1465 775 Mos
1523 724 1660 776 erat
1715 711 2006 788 civitatis,
2064 711 2242 775 velut

124 798 379 896 publico
410 798 754 863 latrocinio
774 812 1023 885 partam
1044 796 1345 884 praedam
1374 796 1678 861 dividere.
1758 796 1948 863 Forte
1971 819 2050 861 eo
2069 820 2240 861 anno
2258 808 2554 884 Timasithpi

125 906 190 946 m
226 905 483 948 summo
529 885 904 971 magistratu
946 897 1083 948 erat
1124 883 1558 948 Timasitheus
1595 883 1882 969 quidam,
1930 884 2240 948 Romanis
2259 874 2540 949 npetu-enm

126 970 219 1033 vir
238 969 533 1048 similior,
556 994 751 1057 quam
770 971 917 1035 suis.
1015 969 1168 1047 Qui,
1189 967 1542 1056 legatorum
1565 992 1822 1045 nomen,
1845 970 2238 1057 donumque,
2257 938 2442 999 rehgno.

128 1068 190 1119 et
217 1055 434 1135 deum,
460 1058 575 1122 cui
605 1058 985 1133 mitteretur,
1010 1069 1077 1121 et
1104 1056 1260 1121 doni
1290 1078 1544 1121 causam
1571 1056 1810 1120 veritus
1838 1056 1992 1143 ipse,
2025 1056 2242 1120 multi-

131 1141 415 1207 tudinem
448 1166 737 1230 quoque,
770 1166 935 1230 quae
964 1165 1099 1207 sem
1182 1166 1217 1206 r
1242 1143 1442 1207 ferme
1464 1142 1712 1229 regenti
1744 1155 1842 1207 est
1867 1142 2109 1219 similis,
2141 1164 2244 1206 re-

130 1226 379 1315 ligionis
402 1230 615 1295 iustae
638 1229 954 1318 implevit:
992 1166 1181 1293 adtihe
1346 1252 1428 1293 ue
1448 1230 1516 1293 in
1587 1228 1870 1293 ublicum
1893 1228 2242 1315 hospitium

130 1312 387 1401 legatos,
430 1339 589 1381 cum
632 1316 947 1403 praesidio
980 1316 1176 1379 etiam
1210 1338 1469 1380 navmm
1585 1314 1808 1402 elphos
1847 1327 2238 1401 prosecutus,

100 1398 406 1465 §Romam
434 1404 599 1468 inde
628 1403 895 1491 sospites
914 1402 1209 1466 restituit.
1287 1401 1660 1488 Hospitium
1688 1423 1837 1465 cum
1857 1422 1936 1464 eo
1957 1414 2244 1464 senatus-

136 1488 419 1553 consulto
450 1503 557 1554 est
582 1490 841 1567 iactum,
872 1488 1171 1575 donaque
1196 1487 1453 1575 publice
1484 1488 1650 1553 data.

218 1572 471 1639 Eodem
519 1598 693 1641 anno
726 1576 797 1641 in
842 1575 1090 1662 Aequis
1132 1575 1303 1639 varie
1338 1574 1678 1640 bellatumz
1725 1572 1888 1638 adeo
1931 1584 2004 1637 ut
2039 1572 2108 1635 in
2145 1573 2245 1636 in·
2263 1587 2465 1635 Bellum

137 1673 303 1725 certo
344 1661 551 1727 fuerit
594 1677 663 1727 et
710 1662 880 1749 apud
926 1662 1095 1749 ipsos
1138 1661 1455 1725 exercitus
1498 1673 1566 1725 et
1611 1660 1878 1737 Romae,
1923 1660 2243 1736 vicissent,
2262 1664 2376 1727 (ΜΡ
2401 1653 2494 1701 Ae-

139 1744 369 1813 victine
428 1761 667 1814 essent.
778 1747 1201 1836 Imperatores
1259 1747 1541 1811 Romani
1597 1747 1774 1812 fuere
1833 1768 1918 1811 ex
1977 1746 2246 1810 tribunis
2262 1730 2385 1777 ‘³⁸¹⁸'

140 1832 411 1898 militum
447 1834 531 1901 C.
561 1834 899 1911 AemiliuS,
933 1833 1041 1921 Sp.
1066 1834 1449 1899 Postumius-
1543 1833 1762 1897 Primo
1792 1856 1928 1898 rem
1956 1854 2246 1898 commu-

142 1917 301 1983 niter
386 1934 721 1986 esserunt:
766 1920 922 1985 fusis
964 1920 1117 1985 inde
1152 1921 1289 1985 acie
1330 1920 1635 1997 hostibus,
1669 1920 2022 1985 Aemilium
2063 1942 2245 2006 prac-

141 2003 297 2069 sidio
386 2009 757 2095 erruginem
780 2008 1067 2072 obtinere
1096 2006 1355 2094 placuit,
1380 2006 1782 2071 Postumium
1799 2006 1962 2071 fines
1979 2021 2240 2070 vastare.

145 2086 240 2153 Ibi
296 2116 470 2172 eum,
534 2094 956 2244 incomXosito
1014 2094 1269 2179 agmine
1326 2092 1755 2193 negligentius
1811 2093 1892 2155 ab
1951 2114 2020 2155 re
2079 2092 2244 2155 bene

146 2190 315 2259 gesta
360 2194 649 2257 euntem,
778 2181 901 2244 orti
950 2180 1186 2266 Aequi,
1230 2193 1469 2244 terrore
1517 2179 1772 2253 lniecto‚
1813 2179 1882 2242 in
1925 2178 2248 2264 proximos

149 2266 515 2351 compulere
554 2266 865 2331 tumulos:
913 2288 1237 2353 pavorque
1274 2265 1425 2330 inde
1454 2264 1882 2351 Verruginem
1927 2264 2121 2328 etiam
2163 2264 2248 2327 ad

148 2351 531 2431 praesidium
562 2353 829 2418 alterum
856 2366 955 2418 est
982 2352 1281 2441 perlatus
1374 2352 1759 2428 Postumius,
1779 2350 1908 2415 suis
1937 2350 2004 2413 in
2035 2362 2246 2413 tutum

151 2440 435 2524 receptis,
482 2462 685 2527 quum
728 2440 1036 2505 concione
1078 2438 1385 2504 advocata
1424 2453 1730 2502 terrorem
1777 2436 2133 2523 increparet
2175 2458 2248 2500 ac

154 2518 397 2607 fugam3
460 2527 633 2591 fusos
678 2548 814 2591 esse
866 2526 947 2590 ab
999 2524 1403 2613 ignavissimo
1454 2536 1522 2588 et
1569 2522 1972 2609 fugacissimo
2021 2520 2245 2597 hoste3

155 2610 505 2679 conclamat
532 2612 861 2677 universus
878 2613 1213 2689 exercitae,
1246 2610 1473 2675 merito
1500 2630 1570 2674 se
1593 2632 1671 2673 ea
1697 2609 1940 2685 audire,
1971 2620 2040 2672 et
2065 2607 2250 2671 fateri

158 2692 495 2764 admissum
539 2699 885 2786 flagitium:
932 2698 1045 2763 sed
1092 2697 1351 2762 eosdem
1396 2708 1790 2761 correcturos
1833 2716 1989 2771 esse,
2034 2716 2248 2780 neque

158 2777 526 2852 diuturnum
566 2787 635 2851 id
674 2785 980 2872 gaudium
1024 2784 1312 2849 hostibus
1346 2784 1499 2848 fore.
1591 2782 1954 2858 Poscentem,
1991 2793 2065 2845 ut
2099 2803 2251 2844 con·

160 2864 357 2933 festini
390 2872 547 2937 inde
576 2872 659 2937 ad
686 2886 889 2937 eastra
926 2871 1203 2935 hostium
1234 2870 1518 2948 duceret,
1555 2870 1656 2957 (in
1692 2880 2036 2955 conspectu
2071 2879 2252 2931 erant

160 2955 355 3034 posita
396 2960 469 3023 in
508 2958 733 3046 plano)
771 2957 933 3021 nihil
974 2978 1221 3045 poenae
1272 2958 1670 3033 recusabant,
1707 2956 1778 3019 ni
1824 2976 1902 3019 ea
1939 2969 2088 3018 ante
2133 2974 2252 3017 no·

162 3050 320 3106 etem
342 3056 833 3134 expugnassent.
896 3042 1311 3109 collaudatos
1331 3064 1596 3131 corpora
1611 3064 1854 3119 curare,
1873 3054 2250 3130 paratosque

167 3306 419 3374 statimque
438 3312 579 3363 dedit
598 3326 795 3375 operam
820 3316 877 3359 ut
896 3310 1172 3373 respublica
1234 3322 1343 3357 rum
1362 3306 1603 3371 principe,
1617 3320 1759 3368 quse,
1773 3304 2050 3354 vulcaniae
2067 3306 2144 3353 vel
2160 3307 2253 3355 Ae·-

170 3372 261 3419 roti
278 3375 575 3427 liberaretur.
599 3378 764 3426 Cam.
808 3378 963 3424 Taciti
976 3374 1173 3437 reponit
1236 3373 1365 3421 oliae
1403 3372 1584 3429 dictae,
1622 3370 1757 3419 haud
1799 3370 1968 3432 procul
2013 3369 2184 3418 Sicilia
2224 3384 2256 3417 a

170 3430 373 3489 Bekker.
446 3443 612 3491 Tacite
640 3457 741 3489 non
768 3442 883 3488 nait
914 3438 1173 3501 significet,
1238 3442 1377 3499 parte
1398 3432 1765 3497 septentrionali
1790 3431 1977 3494 positae
1997 3438 2125 3481 sunt.

174 3504 453 3554 verecundia
474 3505 578 3554 eius
602 3510 767 3553 motus
786 3510 861 3551 est
880 3508 1093 3551 senatus.
1304 3498 1335 3549 6
1365 3500 1676 3561 Hospitium]
1715 3496 1918 3545 Diodor.
1932 3497 2030 3544 xiv.
2049 3510 2126 3561 93.
2144 3496 2255 3544 scri-

195 3624 205 3634 „
231 3578 258 3625 3
287 3570 459 3632 Lonya
495 3584 602 3618 una
630 3570 783 3629 nave]
828 3568 977 3623 Quae
1008 3580 1177 3615 onera-
1240 3564 1314 3613 hit
1356 3569 1582 3612 senatum
1629 3562 1912 3611 Romanum
1951 3560 2257 3609 Timasitheo

172 3626 249 3674 nis
274 3632 373 3681 sive
406 3632 625 3682 rotundis
658 3630 863 3680 navibus
895 3629 1177 3693 opponitur,
1241 3630 1372 3677 dona
1395 3632 1446 3675 et
1477 3627 1586 3674 iura
1611 3622 1850 3686 προξενίας
1876 3624 2072 3686 publice
2101 3625 2257 3672 dedis-

176 3694 226 3761 11}
244 3708 319 3756 ap.
344 3698 561 3747 Graecos
578 3695 745 3758 μακραὶ
768 3696 889 3753 νῆες.
947 3694 1075 3743 Illae
1098 3708 1174 3741 ve
1240 3706 1311 3752 se,
1344 3696 1396 3741 et
1433 3704 1586 3752 quum
1626 3688 1838 3750 Liparae
1871 3688 2027 3751 primo
2068 3688 2258 3739 Punico

177 3750 245 3813 ¹¹⁸,
264 3758 355 3808 hae
377 3762 523 3809 remis
542 3762 825 3823 agebantur.
1240 3757 1374 3805 bello
1387 3755 1438 3802 in
1453 3754 1688 3813 ditionem
1705 3754 1984 3801 Romanam
2000 3753 2258 3813 venissent,

235 3837 263 3879 4
292 3820 506 3885 Pir-atis]
545 3824 680 3873 Plut.
702 3824 753 3871 in
777 3822 919 3872 Cam.
942 3824 988 3871 8.
1010 3820 1175 3870 scribit
1242 3827 1460 3882 posteros
1493 3818 1630 3866 illius
1664 3818 1728 3865 ab
1765 3816 1900 3865 omni
1937 3815 2122 3865 tributo
2167 3817 2256 3864 im-

179 3893 339 3935 navem
384 3890 681 3947 Romanam,
724 3892 781 3935 ut
832 3886 1107 3949 piraticam,
1148 3900 1180 3933 ιι
1242 3898 1419 3932 munes
1439 3888 1489 3931 et
1511 3896 1707 3944 prorsus
1727 3878 2029 3930 liberos’esse
2051 3880 2256 3929 iussisse.

180 3942 512 4008 Liparensibus
540 3957 746 4014 captam
782 3950 957 4007 fixisseg
995 3950 1181 4011 quippe
1244 3948 1417 3999 Crater
1444 3947 1532 3995 iile
1551 3960 1728 3995 aureus
1753 3944 1806 3993 in
1833 3946 2062 3994 thesauro
2084 3943 2256 3992 Massi-

180 4006 455 4079 Liparenses
485 4016 666 4078 piratas
686 4014 968 4077 Tyrrhenos
986 4013 1182 4075 saepius
1244 4011 1471 4061 liensinm
1513 4026 1594 4073 ap.
1632 4009 1860 4072 Delphos
1895 4007 2154 4070 repositus,
2186 4006 2259 4077 ‘ab

182 4074 353 4127 maidiis
394 4078 785 4142 intercipiebant,
818 4083 870 4126 et
902 4078 1038 4126 baud
1074 4092 1181 4125 raro
1248 4074 1560 4126 Onomarcho
1583 4074 1782 4122 tandem
1809 4072 1858 4120 in
1886 4071 2018 4119 bello
2045 4070 2260 4117 Phocico

184 4138 405 4209 primitias
440 4144 649 4205 praedae
686 4142 912 4204 Delphos
942 4142 1007 4190 ad
1030 4140 1181 4203 Apol-
1243 4140 1487 4193 conflatus
1529 4142 1618 4189 est.
1672 4138 1734 4186 cf.
1771 4135 1985 4197 Appian.
2029 4132 2080 4179 in
2136 4130 2260 4179 Exc.

184 4198 320 4254 linem
342 4208 618 4256 mittebant.
1248 4204 1415 4254 Vales.
1440 4218 1489 4265 p.
1513 4200 1621 4263 465.

244 4279 269 4326 5
302 4272 535 4335 Liparas]
592 4270 781 4321 Urbem
820 4268 871 4318 in
908 4268 1068 4319 insula
1102 4282 1181 4317 ea-
