3000 4784
373 326 442 376 U.
464 324 525 374 0.
552 336 662 387 354.

371 391 432 439 A.
467 390 526 445 C.-
551 391 662 453 398.

373 452 576 502 Bellum

369 516 648 581 multiplex.

371 1794 458 1843 Tr.
483 1793 596 1843 Mil.

371 1857 616 1921 plebeius.

371 2051 443 2101 U.
465 2052 526 2101 O.
551 2062 661 2114 355.

371 2117 434 2165 A.
465 2116 525 2190 C..
551 2126 659 2191 327.

373 2182 432 2229 P.
458 2180 618 2228 Licini

369 2244 548 2301 Calvo,
571 2249 666 2295 etc.

369 2306 457 2357 Tr.
481 2308 595 2357 Mil.

702 188 828 249 302
1465 180 1695 249 ΤῙΤΙ
1754 178 2028 247 LIVII

697 316 1476 492 affsnfzsssxfffissaz
1487 330 1909 469 rste&
1948 326 2837 501 suarm&

700 504 839 557 tum
881 490 994 555 Μ’.
1021 492 1340 557 Aemilius
1383 504 1450 555 et
1495 490 1583 555 K.
1610 490 1861 555 Fabius
1954 488 2050 553 Μ.
2074 488 2267 552 Furio
2311 510 2383 551 m
2424 486 2731 562 Faliscis,
2770 499 2838 549 et

702 576 826 642 Cn.
853 576 1158 643 Cornelio
1203 578 1272 641 in
1305 576 1637 665 Capenate
1678 599 1830 663 agro
1877 575 2093 641 hostes
2129 574 2291 639 nulli
2330 584 2517 637 extra
2552 574 2839 637 moenia

695 664 978 729 inventi:
1030 664 1304 751 praedae
1349 676 1549 740 actae,
1594 661 2039 748 incendiisque
2092 660 2387 725 villarum
2429 682 2505 724 ac

694 751 922 815 vastati
951 750 1144 815 fines:
1195 750 1430 837 oppida
1457 772 1579 814 nec
1609 761 1995 836 oppugnata,
2020 770 2141 812 nec
2170 748 2424 812 obsessa
2450 757 2627 811 sunt.
2740 746 2843 808 At

693 836 764 899 in
799 835 1066 914 Volsci8‚
1097 836 1482 923 depopulato
1524 858 1695 923 agre,
1728 834 1965 900 Anxur
2002 833 2433 934 nequicquam
2476 854 2843 919 oppugna-

697 936 854 1001 tum,
903 923 1046 988 loco
1092 922 1220 987 alto
1271 922 1503 998 situm3
1565 934 1652 999 et,
1696 932 2031 1009 postquam
2074 943 2169 984 Vis
2220 920 2399 983 irrita
2438 930 2597 994 erat,
2654 917 2843 981 vallo

695 1009 986 1095 fossaque
1046 1008 1323 1073 obsideri
1380 1020 1698 1095 coeptum.
1790 1007 2053 1072 Valerio
2111 1006 2329 1071 Potito
2374 1004 2603 1072 Volsci
2672 1028 2841 1091 pro-

695 1095 906 1159 vincia
948 1108 1261 1162 evenerat.
1355 1094 1503 1159 Hoc
1548 1106 1716 1159 statu
1754 1094 2124 1158 militarium
2162 1114 2395 1168 rerum,
2437 1090 2689 1155 seditio
2728 1092 2841 1154 in-

697 1182 932 1246 testina
969 1182 1206 1247 maiore
1242 1181 1410 1245 mole
1449 1194 1686 1257 coorta,
1718 1202 1914 1267 quam
1941 1178 2111 1243 bella
2154 1179 2607 1243 tractabantur.
2720 1176 2836 1253 Et,

698 1290 902 1354 quum
941 1269 1252 1333 tributum
1292 1267 1567 1331 conferri
1609 1290 1727 1353 per
1767 1266 2055 1331 tribunos
2092 1288 2227 1329 non
2264 1276 2501 1351 poaeet,
2534 1286 2669 1328 nec
2714 1264 2841 1327 sti-

697 1354 1008 1440 pendium
1046 1355 1134 1419 im
1221 1354 1531 1419 ratoribus
1570 1354 1946 1431 mitteretur,
1978 1374 2249 1438 aeraque
2290 1350 2595 1415 militaria
2632 1350 2839 1436 flagi-

697 1452 863 1505 taret
891 1441 1092 1518 miles,
1209 1440 1300 1505 ud
1337 1440 1561 1527 procul
1598 1455 1755 1516 erat,
1786 1440 1947 1525 quin
1987 1450 2191 1503 castra
2218 1458 2478 1525 quoque
2526 1437 2837 1501 urbanae

697 1526 1030 1591 seditionis
1068 1540 1220 1591 cont
1305 1527 1446 1591 'one
1479 1527 1904 1591 turbarentur.
1996 1523 2177 1589 Inter
2204 1524 2317 1589 has
2346 1524 2471 1587 iras
2500 1522 2731 1609 plebis
2762 1523 2837 1585 in

699 1611 942 1689 PatreS‚
967 1635 1168 1699 quum
1193 1614 1270 1677 tri
1317 1612 1432 1677 uni
1459 1612 1664 1699 plebis
1686 1634 1860 1676 nunc
1890 1610 2053 1675 illud
2075 1622 2327 1697 tempus
2354 1632 2493 1674 esse
2518 1609 2839 1673 dicerent

698 1698 1112 1762 stabiliendae
1135 1698 1462 1775 libertatis,
1483 1711 1551 1762 et
1580 1698 1661 1762 ab
1694 1696 1929 1784 Sergiis
1945 1696 2383 1795 Virginiisque
2406 1696 2491 1760 ad
2520 1694 2835 1795 plebeios

697 1782 866 1847 viros
908 1782 1102 1847 fortes
1145 1806 1218 1847 ac
1261 1796 1553 1848 strenuos
1596 1782 2016 1849 transferendi
2060 1805 2289 1847 summi
2324 1782 2633 1859 honor-183
2684 1804 2833 1847 non

699 1880 914 1933 tamen
953 1868 1121 1933 ultra
1157 1891 1523 1955 processum
1564 1884 1679 1947 est,
1712 1892 1907 1956 quam
1942 1881 2017 1933 ut
2054 1892 2221 1933 unus
2260 1892 2345 1933 ex
2380 1868 2595 1956 plebe,
2630 1892 2835 1934 usur-

697 1955 896 2041 pandi
923 1954 1077 2019 iuris
1099 1978 1306 2033 causa,
1338 1956 1412 2021 P.
1439 1955 1731 2021 Licinius
1764 1955 2001 2021 Calvus
2030 1956 2323 2020 tribunus
2352 1955 2637 2020 militurn
2662 1978 2835 2021 con-

697 2039 888 2107 sulari
917 2054 1228 2143 potestate
1257 2055 1611 2107 crearetur:
1660 2043 1857 2107 ceteri
1880 2042 2131 2129 patricii
2152 2042 2348 2107 creati
2377 2042 2453 2106 P.
2480 2041 2831 2117 MaeniuS,
2848 2068 2877 2115 3

699 2127 776 2192 L.
801 2128 1103 2205 Titinius,
1135 2129 1209 2193 P.
1237 2128 1537 2206 MaeliuS,
1568 2127 1645 2193 L.
1668 2129 1899 2194 Furius
1929 2127 2350 2206 MedullinuS,
2382 2127 2463 2193 L.
2486 2128 2831 2193 Publilius

699 2212 988 2315 Volscus.
1079 2214 1228 2302 Ipsa
1253 2214 1472 2315 plebes
1504 2215 1868 2293 mirabatur,
1898 2237 1965 2279 se
1998 2225 2242 2279 tantam
2262 2236 2399 2279 rem
2420 2215 2825 2291 obtinuisse3

697 2322 832 2365 non
875 2324 929 2366 1s
975 2302 1186 2378 mode,
1237 2324 1352 2388 qul
1397 2314 1645 2365 creatus
1688 2314 1841 2379 erat,
1884 2302 1983 2365 vir
2025 2300 2217 2365 nullis
2260 2314 2407 2366 ante
2453 2301 2827 2367 honoribus

697 2408 868 2464 usus,
897 2400 1081 2453 vetus
1109 2400 1362 2452 tantum
1389 2400 1659 2465 senator,
1680 2400 1748 2488 et
1776 2398 1981 2453 aetate
2010 2388 2139 2453 iam
2167 2388 2391 2473 gravis.
2484 2386 2557 2451 N
2556 2410 2637 2453 ee
2660 2387 2826 2452 satis
2842 2420 2872 2455 «ι
2962 2381 2964 2476 l

695 2486 963 2552 constat,
1009 2497 1126 2539 cur
1165 2475 1408 2561 primus
1451 2496 1525 2538 ac
1656 2474 1930 2539 tissimus
1972 2473 2057 2538 ad
2098 2494 2335 2538 novum
2386 2472 2823 2539 delibandum

696 2560 1003 2625 honorem
1035 2561 1118 2624 sit
1136 2560 1407 2625 habitus.
1596 2559 1633 2573 '‘
1661 2559 1784 2624 Cn.
1812 2558 2099 2624 Cornelii
2120 2560 2347 2637 fratriS‚
2370 2559 2485 2659 qui
2508 2560 2823 2625 tribunus

697 2646 974 2711 militum
1014 2648 1223 2734 priore
1265 2670 1434 2711 anno
1477 2646 1704 2723 fixerat,
1736 2646 1817 2710 tri
1862 2646 2099 2732 lexque
2133 2645 2527 2732 stipendium
2566 2670 2607 2711 e
2658 2648 2865 2715 uiti-⁵

698 2732 816 2797 bus
844 2732 1126 2810 dederat,
1149 2734 1353 2820 gratia
1379 2744 1735 2797 extractum
1765 2670 1863 2797 ad)
1878 2744 2129 2796 tantum
2156 2732 2467 2797 honorem
2496 2755 2535 2795 c
2658 2744 2815 2799 unt:

695 2818 805 2880 alii
843 2820 1198 2883 orationem
1239 2820 1450 2905 ipsum
1489 2820 1931 2905 tempestivam
1970 2818 2053 2883 de
2092 2819 2437 2883 concordia
2478 2819 2817 2895 ordinum,

697 2902 993 2967 Patribus
1019 2902 1320 2990 plebique
1350 2916 1614 2990 gratam,
1645 2905 1957 2970 habuisse.
2050 2903 2195 2969 Hac
2218 2904 2485 2971 victoria
2508 2907 2819 2972 comitio-

695 3084 933 3140 rerentur,
969 3080 1056 3129 sed
1098 3079 1170 3129 ita
1205 3085 1394 3141 tamen,
1423 3087 1482 3131 ut
1520 3083 1717 3132 nullum
1781 3084 1929 3146 plebe
1950 3082 2165 3145 primum
2184 3083 2341 3132 factos
2360 3098 2492 3133 anno
2516 3084 2589 3135 U.
2608 3086 2673 3136 C.
2700 3077 2814 3149 263.

697 3146 884 3195 bellum
909 3144 1250 3195 terminaretur
1281 3150 1478 3207 sperata
1498 3146 1715 3197 victoria.
1781 3148 1871 3197 sed
1911 3162 2011 3197 non
2054 3148 2171 3197 satis
2212 3148 2424 3197 attendit
2466 3150 2532 3197 ad
2573 3148 2815 3215 Dionysii

697 3210 860 3261 Cam.
1780 3213 1942 3271 verba,
1964 3226 2171 3273 quorum
2200 3212 2323 3260 haec
2350 3228 2490 3260 mens
2511 3218 2619 3271 est;
2654 3222 2719 3263 ut
2742 3216 2812 3264 in-

762 3289 790 3337 3
824 3276 888 3324 P.
909 3276 1176 3335 Maenius]
1214 3272 1360 3322 Haec
1381 3289 1477 3323 vox
1507 3288 1569 3323 ex
1602 3290 1714 3323 eon-
1779 3277 1857 3323 ter
1888 3276 2201 3325 incommoda
2231 3290 2357 3337 quae
2388 3276 2441 3324 in
2472 3278 2717 3338 patricios
2748 3294 2811 3328 ex

696 3340 882 3389 iectura
904 3338 1087 3400 Sigonii
1107 3338 1320 3400 irrepsit,
1340 3339 1426 3386 sed
1451 3339 1715 3401 legendum
1778 3340 2093 3389 accusatione
2124 3346 2176 3388 et
2206 3339 2523 3388 damnatione
2548 3342 2811 3393 Coriolani

697 3404 760 3452 P.
769 3404 1001 3451 Manlius
1024 3403 1200 3463 Vulso,
1214 3408 1270 3450 ut
1287 3417 1348 3450 ex
1369 3402 1564 3465 Fragm.
1580 3402 1715 3452 Fast.
1780 3402 2001 3452 derivata
2040 3408 2173 3463 sunt,
2214 3404 2310 3452 hoe
2348 3419 2543 3465 quoque
2588 3414 2811 3467 notetur,

696 3466 862 3528 Capit.
897 3466 972 3515 ed.
1007 3465 1280 3529 Burghesio
1313 3470 1465 3527 patet.
1536 3466 1601 3513 In
1636 3466 1715 3515 iis-
1780 3466 1970 3515 aditum
2012 3468 2063 3515 in
2102 3468 2287 3515 curiam
2326 3467 2544 3529 patuisse
2580 3472 2808 3532 plebeiis.

697 3531 811 3579 dem
849 3530 1027 3593 legitur
1056 3532 1270 3593 Spurius
1304 3528 1484 3578 Furius
1517 3528 1715 3579 Medul-
1780 3531 1851 3579 At
1880 3532 1932 3580 id
1958 3532 2049 3579 illo
2074 3546 2203 3579 anno
2224 3532 2410 3579 factum
2430 3547 2537 3581 esse
2558 3549 2663 3583 non
2687 3536 2807 3583 dicit

697 3594 844 3653 linus,
865 3610 966 3642 non
985 3596 1184 3643 Lucius.
1239 3594 1314 3642 Hi
1335 3596 1484 3643 ambo
1506 3594 1715 3655 patricii,
1780 3594 2061 3658 Dionysius.
2086 3596 2251 3645 cmv.
2312 3596 2465 3644 Hune
2486 3597 2695 3658 quidem
2720 3612 2809 3661 per

697 3656 844 3705 ceteri
890 3671 1060 3705 omnes
1103 3658 1297 3719 plebeii.
1343 3658 1551 3708 Niebhr.
1580 3658 1632 3709 ii.
1662 3674 1711 3707 n.
1777 3664 2088 3721 quaesturam
2107 3658 2237 3707 viam
2253 3658 2343 3706 sibi
2366 3660 2417 3707 in
2434 3668 2663 3709 senatum
2687 3678 2805 3725 ape-

698 3719 813 3770 866.
1776 3722 1926 3772 ruisse
1948 3722 2199 3771 existimat
2221 3723 2428 3772 Niebhr.
2449 3722 2501 3773 ii.
2526 3740 2576 3786 p.
2602 3741 2717 3791 429.

761 3801 792 3845 4
833 3784 982 3833 ναίω
1001 3790 1194 3833 toruum
1213 3788 1433 3845 senator]
1479 3786 1595 3835 Hoc
1618 3786 1713 3847 pri-
1843 3798 1871 3849 5
1907 3788 2201 3850 fflploaeqvu
2220 3788 2540 3849 stipendium]
2566 3789 2801 3852 Triplum

695 3862 834 3895 mum
875 3848 983 3894 loeo
1021 3846 1080 3893 fit
1115 3847 1303 3895 mentio
1341 3852 1476 3910 apud
1514 3850 1712 3899 Livium
1778 3850 1882 3900 eius
1916 3852 2049 3913 quod
2088 3850 2243 3913 pediti
2281 3850 2518 3899 dabatur:
2554 3858 2613 3900 ut
2648 3854 2801 3903 eonii·

695 3911 938 3985 senatoris·
965 3910 1163 3984 plebeii.
1231 3912 1351 3967 Quo
1384 3918 1552 3961 autem
1588 3920 1711 3963 tem·
1777 3930 1889 3964 cere
1910 3932 1971 3964 ex
1994 3931 2054 3965 eo
2074 3929 2351 3977 possumus,
2374 3916 2507 3976 quod
2530 3916 2714 3979 Polyb.
2738 3919 2800 3967 vi.

697 3990 816 4038 pore
858 3976 1022 4023 aditus
1062 3988 1115 4022 in
1156 3974 1453 4025 senatorium
1491 3978 1713 4027 ordinem
1778 3994 1855 4043 39.
1894 3978 2022 4028 hanc
2064 3978 2241 4028 servari
2278 3993 2401 4027 aevo
2438 3994 2527 4027 suo
2564 3980 2800 4043 stipendii

695 4038 902 4103 plebeiis
943 4038 1176 4102 patuerit,
1209 4054 1308 4088 non
1350 4040 1468 4090 satis
1506 4048 1713 4101 constat,
1776 4045 2013 4105 equestris
2028 4044 2091 4092 ad
2114 4044 2337 4105 pedestre
2352 4044 2592 4093 rationem
2616 4044 2798 4095 scribit.

695 4120 786 4153 nee
819 4103 938 4153 certi
970 4104 1238 4166 quidquam
1271 4104 1366 4153 hac
1398 4108 1462 4155 de
1493 4120 1547 4155 re
1578 4107 1713 4168 apud
1778 4108 1939 4157 Cnnv.
1995 4108 2065 4156 Iis
2084 4112 2253 4157 autem
2274 4107 2389 4155 solis
2408 4106 2591 4169 triplex
2612 4109 2797 4171 stipen-

693 4168 921 4231 antiquos
939 4173 1163 4217 auctores
1188 4169 1440 4232 reperitur.
1508 4169 1711 4219 Glareoe
1776 4170 1912 4220 dium
1950 4172 2175 4230 dabatur,
2208 4170 2293 4233 qui
2330 4170 2469 4233 equis
2504 4170 2606 4221 suis
2645 4188 2797 4223 mere—

693 4248 788 4281 nus
807 4232 860 4282 in
881 4238 1000 4281 nota
1023 4232 1088 4282 ad
1121 4233 1254 4282 hunc
1287 4234 1452 4282 locum
1483 4234 1713 4293 affimat,
1776 4236 1911 4286 bant.
1956 4235 2019 4286 cf.
2042 4250 2173 4299 supr.
2200 4246 2244 4297 7.

695 4296 848 4346 Dion.
865 4296 947 4347 vii.
967 4294 1048 4359 65.
1069 4310 1364 4347 memorasse
1383 4302 1631 4347 senatores
1650 4312 1713 4347 ex

2962 2999 2964 3060 1
