3000 4784
835 222 1023 289 LIB.
1072 220 1199 289 ΙΙΙ.
1258 222 1478 289 CAP.
1528 228 1628 289 63.
2149 232 2274 291 213

174 362 191 391 ‘
208 354 563 455 agitedum,
598 358 956 437 clamorem,
982 359 1235 448 qualem
1264 360 1331 425 in
1361 361 1495 425 acie
1525 360 1832 427 sublaturi
1863 361 2030 438 estis,
2065 361 2264 427 tollite
2289 379 2356 429 U.
2379 380 2436 429 C.
2463 379 2572 443 306.

172 449 191 476 ‘
208 440 325 519 luc,
386 441 689 509 indicem
742 445 1084 511 voluntatis
1129 446 1504 534 virtutisque
1552 448 1832 513 vestrae!
1917 448 2264 535 Postquam
2283 444 2344 495 A.
2377 446 2436 495 Ο·
2459 444 2570 506 446·

168 526 407 614 ingenti
436 529 775 597 alacritate
814 531 1051 598 clamor
1088 546 1184 599 est
1222 533 1524 611 sublatus,
1573 543 1594 572 ‘
1621 532 1818 609 Quod
1844 535 2007 599 bene
2037 547 2260 613 vertat,

168 620 187 648 ‘
202 628 537 763 gesturum
604 640 673 683 se
724 618 850 683 illis
899 640 1159 697 morem,
1208 632 1589 721 posteroque
1637 620 1740 685 die
1789 620 1857 685 in
1903 621 2102 695 aciem
2150 622 2264 687 de-

167 707 185 735 ‘
246 704 605 781 ucturum,’
662 705 945 771 affirmat.
1038 706 1385 794 Reliquum
1444 707 1576 771 <hei
1641 707 2016 795 apparandis
2075 709 2262 774 armis

164 808 419 853 consum
472 802 627 855 tum
684 804 797 857 est.
886 792 1152 859 Postero
1210 794 1315 858 die
1374 794 1562 858 simul
1619 794 1842 859 instrui
1905 794 2258 859 Romanam

163 874 353 939 aciem
442 877 632 942 abini
660 878 895 956 videre,
930 892 997 945 et
1043 880 1183 967 ipsi,
1215 881 1339 945 iam
1388 881 1636 967 pridem
1677 881 1844 946 avidi
1880 882 2256 959 certaminis,
2279 906 2453 968 Pugna
2469 921 2582 957 cum

164 961 541 1045 procedunt.
640 964 962 1031 Proelium
1018 968 1159 1044 fuit,
1213 966 1399 1055 quale
1458 968 1625 1033 inter
1679 966 1950 1032 fidentes
2007 967 2260 1033 sibimet
2275 968 2462 1020 iisdem.

123 1046 337 1113 9amb0
400 1051 757 1129 exercitus,
815 1053 1045 1118 veteris
1100 1066 1574 1154 perpetuaeque
1631 1054 1928 1119 victoriae
1989 1053 2258 1119 alterum

164 1130 369 1217 gloria,
434 1136 720 1202 alterum
784 1162 991 1226 nuper
1054 1162 1219 1205 nova
1273 1140 1538 1205 victoria
1593 1140 1846 1205 elatum.
1971 1140 2258 1206 Consilio

163 1219 345 1283 etiam
380 1220 620 1288 Sabini
649 1225 812 1290 vires
841 1226 1175 1292 adiuvere:
1222 1249 1372 1290 nam
1402 1248 1601 1313 quum
1631 1239 2004 1312 aequassent
2031 1227 2252 1304 aciem,

162 1302 281 1369 duo
332 1322 529 1374 extra
578 1311 869 1377 ordinem
920 1312 1134 1389 millia,
1181 1336 1345 1400 quae
1388 1312 1457 1376 in
1509 1312 1827 1377 sinistrum
1879 1334 2076 1377 cornu
2123 1312 2258 1377 Ro-

164 1412 497 1460 manorum
530 1398 605 1463 in
628 1398 766 1487 ipso
788 1399 1129 1464 certamine
1152 1397 1627 1485 impressionem
1650 1398 1949 1476 facerent,
1973 1411 2250 1463 tenuere.

168 1475 343 1551 Quae
390 1484 537 1560 ubi,
582 1483 771 1549 illatis
812 1506 895 1551 ex
942 1498 1291 1551 transverso
1338 1485 1550 1572 signis,
1591 1484 2014 1571 degravabant
2057 1508 2252 1573 prope

166 1564 675 1635 circumventum
718 1594 955 1649 cornu3
1002 1572 1249 1660 equites
1290 1571 1559 1637 duarum
1603 1570 1924 1659 legionum
1969 1571 2252 1637 sexcenti

164 1650 283 1716 fere
324 1678 411 1719 ex
460 1657 656 1745 equis
695 1657 1013 1735 desiliunt,
1049 1658 1548 1745 cedentibusque
1587 1658 1713 1722 iam
1757 1657 1884 1723 suis
1924 1658 2255 1746 provolant

168 1735 229 1799 in
270 1741 605 1826 primum;
652 1744 965 1832 simulque
1012 1759 1081 1811 et
1123 1744 1289 1809 hosti
1334 1768 1401 1810 se
1449 1757 1802 1845 oppontmt,
1849 1758 1934 1823 et,
1982 1756 2252 1833 aequato

167 1825 435 1908 primum
534 1830 795 1908 ericulo,
836 1830 1077 1919 pudore
1126 1831 1359 1899 deinde
1406 1854 1652 1896 ammos
1695 1832 1986 1981 peditum
2027 1854 2253 1897 accen-

171 1908 337 1977 dunt.
432 1854 887 1983 &recundiae
946 1932 1097 1996 erat,
1150 1918 1431 2005 equitem
1490 1940 1606 1983 suo
1659 1942 1698 1981 a
1719 1919 1990 2005 ienoque
2039 1917 2250 1983 Marte

170 2018 485 2085 pugnare:
560 2004 841 2091 peditem
893 2028 973 2072 ne
1026 2006 1108 2070 ad
1153 2005 1348 2105 pedes
1394 2005 1656 2154 quidem
1708 2005 1999 2092 degresso
2051 2005 2252 2092 equiti

170 2104 375 2167 parem
403 2112 571 2157 esse.
649 2090 919 2157 Vadunt
952 2091 1143 2179 igitur
1169 2114 1237 2155 m
1266 2092 1576 2178 proeium
1605 2092 1685 2155 ab
1715 2114 1829 2155 sua
1855 2104 2032 2179 parte
2065 2092 2248 2156 omis-
2373 2100 2488 2161 63.·

174 2190 341 2251 sum3
388 2189 459 2241 et
500 2177 735 2256 locum,
768 2200 851 2243 ex
881 2202 1008 2266 quo
1048 2190 1379 2254 cesserant,
1416 2201 1482 2241 re
1531 2190 1750 2243 etunt:
1799 2191 2250 2265 momentoque

174 2276 293 2322 non
336 2265 645 2329 restituta
692 2264 883 2329 modo
932 2288 977 2351 p
1108 2289 1163 2341 a,
1213 2264 1326 2329 sed
1376 2201 1717 2329 inciinatur
1761 2265 1952 2330 etiam
2005 2264 2252 2330 Sabinis

176 2364 377 2413 cornu.
474 2351 700 2438 Eques
738 2351 905 2416 inter
950 2374 989 2415 o
1070 2352 1083 2365 ⁰
1135 2374 1203 2417 es
1248 2350 1536 2437 peditum
1583 2362 1784 2415 tectus
1825 2374 1892 2415 se
1933 2350 2015 2416 ad
2054 2374 2252 2439 equos

177 2433 426 2520 recipit:
482 2437 827 2504 transvolat
872 2437 1021 2503 inde
1070 2438 1137 2501 in
1182 2450 1426 2537 partem
1474 2435 1755 2513 alteram,
1793 2438 1919 2501 suis
1953 2437 2249 2501 victoriae

180 2522 467 2601 nuntius3
519 2523 709 2589 simul
736 2537 803 2589 et
837 2525 907 2588 in
942 2523 1153 2589 hostes
1187 2546 1313 2588 lam
1354 2521 1634 2610 pavidos,
1711 2522 1904 2609 uippe
1933 2522 2073 2587 fuso
2102 2544 2250 2587 suae

180 2608 357 2686 partis
405 2610 719 2676 validiore
770 2634 987 2688 cornu,
1039 2610 1351 2697 impetum
1394 2608 1562 2674 facit.
1725 2632 1810 2673 on
1859 2608 2128 2673 aliorum
2173 2632 2251 2673 eo

182 2694 405 2835 proelio
457 2698 659 2763 virtus
716 2698 913 2785 magis
970 2696 1217 2763 enituit.
1330 2694 1574 2761 Consul
1631 2695 1960 2782 providere
2017 2695 2248 2773 omnia,

202 2779 421 2872 sudare
448 2785 669 2861 forteS,
699 2784 1045 2871 increpare,
1076 2781 1277 2848 sicubi
1305 2782 1560 2871 segnior
1631 2806 1802 2870 ugna
1830 2794 2009 2847 esset.
2090 2780 2248 2847 Cas-

182 2866 345 2949 ugati
373 2869 638 2937 fortium
667 2872 879 2937 statim
908 2872 1183 2935 virorum
1219 2892 1475 2956 operam
1515 2893 1552 2934 e
1599 2871 1827 2935 ebant:
1877 2882 2250 2956 tantumque

184 2944 285 3014 hos
310 2958 543 3041 pudor,
574 2972 880 3043 quantum
910 2956 1065 3023 alios
1092 2956 1311 3021 laudes
1340 2956 1716 3022 excitabant.
1788 2956 2247 3043 Redintegrato
2270 2966 2490 3042 Vincunt

184 3034 459 3122 elamore,
518 3044 801 3131 undique
860 3066 1079 3109 omnes
1136 3042 1377 3108 connisi
1436 3043 1682 3108 hostem
1741 3055 2070 3119 avertunt3
2131 3065 2250 3107 nec
2267 3032 2496 3083 Romam.

182 3118 403 3193 deinde
450 3130 745 3195 Romana
785 3130 879 3195 vis
920 3130 1213 3195 sustineri
1254 3130 1479 3216 potuit.
1577 3129 1813 3206 Sabini,
1855 3130 1976 3193 fusi
2020 3130 2252 3215 passim

184 3228 287 3290 Per
329 3237 531 3303 agros,
568 3231 769 3283 castra
812 3216 979 3281 hosti
1024 3216 1105 3281 ad
1152 3215 1447 3303 praedam
1495 3214 1656 3279 relin
1704 3228 1881 3281 uunt.
1971 3214 2072 3279 Ibi
2119 3237 2252 3279 non

186 3298 505 3381 Sociorum,
546 3302 709 3369 sicut
752 3304 821 3367 in
856 3302 1113 3403 Algido,
1155 3324 1274 3379 reS,
1314 3300 1427 3365 sed
1470 3323 1613 3365 suas
1722 3322 2002 3379 omanus,
2046 3323 2251 3388 popu-

186 3376 511 3455 lationibus
538 3412 833 3477 agrorum
856 3412 1127 3467 amlssas,
1158 3387 1401 3488 recipit.

156 3490 172 3522 1
270 3472 543 3541 Gemina
568 3476 831 3542 victoria
857 3475 1105 3540 duobus
1131 3474 1416 3541 bifariam
1456 3473 1710 3561 proeliis
1747 3486 1944 3560 parta,
1975 3474 2247 3574 maligne

154 3575 175 3608 ²
190 3574 425 3629 senatus
476 3564 547 3627 in
596 3586 795 3628 unum
846 3562 1021 3627 diem
1071 3561 1559 3649 supplicationes
1609 3558 1938 3625 consulum
1991 3582 2245 3626 nomme

194 3638 469 3715 decrevit.
560 3650 843 3738 Populus
884 3649 1127 3715 iniussu
1169 3660 1235 3713 et
1273 3646 1469 3713 altero
1509 3646 1612 3711 die
1653 3646 1951 3796 fi-eqluens
1989 3645 2066 3711 iit
2101 3669 2248 3748 sup-

196 3726 517 3810 plicatum:
582 3750 649 3802 et
696 3736 853 3801 haec
904 3759 1061 3823 vaga
1194 3733 1550 3821 pulsi-isque
1605 3756 1768 3821 supp
1794 3732 1977 3797 'catio
2027 3733 2250 3799 studiis

234 3835 375 3906 rope
432 3823 801 3889 celebratior
854 3823 992 3887 fuit.
1171 3820 1420 3886 onsules
1477 3843 1558 3886 ex
1617 3820 1962 3906 composito
2021 3820 2248 3885 eodem

164 3915 189 3963 3
238 3900 375 3972 iduo
412 3910 493 3976 ad
538 3912 757 3975 urbem
802 3932 1137 3986 accessere,
1168 3921 1583 3994 senatumque
1627 3907 1695 3971 in
1733 3904 2040 3973 Martium
2083 3930 2252 3972 cam-

258 4122 289 4168 9
316 4113 483 4175 Ambo]
531 4117 709 4164 Ambos
741 4114 870 4163 Edd.
907 4118 1024 4161 ante
1058 4114 1182 4162 Drav-
1247 4111 1397 4160 mium
1422 4112 1744 4159 celebraretur
1765 4111 2018 4159 consulum
2039 4108 2204 4171 gloria.

205 4164 333 4223 kent),
352 4180 433 4229 sed
456 4179 649 4229 Livium
680 4178 897 4241 aliosque
928 4177 1184 4241 scriptores
1311 4190 1339 4223 α
1360 4176 1775 4251 βαρῃὶᾶσαιίοπσσ]
1805 4176 2068 4248 ρωω,ιιι
2085 4177 2252 4233 postea

202 4237 459 4354 {ew
482 4246 625 4357 ,rr
724 4244 833 4355 se
863 4258 977 4291 <²⁶¹²
1010 4246 1182 4353 m
1244 4240 1782 4353 rmum
1801 4242 2148 4299 ’mm
2169 4236 2250 4283 ὼ

276 4376 292 4409 ¹
326 4324 563 4434 Magne]
612 4344 783 4421 ’Nimis
816 4324 1077 4433 par-cesae
1108 4336 1183 4417 ni·
1317 4381 1345 4430 3
1379 4370 1443 4415 In
1464 4368 1710 4415 Martium
1739 4366 1986 4425 eampum}
2025 4362 2084 4413 cf.
2109 4364 2250 4425 Supr-
