3000 4784
372 345 443 395 U.
464 343 523 393 C.

372 411 433 458 A.
466 411 525 458 C.

693 199 815 260 562
1452 188 1678 254 TITI
1731 187 2004 254 LIVII

544 359 655 406 45¹-
698 341 716 372 ‘
738 330 1163 418 nequicquam
1210 325 1495 392 conditas
1545 327 1841 391 insidias:
1907 326 2122 390 omnia
2165 325 2321 390 scire
2371 323 2780 394 Romanum3

551 423 657 470 30¹·
698 429 717 458 ‘
738 440 859 483 nec
888 417 1087 502 magis
1116 417 1241 479 iam
1270 413 1418 478 dolo
1446 415 1607 500 capi,
1632 435 1824 513 quam
1853 413 2042 478 armis
2069 413 2260 488 vinci,
2291 411 2509 498 pm?
2598 407 2785 472 Haec

698 505 809 571 ubi
836 503 1053 569 audita
1078 513 1247 578 sunt,
1278 514 1343 566 et
1370 500 1451 564 ad
1486 523 1614 578 e03,
1644 523 1758 587 qm
1785 499 2200 564 consederant
2233 500 2304 562 in
2339 496 2606 572 insidiis,
2639 518 2786 582 per-—

697 592 843 669 lata,
872 601 1342 656 consurrectum
1380 602 1643 676 repente
1677 608 1761 651 ex
1803 586 2057 651 latebris
2100 599 2214 663 est,
2243 597 2310 650 et
2346 585 2418 648 in
2451 595 2788 684 patentem

696 679 781 744 ad
806 687 1215 763 conspectum
1244 673 1529 760 undique
1557 696 1854 760 campum
1879 672 2123 762 prolata
2141 673 2334 758 signa.
2389 669 2548 734 Visa
2571 668 2790 756 legato

699 765 897 830 maior
938 763 1121 839 acies,
1153 784 1345 850 quam
1426 783 1544 825 uae
1587 761 1668 825 ab
1709 783 1826 824 suo
1868 758 2180 846 praesidio
2217 757 2514 823 sustineri
2549 771 2786 856 posset.

698 851 924 938 Itaque
963 871 1230 936 propere
1270 846 1353 912 ad
1438 848 1762 912 ictatorem
1805 846 2043 911 auxilia
2087 845 2356 910 accitum
2399 842 2644 918 mitut3
2693 843 2794 906 in-

698 952 873 1003 terea
898 937 921 1000 i
1064 935 1340 1023 impetus
1360 933 1639 998 hostium
1661 933 1945 997 sustinet.
2008 931 2259 996 Nuntio
2281 930 2489 1006 allato,
2513 929 2796 994 dictator

698 1026 879 1113 signa
920 959 1088 1100 giiii,
1132 1044 1206 1086 ac
1250 1020 1431 1108 sequi
1474 1031 1746 1084 armatos
1795 1019 2011 1084 iubet:
2069 1018 2184 1083 sed
2234 1017 2536 1082 celeriora
2581 1039 2792 1103 prope

698 1111 913 1176 omnia
940 1109 1205 1196 imperio
1234 1119 1429 1173 erant.
1524 1107 1737 1192 Rapta
1763 1106 2083 1194 extemplo
2117 1105 2298 1192 signa
2329 1125 2634 1190 armaque
2659 1127 2680 1180 3
2727 1118 2796 1167 et

699 1199 805 1262 vix
842 1197 921 1262 ab
960 1197 1047 1260 im
1133 1209 1204 1260 tu
1242 1208 1309 1260 et
1345 1215 1534 1258 cursu
1571 1193 1988 1258 tenebantur:
2037 1215 2235 1281 quum
2273 1191 2368 1256 ira
2403 1191 2483 1256 ab
2523 1205 2794 1277 accepts

702 1306 908 1374 nuper
932 1280 977 1347 cv
1076 1305 1111 1346 e
1140 1279 1518 1358 stimulabat,
1549 1292 1687 1344 tum
1715 1279 2086 1344 concitatior
2113 1277 2406 1344 accidens
2435 1275 2688 1341 clamor
2713 1279 2794 1341 ab

700 1373 1087 1436 increscente
1138 1367 1497 1433 certamine.
1591 1365 1845 1453 Urgent
1889 1367 1915 1430 i
2025 1390 2106 1430 ue
2153 1364 2259 1430 alii
2303 1364 2476 1441 alios,
2525 1364 2796 1429 hortan-

700 1473 929 1544 turque
980 1455 1325 1542 signifer-m,
1358 1467 1429 1519 ut
1479 1453 1654 1518 ocius
1703 1465 1870 1517 eant.
2033 1476 2116 1518 uo
2165 1452 2364 1538 magis
2413 1451 2796 1516 festinantes

700 1543 875 1608 videt
903 1543 1191 1619 dictator,
1220 1564 1299 1606 eo
1328 1539 1673 1628 impensius
1709 1551 1985 1604 retentat
2021 1561 2269 1626 agmen,
2300 1561 2374 1602 ac
2409 1537 2652 1602 sensim
2693 1539 2796 1602 in-

700 1630 926 1695 cedere
956 1629 1149 1693 iubet,
1242 1627 1493 1692 Etrusci
1523 1639 1758 1704 contra,
1787 1625 2101 1713 principio
2130 1625 2322 1690 exciti
2351 1647 2624 1712 pugnae,
2651 1647 2795 1688 om·
2815 1657 2840 1705 7

699 1716 889 1780 nibus
918 1714 1115 1801 copiis
1144 1714 1421 1778 aderant.
1494 1712 1581 1777 Et
1609 1734 1798 1800 super
1823 1712 1978 1777 alios
2005 1711 2113 1777 alii
2140 1711 2438 1776 nuntiant
2465 1710 2795 1788 dictatori,

700 1823 920 1865 omnes
962 1799 1243 1884 legiones
1288 1798 1699 1864 Etruscorum
1743 1799 2076 1887 capessisse
2121 1821 2441 1886 pugnam3
2490 1820 2616 1862 nec
2661 1799 2796 1863 iam

700 1887 779 1951 ab
820 1886 950 1949 suis
992 1885 1195 1949 resisti
1235 1907 1460 1985 posse:
1507 1898 1574 1949 et
1615 1886 1748 1986 ipse
1789 1885 1994 1950 cernit
2034 1907 2116 1951 ex
2159 1885 2476 1972 superiore
2521 1885 2692 1962 locu,
2725 1887 2796 1950 in

701 1982 941 2060 quanto
986 1971 1344 2036 discrimine
1392 1970 1775 2059 praesidium
1823 1986 2002 2037 esset.
2071 1969 2418 2049 Ceterum,
2465 1971 2616 2036 satis
2661 1972 2798 2036 fm-

700 2073 821 2138 tuS,
850 2082 984 2124 esse
1028 2057 1219 2123 etiam
1262 2081 1433 2123 nunc
1480 2057 1806 2123 tolerando
1849 2058 2176 2124 certamini
2217 2058 2514 2146 legatum,
2551 2080 2678 2122 nec
2725 2082 2792 2123 se
2811 2079 2842 2124 3

746 2145 922 2212 rocul
949 2146 1162 2211 abesse
1192 2145 1455 2232 periculi
1482 2145 1820 2223 vindicem,
1852 2168 2044 2232 quam
2073 2145 2343 2209 maxime
2373 2144 2509 2208 vult
2535 2144 2794 2231 &tigari

750 2247 967 2311 ostem,
1016 2245 1089 2297 ut
1138 2232 1399 2319 integris
1448 2231 1767 2296 adoriatur
1807 2231 2046 2296 viribus
2089 2231 2298 2296 fessos.
2393 2230 2790 2318 Quanquam

702 2320 874 2384 lente
902 2317 1276 2405 procedunt,
1306 2318 1431 2382 iam
1462 2332 1672 2384 tamen
1704 2319 1786 2383 ad
1813 2319 1902 2382 im
1987 2332 2122 2384 tum
2151 2317 2552 2406 capiendum,
2583 2319 2792 2404 equiti

700 2407 941 2508 utique,
991 2404 1312 2469 modicum
1362 2417 1497 2470 erat
1541 2406 1830 2492 spatium.
1980 2405 2138 2468 rima
2181 2404 2564 2470 incedebant
2607 2405 2794 2492 sig-na

692 2492 1043 2643 leginonum,
1065 2513 1149 2556 ne
1172 2491 1328 2578 quid
1350 2489 1668 2556 occultum
1699 2505 1809 2556 aut
1835 2515 1902 2556 re
1988 2492 2236 2556 utinum
2267 2491 2464 2556 hostis
2493 2492 2786 2558 timeret:

700 2601 769 2644 se

854 2579 1192 2666 reliquerat
1238 2577 1564 2642 intervalla
1613 2577 1780 2642 inter
1823 2601 1863 2643 o
1941 2579 2076 2644 ines
2113 2577 2422 2665 peditum,
2463 2601 2594 2663 qua
2637 2580 2794 2643 satis

698 2665 847 2730 laxo
903 2665 1103 2753 spatio
1154 2665 1305 2752 equi
1356 2664 1635 2751 permitti
1685 2678 1957 2751 possent,
2048 2664 2292 2730 Pariter
2345 2664 2603 2730 sustulit
2659 2665 2792 2730 cla-
2805 2693 2838 2740 9

702 2774 941 2817 morem
992 2751 1195 2828 acies;
1260 2764 1327 2816 et
1376 2751 1638 2816 emissus
1686 2774 1723 2814 e
1770 2774 1882 2816 ues
1931 2750 2129 2816 libero
2179 2773 2364 2816 cursu
2397 2751 2487 2815 in
2536 2751 2788 2816 hostem

690 2838 1038 2914 invehitur,
1087 2838 1643 2938 incompositisque
1693 2861 1732 2902 a
1777 2861 1990 2902 versus
2035 2851 2392 2926 equestrem
2443 2837 2786 2926 procellam
2811 2865 2832 2896 ι

698 2923 979 2986 subitum
1000 2945 1295 3009 pavorem
1318 2923 1606 2988 offundit.
1667 2921 1912 3012 Itaque,
1933 2937 2005 2990 ut
2024 2947 2222 3012 prope
2243 2947 2452 2989 serum
2475 2925 2788 2990 auxilium

700 3009 827 3072 ism
884 3027 1086 3094 paene
1144 3008 1606 3088 circumventis,
1666 3010 1756 3075 ita
1813 3013 2101 3076 universa
2155 3013 2404 3099 requies
2459 3009 2612 3077 data
2667 3026 2784 3076 est.

688 3093 944 3182 -Integri
987 3117 1283 3182 accepere
1327 3117 1646 3184 pugnam:
1694 3119 1814 3162 nec
1861 3121 1938 3162 ea
1981 3097 2117 3184 ipsa
2157 3097 2364 3184 longa,
2397 3111 2507 3163 aut
2551 3121 2790 3185 anceps

700 3182 839 3248 fuit.
951 3180 1101 3248 Fusi
1158 3181 1369 3246 hostes
1426 3196 1626 3248 castra
1683 3197 1998 3273 repetunt,
2055 3183 2598 3272 inferentibusque
2659 3186 2788 3250 iam

701 3271 882 3358 signa
926 3267 1233 3334 Romanis
1277 3268 1533 3348 cedunt,
1578 3283 1646 3335 et
1688 3271 1757 3334 in
1809 3270 2092 3338 ultimam
2143 3284 2485 3336 castrorum
2537 3285 2786 3359 partem

700 3355 1173 3444 conglobantur.
1264 3355 1554 3421 Haerent
1593 3356 1906 3444 fugientes
1948 3359 2016 3422 in
2067 3359 2372 3445 angustiis
2415 3371 2785 3445 portarum:

700 3465 845 3531 pars
901 3465 1131 3530 magna
1178 3465 1471 3531 aggerem
1522 3442 1882 3531 vallumque
1933 3444 2384 3523 conscendunt,
2437 3445 2489 3509 si
2539 3458 2657 3509 aut
2705 3469 2790 3510 ex

694 3531 1021 3616 ‚superiore
1050 3529 1189 3595 loco
1220 3530 1379 3595 tueri
1409 3552 1497 3608 se,
1527 3547 1639 3594 aut
1665 3551 1958 3617 superare
1987 3531 2199 3618 aliqua
2236 3546 2303 3596 et
2341 3531 2610 3596 evadere
2759 3569 2790 3581 -

702 3627 860 3678 sent.
952 3614 1139 3680 Forte
1180 3615 1458 3703 quodam
1511 3614 1649 3680 loco
1701 3617 1862 3682 male
1914 3617 2212 3684 densatus
2261 3640 2452 3705 agger
2501 3555 2786 3705 pondisse

700 3701 1189 3786 superstantium
1235 3703 1303 3765 in
1348 3702 1574 3767 fossam
1619 3704 1994 3789 procubuit:
2043 3717 2233 3791 atque
2277 3726 2358 3769 ea
2394 3727 2594 3791 quum
2629 3704 2786 3769 deos
2805 3732 2832 3764 2

768 3903 793 3954 7
826 3892 1083 3953 Principio
1118 3893 1263 3939 excito·
1294 3895 1518 3954 puynae]
1569 3893 1706 3942 Prin·
1836 3913 1868 3960 9
1895 3897 2120 3957 Pariter]
2137 3897 2252 3946 Uno
2265 3898 2535 3958 eodemque
2545 3902 2786 3960 tempore.

702 3957 829 4021 cipio
850 3955 1013 4005 statim
1040 3969 1231 4019 pugnae
1250 3971 1283 4003 a
1302 3955 1401 4004 suis
1422 3955 1705 4006 insidiatori·
1843 3975 1864 4007 1
1891 3963 2318 4024 Imposuitque
2329 3962 2590 4021 adversm]
2611 3961 2784 4018 Quum

699 4023 793 4070 bus
812 4019 1095 4070 commisse
1116 4018 1263 4068 exciti
1284 4034 1315 4098 e
1337 4019 1518 4096 castris.
1544 4019 1704 4070 Cssv.
1769 4023 2082 4099 incompositi
2123 4031 2282 4074 esent
2322 4039 2438 4087 prae
2479 4026 2654 4073 ardore
2699 4043 2786 4089 pu·

769 4086 799 4135 8
822 4087 1084 4135 Toleranda
1096 4090 1349 4133 cer-cmm·
1365 4083 1600 4145 hactum]
1613 4085 1704 4134 Lo-
1767 4089 1970 4149 gnandi,
1996 4095 2146 4152 atque
2169 4090 2292 4138 adeo
2318 4089 2546 4151 imparati
2567 4089 2632 4138 ad
2657 4091 2786 4139 exci-

701 4149 833 4197 cutio
850 4148 1069 4208 Liviana,
1090 4148 1291 4197 subaud.
1309 4161 1499 4210 parm,
1513 4154 1570 4197 ut
1589 4149 1706 4197 alibi
1771 4150 2008 4212 piendum
2029 4153 2274 4214 equitatus
2295 4154 2448 4202 effuso
2475 4167 2623 4202 cum
2651 4154 2788 4202 inm

696 4215 835 4320 m
844 4211 1707 4338 mg‘ssrmfflzat
1771 4213 2522 4340 dsfizzmptffiffim
2559 4287 2636 4330 ω
2673 4282 2784 4329 m.

700 4341 792 4394 est,
812 4340 867 4382 ut
887 4341 1054 4384 monet
1076 4335 1232 4387 Drak.
1769 4347 1916 4402 ptura
1933 4295 2206 4393 amram
2225 4343 2446 4393 omnium
2464 4343 2715 4405 codicum,
2729 4353 2786 4395 ut
