<?xml version="1.0" encoding="UTF-8"?>
<!DOCTYPE html PUBLIC "-//W3C//DTD XHTML 1.0 Transitional//EN"
    "http://www.w3.org/TR/xhtml1/DTD/xhtml1-transitional.dtd">
<html xmlns="http://www.w3.org/1999/xhtml" xml:lang="en" lang="en">
 <head>
  <title>
</title>
<meta http-equiv="Content-Type" content="text/html;charset=utf-8" />
  <meta name='ocr-system' content='tesseract 3.04.00' />
  <meta name='ocr-capabilities' content='ocr_page ocr_carea ocr_par ocr_line ocrx_word'/>
</head>
<body>
  <div class='ocr_page' id='page_1' title='image "./tliviipatavinih10unkngoog_0296.png"; bbox 0 0 3000 4784; ppageno 0'>
   <div class='ocr_carea' id='block_1_1' title="bbox 357 351 647 478">
    <p class='ocr_par' dir='ltr' id='par_1_1' title="bbox 357 351 647 478">
     <span class='ocr_line' id='line_1_1' title="bbox 363 351 646 414; baseline -0.004 -13"><span class='ocrx_word' id='word_1_1' title='bbox 363 351 428 401; x_wconf 89' lang='lat' dir='ltr'><strong>U.</strong></span> <span class='ocrx_word' id='word_1_2' title='bbox 450 352 512 401; x_wconf 82' lang='lat' dir='ltr'><strong>C.</strong></span> <span class='ocrx_word' id='word_1_3' title='bbox 538 362 646 414; x_wconf 81' lang='lat'><strong>347.</strong></span> 
     </span>
     <span class='ocr_line' id='line_1_2' title="bbox 357 417 647 478; baseline -0.007 -12"><span class='ocrx_word' id='word_1_4' title='bbox 357 418 422 466; x_wconf 80' lang='lat' dir='ltr'><strong>A.</strong></span> <span class='ocrx_word' id='word_1_5' title='bbox 453 417 513 465; x_wconf 87' lang='lat' dir='ltr'><strong>C.</strong></span> <span class='ocrx_word' id='word_1_6' title='bbox 537 431 647 478; x_wconf 79' lang='lat'><strong>405.</strong></span> 
     </span>
    </p>
   </div>
   <div class='ocr_carea' id='block_1_2' title="bbox 469 1134 572 1197">
    <p class='ocr_par' dir='ltr' id='par_1_2' title="bbox 469 1134 572 1197">
     <span class='ocr_line' id='line_1_3' title="bbox 469 1134 572 1197; baseline 0 -1"><span class='ocrx_word' id='word_1_7' title='bbox 469 1134 572 1197; x_wconf 91' lang='grc'><strong>57.</strong></span> 
     </span>
    </p>
   </div>
   <div class='ocr_carea' id='block_1_3' title="bbox 370 2514 640 2691">
    <p class='ocr_par' dir='ltr' id='par_1_3' title="bbox 370 2514 640 2691">
     <span class='ocr_line' id='line_1_4' title="bbox 372 2514 630 2566; baseline -0.008 -2"><span class='ocrx_word' id='word_1_8' title='bbox 372 2516 431 2566; x_wconf 89' lang='grc' dir='ltr'><strong>Ρ.</strong></span> <span class='ocrx_word' id='word_1_9' title='bbox 446 2514 630 2564; x_wconf 83' lang='lat' dir='ltr'><strong>Corne-</strong></span> 
     </span>
     <span class='ocr_line' id='line_1_5' title="bbox 370 2580 640 2691; baseline 0.004 -65"><span class='ocrx_word' id='word_1_10' title='bbox 370 2580 466 2691; x_wconf 49' lang='grc' dir='ltr'><strong>ὶὶῑέι</strong></span> <span class='ocrx_word' id='word_1_11' title='bbox 488 2580 640 2627; x_wconf 69' lang='lat' dir='ltr'><strong>dicta-</strong></span> 
     </span>
    </p>
   </div>
   <div class='ocr_carea' id='block_1_4' title="bbox 373 3028 562 3143">
    <p class='ocr_par' dir='ltr' id='par_1_4' title="bbox 373 3028 562 3143">
     <span class='ocr_line' id='line_1_6' title="bbox 373 3028 510 3078; baseline -0.015 0"><span class='ocrx_word' id='word_1_12' title='bbox 373 3028 510 3078; x_wconf 82' lang='lat' dir='ltr'>Victi</span> 
     </span>
     <span class='ocr_line' id='line_1_7' title="bbox 375 3091 562 3143; baseline 0.005 -1"><span class='ocrx_word' id='word_1_13' title='bbox 375 3091 562 3143; x_wconf 82' lang='lat' dir='ltr'><strong>Volsci.</strong></span> 
     </span>
    </p>
   </div>
   <div class='ocr_carea' id='block_1_5' title="bbox 683 206 2023 273">
    <p class='ocr_par' dir='ltr' id='par_1_5' title="bbox 683 206 2023 273">
     <span class='ocr_line' id='line_1_8' title="bbox 683 206 2023 273; baseline 0 -2"><span class='ocrx_word' id='word_1_14' title='bbox 683 210 809 272; x_wconf 80' lang='lat'><strong>282</strong></span> <span class='ocrx_word' id='word_1_15' title='bbox 1463 206 1687 273; x_wconf 91' lang='grc' dir='ltr'>ΤΙΤΙ</span> <span class='ocrx_word' id='word_1_16' title='bbox 1750 206 2023 273; x_wconf 87' lang='lat' dir='ltr'>LIVII</span> 
     </span>
    </p>
   </div>
   <div class='ocr_carea' id='block_1_6' title="bbox 683 341 2969 3269">
    <p class='ocr_par' dir='ltr' id='par_1_6' title="bbox 683 341 2969 3269">
     <span class='ocr_line' id='line_1_9' title="bbox 685 341 2843 429; baseline -0.001 -22"><span class='ocrx_word' id='word_1_17' title='bbox 685 344 937 408; x_wconf 86' lang='lat' dir='ltr'><strong>toritate</strong></span> <span class='ocrx_word' id='word_1_18' title='bbox 979 356 1234 407; x_wconf 86' lang='lat' dir='ltr'><strong>senatus</strong></span> <span class='ocrx_word' id='word_1_19' title='bbox 1264 344 1549 408; x_wconf 86' lang='lat' dir='ltr'><strong>tribunos</strong></span> <span class='ocrx_word' id='word_1_20' title='bbox 1592 343 1887 421; x_wconf 87' lang='lat' dir='ltr'><strong>militum,</strong></span> <span class='ocrx_word' id='word_1_21' title='bbox 1918 355 2239 429; x_wconf 87' lang='lat' dir='ltr'><strong>postremo</strong></span> <span class='ocrx_word' id='word_1_22' title='bbox 2268 341 2463 406; x_wconf 82' lang='lat' dir='ltr'><strong>etiam</strong></span> <span class='ocrx_word' id='word_1_23' title='bbox 2512 342 2843 406; x_wconf 77' lang='lat' dir='ltr'><strong>tribunos</strong></span> 
     </span>
     <span class='ocr_line' id='line_1_10' title="bbox 683 429 2843 517; baseline -0.002 -23"><span class='ocrx_word' id='word_1_24' title='bbox 683 430 894 517; x_wconf 87' lang='lat' dir='ltr'><strong>plebei</strong></span> <span class='ocrx_word' id='word_1_25' title='bbox 939 429 1348 516; x_wconf 79' lang='lat' dir='ltr'><strong>appellarent,</strong></span> <span class='ocrx_word' id='word_1_26' title='bbox 1394 443 1460 494; x_wconf 92' lang='lat' dir='ltr'><strong>et</strong></span> <span class='ocrx_word' id='word_1_27' title='bbox 1512 430 1877 494; x_wconf 89' lang='lat' dir='ltr'><strong>consulibus</strong></span> <span class='ocrx_word' id='word_1_28' title='bbox 1920 450 2177 515; x_wconf 90' lang='lat' dir='ltr'><strong>quoque</strong></span> <span class='ocrx_word' id='word_1_29' title='bbox 2226 429 2307 491; x_wconf 84' lang='lat' dir='ltr'><strong>ab</strong></span> <span class='ocrx_word' id='word_1_30' title='bbox 2348 450 2429 491; x_wconf 86' lang='lat' dir='ltr'><strong>ea</strong></span> <span class='ocrx_word' id='word_1_31' title='bbox 2574 441 2843 491; x_wconf 72' lang='lat' dir='ltr'><strong>testate</strong></span> 
     </span>
     <span class='ocr_line' id='line_1_11' title="bbox 685 512 2847 600; baseline -0.001 -21"><span class='ocrx_word' id='word_1_32' title='bbox 685 516 814 579; x_wconf 87' lang='lat' dir='ltr'><strong>vim</strong></span> <span class='ocrx_word' id='word_1_33' title='bbox 843 538 916 579; x_wconf 90' lang='lat' dir='ltr'><strong>su</strong></span> <span class='ocrx_word' id='word_1_34' title='bbox 1001 539 1034 579; x_wconf 93' lang='lat' dir='ltr'><strong>r</strong></span> <span class='ocrx_word' id='word_1_35' title='bbox 1069 515 1178 579; x_wconf 82' lang='lat' dir='ltr'><strong>tali</strong></span> <span class='ocrx_word' id='word_1_36' title='bbox 1219 538 1286 579; x_wconf 89' lang='lat' dir='ltr'><strong>re</strong></span> <span class='ocrx_word' id='word_1_37' title='bbox 1327 516 1663 580; x_wconf 84' lang='lat' dir='ltr'><strong>inhibitam</strong></span> <span class='ocrx_word' id='word_1_38' title='bbox 1704 516 2044 580; x_wconf 83' lang='lat' dir='ltr'>referrent:</span> <span class='ocrx_word' id='word_1_39' title='bbox 2094 514 2333 578; x_wconf 84' lang='lat' dir='ltr'><strong>tribuni</strong></span> <span class='ocrx_word' id='word_1_40' title='bbox 2376 515 2485 600; x_wconf 90' lang='lat' dir='ltr'><strong>ple</strong></span> <span class='ocrx_word' id='word_1_41' title='bbox 2580 515 2627 590; x_wconf 87' lang='lat' dir='ltr'><strong>i,</strong></span> <span class='ocrx_word' id='word_1_42' title='bbox 2670 512 2847 577; x_wconf 77' lang='lat' dir='ltr'><strong>laeti</strong></span> 
     </span>
     <span class='ocr_line' id='line_1_12' title="bbox 685 599 2847 685; baseline -0.001 -21"><span class='ocrx_word' id='word_1_43' title='bbox 685 601 862 667; x_wconf 88' lang='lat' dir='ltr'><strong>disco</strong></span> <span class='ocrx_word' id='word_1_44' title='bbox 944 603 1004 665; x_wconf 84' lang='lat' dir='ltr'><strong>‘a</strong></span> <span class='ocrx_word' id='word_1_45' title='bbox 1040 601 1324 678; x_wconf 75' lang='lat' dir='ltr'><strong>Patr-um,</strong></span> <span class='ocrx_word' id='word_1_46' title='bbox 1359 611 1378 640; x_wconf 85' lang='lat'>‘</span> <span class='ocrx_word' id='word_1_47' title='bbox 1403 602 1589 665; x_wconf 89' lang='lat' dir='ltr'><strong>Nihil</strong></span> <span class='ocrx_word' id='word_1_48' title='bbox 1620 624 1754 666; x_wconf 88' lang='lat' dir='ltr'><strong>esse</strong></span> <span class='ocrx_word' id='word_1_49' title='bbox 1786 603 1853 665; x_wconf 91' lang='lat' dir='ltr'><strong>in</strong></span> <span class='ocrx_word' id='word_1_50' title='bbox 1884 602 1983 665; x_wconf 84' lang='lat' dir='ltr'><strong>his</strong></span> <span class='ocrx_word' id='word_1_51' title='bbox 2012 599 2259 665; x_wconf 84' lang='lat' dir='ltr'><strong>auxilii’</strong></span> <span class='ocrx_word' id='word_1_52' title='bbox 2287 600 2616 676; x_wconf 78' lang='lat' dir='ltr'><strong>dicerent,</strong></span> <span class='ocrx_word' id='word_1_53' title='bbox 2660 608 2691 638; x_wconf 89' lang='lat'>‘</span> <span class='ocrx_word' id='word_1_54' title='bbox 2714 600 2847 685; x_wconf 89' lang='lat' dir='ltr'><strong>qui</strong></span> 
     </span>
     <span class='ocr_line' id='line_1_13' title="bbox 689 687 2849 775; baseline -0.001 -24"><span class='ocrx_word' id='word_1_55' title='bbox 689 696 708 725; x_wconf 85' lang='lat'>‘</span> <span class='ocrx_word' id='word_1_56' title='bbox 725 711 857 751; x_wconf 92' lang='lat' dir='ltr'><strong>non</strong></span> <span class='ocrx_word' id='word_1_57' title='bbox 909 688 1161 764; x_wconf 85' lang='lat' dir='ltr'><strong>civium,</strong></span> <span class='ocrx_word' id='word_1_58' title='bbox 1211 710 1343 751; x_wconf 87' lang='lat' dir='ltr'><strong>nou</strong></span> <span class='ocrx_word' id='word_1_59' title='bbox 1395 688 1675 775; x_wconf 89' lang='lat' dir='ltr'><strong>denique</strong></span> <span class='ocrx_word' id='word_1_60' title='bbox 1722 688 2057 752; x_wconf 88' lang='lat' dir='ltr'><strong>hominum</strong></span> <span class='ocrx_word' id='word_1_61' title='bbox 2102 708 2372 750; x_wconf 89' lang='lat' dir='ltr'><strong>numero</strong></span> <span class='ocrx_word' id='word_1_62' title='bbox 2418 700 2659 751; x_wconf 82' lang='lat' dir='ltr'><strong>essent</strong></span> <span class='ocrx_word' id='word_1_63' title='bbox 2688 710 2711 762; x_wconf 83' lang='lat'>3</span> <span class='ocrx_word' id='word_1_64' title='bbox 2784 687 2849 748; x_wconf 80' lang='lat' dir='ltr'><strong>si</strong></span> 
     </span>
     <span class='ocr_line' id='line_1_14' title="bbox 690 772 2844 861; baseline -0.001 -24"><span class='ocrx_word' id='word_1_65' title='bbox 690 782 710 811; x_wconf 90' lang='lat'>‘</span> <span class='ocrx_word' id='word_1_66' title='bbox 731 774 990 860; x_wconf 83' lang='lat' dir='ltr'><strong>quando</strong></span> <span class='ocrx_word' id='word_1_67' title='bbox 1020 774 1362 861; x_wconf 88' lang='lat' dir='ltr'><strong>promiscui</strong></span> <span class='ocrx_word' id='word_1_68' title='bbox 1393 774 1685 850; x_wconf 89' lang='lat' dir='ltr'><strong>honores,</strong></span> <span class='ocrx_word' id='word_1_69' title='bbox 1717 774 2185 839; x_wconf 87' lang='lat' dir='ltr'><strong>communicata</strong></span> <span class='ocrx_word' id='word_1_70' title='bbox 2212 772 2585 859; x_wconf 78' lang='lat' dir='ltr'><strong>respublica.</strong></span> <span class='ocrx_word' id='word_1_71' title='bbox 2616 786 2844 848; x_wconf 81' lang='lat' dir='ltr'><strong>esset,</strong></span> 
     </span>
     <span class='ocr_line' id='line_1_15' title="bbox 690 858 2845 960; baseline -0.001 -36"><span class='ocrx_word' id='word_1_72' title='bbox 690 868 710 898; x_wconf 85' lang='lat'>‘</span> <span class='ocrx_word' id='word_1_73' title='bbox 733 874 870 925; x_wconf 87' lang='lat' dir='ltr'><strong>tum</strong></span> <span class='ocrx_word' id='word_1_74' title='bbox 911 882 976 924; x_wconf 87' lang='lat' dir='ltr'><strong>se</strong></span> <span class='ocrx_word' id='word_1_75' title='bbox 1021 860 1585 937; x_wconf 81' lang='lat' dir='ltr'><strong>animadversuros,</strong></span> <span class='ocrx_word' id='word_1_76' title='bbox 1626 883 1709 924; x_wconf 92' lang='lat' dir='ltr'><strong>ne</strong></span> <span class='ocrx_word' id='word_1_77' title='bbox 1754 882 1901 960; x_wconf 83' lang='lat' dir='ltr'><strong>qua,</strong></span> <span class='ocrx_word' id='word_1_78' title='bbox 1946 859 2243 945; x_wconf 86' lang='lat' dir='ltr'><strong>superbia</strong></span> <span class='ocrx_word' id='word_1_79' title='bbox 2286 858 2845 945; x_wconf 63' lang='lat' dir='ltr'><strong>magistratuum²</strong></span> 
     </span>
     <span class='ocr_line' id='line_1_16' title="bbox 692 944 2851 1033; baseline -0.002 -23"><span class='ocrx_word' id='word_1_80' title='bbox 692 946 909 1011; x_wconf 85' lang='lat' dir='ltr'><strong>‘irrita</strong></span> <span class='ocrx_word' id='word_1_81' title='bbox 935 946 1479 1011; x_wconf 83' lang='lat' dir='ltr'><strong>senatusconsulta</strong></span> <span class='ocrx_word' id='word_1_82' title='bbox 1499 958 1738 1023; x_wconf 88' lang='lat' dir='ltr'><strong>essent;</strong></span> <span class='ocrx_word' id='word_1_83' title='bbox 1786 946 2041 1010; x_wconf 80' lang='lat' dir='ltr'><strong>interim</strong></span> <span class='ocrx_word' id='word_1_84' title='bbox 2070 945 2341 1032; x_wconf 85' lang='lat' dir='ltr'><strong>patricii,</strong></span> <span class='ocrx_word' id='word_1_85' title='bbox 2364 944 2567 1009; x_wconf 87' lang='lat' dir='ltr'><strong>soluti</strong></span> <span class='ocrx_word' id='word_1_86' title='bbox 2584 945 2851 1033; x_wconf 80' lang='lat' dir='ltr'><strong>legum</strong></span> 
     </span>
     <span class='ocr_line' id='line_1_17' title="bbox 693 1031 2847 1119; baseline -0.001 -22"><span class='ocrx_word' id='word_1_87' title='bbox 693 1040 713 1071; x_wconf 89' lang='lat'>‘</span> <span class='ocrx_word' id='word_1_88' title='bbox 733 1033 1340 1119; x_wconf 81' lang='lat' dir='ltr'>magistratuumque</span> <span class='ocrx_word' id='word_1_89' title='bbox 1384 1031 1786 1109; x_wconf 86' lang='lat' dir='ltr'><strong>verecundia,</strong></span> <span class='ocrx_word' id='word_1_90' title='bbox 1826 1054 1944 1119; x_wconf 88' lang='lat' dir='ltr'><strong>per</strong></span> <span class='ocrx_word' id='word_1_91' title='bbox 1980 1054 2047 1096; x_wconf 90' lang='lat' dir='ltr'><strong>se</strong></span> <span class='ocrx_word' id='word_1_92' title='bbox 2088 1054 2347 1117; x_wconf 90' lang='lat' dir='ltr'><strong>quoque</strong></span> <span class='ocrx_word' id='word_1_93' title='bbox 2384 1032 2847 1095; x_wconf 84' lang='lat' dir='ltr'><strong>tribuniciam</strong></span> 
     </span>
     <span class='ocr_line' id='line_1_18' title="bbox 693 1117 2847 1207; baseline -0.001 -24"><span class='ocrx_word' id='word_1_94' title='bbox 693 1127 714 1157; x_wconf 88' lang='lat'>‘</span> <span class='ocrx_word' id='word_1_95' title='bbox 732 1132 1110 1207; x_wconf 83' lang='lat' dir='ltr'><strong>potestatem</strong></span> <span class='ocrx_word' id='word_1_96' title='bbox 1127 1119 1438 1205; x_wconf 60' lang='lat' dir='ltr'><strong>agerent?</strong></span> <span class='ocrx_word' id='word_1_97' title='bbox 1513 1118 1695 1183; x_wconf 83' lang='lat' dir='ltr'><strong>Haec</strong></span> <span class='ocrx_word' id='word_1_98' title='bbox 1726 1118 2049 1183; x_wconf 87' lang='lat' dir='ltr'><strong>contentio</strong></span> <span class='ocrx_word' id='word_1_99' title='bbox 2078 1118 2341 1181; x_wconf 88' lang='lat' dir='ltr'><strong>minime</strong></span> <span class='ocrx_word' id='word_1_100' title='bbox 2364 1117 2611 1181; x_wconf 89' lang='lat' dir='ltr'><strong>idoneo</strong></span> <span class='ocrx_word' id='word_1_101' title='bbox 2646 1131 2847 1182; x_wconf 76' lang='lat' dir='ltr'><strong>tem-</strong></span> 
     </span>
     <span class='ocr_line' id='line_1_19' title="bbox 689 1204 2897 1303; baseline 0 -34"><span class='ocrx_word' id='word_1_102' title='bbox 689 1227 864 1292; x_wconf 85' lang='lat' dir='ltr'>pore,</span> <span class='ocrx_word' id='word_1_103' title='bbox 895 1228 1096 1291; x_wconf 91' lang='lat' dir='ltr'><strong>quum</strong></span> <span class='ocrx_word' id='word_1_104' title='bbox 1139 1218 1384 1269; x_wconf 88' lang='lat' dir='ltr'><strong>tantum</strong></span> <span class='ocrx_word' id='word_1_105' title='bbox 1423 1204 1574 1269; x_wconf 89' lang='lat' dir='ltr'><strong>belli</strong></span> <span class='ocrx_word' id='word_1_106' title='bbox 1604 1206 1672 1269; x_wconf 92' lang='lat' dir='ltr'><strong>in</strong></span> <span class='ocrx_word' id='word_1_107' title='bbox 1702 1204 1994 1269; x_wconf 87' lang='lat' dir='ltr'><strong>manibus</strong></span> <span class='ocrx_word' id='word_1_108' title='bbox 2022 1216 2208 1281; x_wconf 85' lang='lat' dir='ltr'><strong>esset,</strong></span> <span class='ocrx_word' id='word_1_109' title='bbox 2240 1218 2677 1303; x_wconf 81' lang='lat' dir='ltr'><strong>occupaverat</strong></span> <span class='ocrx_word' id='word_1_110' title='bbox 2714 1228 2845 1269; x_wconf 79' lang='lat' dir='ltr'><strong>co·—</strong></span> <span class='ocrx_word' id='word_1_111' title='bbox 2866 1230 2897 1277; x_wconf 72' lang='lat'>7</span> 
     </span>
     <span class='ocr_line' id='line_1_20' title="bbox 737 1288 2843 1367; baseline -0.001 -11"><span class='ocrx_word' id='word_1_112' title='bbox 737 1292 1032 1356; x_wconf 86' lang='lat' dir='ltr'><strong>‘tationes</strong></span> <span class='ocrx_word' id='word_1_113' title='bbox 1059 1292 1426 1355; x_wconf 82' lang='lat' dir='ltr'><strong>hominum:</strong></span> <span class='ocrx_word' id='word_1_114' title='bbox 1475 1290 1701 1367; x_wconf 90' lang='lat' dir='ltr'><strong>donec,</strong></span> <span class='ocrx_word' id='word_1_115' title='bbox 1730 1290 1845 1354; x_wconf 92' lang='lat' dir='ltr'><strong>ubi</strong></span> <span class='ocrx_word' id='word_1_116' title='bbox 1875 1290 1989 1353; x_wconf 92' lang='lat' dir='ltr'><strong>diu</strong></span> <span class='ocrx_word' id='word_1_117' title='bbox 2018 1288 2277 1354; x_wconf 79' lang='lat' dir='ltr'><strong>alternis</strong></span> <span class='ocrx_word' id='word_1_118' title='bbox 2306 1289 2511 1354; x_wconf 80' lang='lat' dir='ltr'><strong>Iulius</strong></span> <span class='ocrx_word' id='word_1_119' title='bbox 2550 1289 2843 1354; x_wconf 83' lang='lat' dir='ltr'><strong>Corne-</strong></span> 
     </span>
     <span class='ocr_line' id='line_1_21' title="bbox 691 1314 2838 1465; baseline -0.001 -23"><span class='ocrx_word' id='word_1_120' title='bbox 691 1314 964 1465; x_wconf 59' lang='lat' dir='ltr'><strong>ffusque,</strong></span> <span class='ocrx_word' id='word_1_121' title='bbox 999 1387 1017 1416; x_wconf 88' lang='grc'><strong><em>6</em></strong></span> <span class='ocrx_word' id='word_1_122' title='bbox 1036 1400 1236 1463; x_wconf 89' lang='lat' dir='ltr'><strong>quum</strong></span> <span class='ocrx_word' id='word_1_123' title='bbox 1265 1378 1348 1441; x_wconf 86' lang='lat' dir='ltr'><strong>ad</strong></span> <span class='ocrx_word' id='word_1_124' title='bbox 1377 1376 1448 1440; x_wconf 92' lang='lat' dir='ltr'><strong>id</strong></span> <span class='ocrx_word' id='word_1_125' title='bbox 1475 1376 1716 1441; x_wconf 88' lang='lat' dir='ltr'><strong>bellum</strong></span> <span class='ocrx_word' id='word_1_126' title='bbox 1756 1376 1877 1463; x_wconf 86' lang='lat' dir='ltr'><strong>ipsi</strong></span> <span class='ocrx_word' id='word_1_127' title='bbox 1906 1375 2057 1439; x_wconf 87' lang='lat' dir='ltr'><strong>satis</strong></span> <span class='ocrx_word' id='word_1_128' title='bbox 2084 1375 2302 1439; x_wconf 90' lang='lat' dir='ltr'><strong>idonei</strong></span> <span class='ocrx_word' id='word_1_129' title='bbox 2330 1375 2533 1439; x_wconf 80' lang='lat' dir='ltr'><strong>duces</strong></span> <span class='ocrx_word' id='word_1_130' title='bbox 2560 1391 2838 1453; x_wconf 78' lang='lat' dir='ltr'><strong>essent,</strong></span> 
     </span>
     <span class='ocr_line' id='line_1_22' title="bbox 697 1460 2843 1550; baseline -0 -22"><span class='ocrx_word' id='word_1_131' title='bbox 697 1472 716 1501; x_wconf 98' lang='grc'><strong><em>6</em></strong></span> <span class='ocrx_word' id='word_1_132' title='bbox 738 1488 869 1528; x_wconf 91' lang='lat' dir='ltr'><strong>non</strong></span> <span class='ocrx_word' id='word_1_133' title='bbox 899 1486 1032 1528; x_wconf 88' lang='lat' dir='ltr'><strong>esse</strong></span> <span class='ocrx_word' id='word_1_134' title='bbox 1065 1486 1359 1550; x_wconf 84' lang='lat' dir='ltr'><strong>aequum,</strong></span> <span class='ocrx_word' id='word_1_135' title='bbox 1383 1462 1751 1527; x_wconf 82' lang='lat' dir='ltr'><strong>mandatum</strong></span> <span class='ocrx_word' id='word_1_136' title='bbox 1784 1462 1903 1526; x_wconf 92' lang='lat' dir='ltr'><strong>sibi</strong></span> <span class='ocrx_word' id='word_1_137' title='bbox 1932 1486 1972 1526; x_wconf 90' lang='lat' dir='ltr'><strong>a</strong></span> <span class='ocrx_word' id='word_1_138' title='bbox 1996 1460 2235 1549; x_wconf 87' lang='lat' dir='ltr'><strong>populo</strong></span> <span class='ocrx_word' id='word_1_139' title='bbox 2258 1462 2415 1547; x_wconf 88' lang='lat' dir='ltr'><strong>eripi</strong></span> <span class='ocrx_word' id='word_1_140' title='bbox 2446 1462 2843 1539; x_wconf 86' lang='lat' dir='ltr'><strong>honorem,’</strong></span> 
     </span>
     <span class='ocr_line' id='line_1_23' title="bbox 694 1548 2837 1625; baseline 0 -13"><span class='ocrx_word' id='word_1_141' title='bbox 694 1549 1078 1614; x_wconf 83' lang='lat' dir='ltr'>disseruere:</span> <span class='ocrx_word' id='word_1_142' title='bbox 1130 1563 1266 1613; x_wconf 91' lang='lat' dir='ltr'><strong>tum</strong></span> <span class='ocrx_word' id='word_1_143' title='bbox 1309 1548 1523 1613; x_wconf 85' lang='lat' dir='ltr'><strong>Ahala</strong></span> <span class='ocrx_word' id='word_1_144' title='bbox 1554 1548 1855 1613; x_wconf 84' lang='lat' dir='ltr'><strong>Servilius</strong></span> <span class='ocrx_word' id='word_1_145' title='bbox 1896 1548 2184 1612; x_wconf 84' lang='lat' dir='ltr'><strong>tribunus</strong></span> <span class='ocrx_word' id='word_1_146' title='bbox 2212 1548 2509 1625; x_wconf 86' lang='lat' dir='ltr'><strong>militum,</strong></span> <span class='ocrx_word' id='word_1_147' title='bbox 2548 1556 2568 1586; x_wconf 91' lang='lat'>‘</span> <span class='ocrx_word' id='word_1_148' title='bbox 2590 1548 2837 1614; x_wconf 80' lang='lat' dir='ltr'><strong>Tacu-</strong></span> 
     </span>
     <span class='ocr_line' id='line_1_24' title="bbox 697 1634 2831 1720; baseline -0 -20"><span class='ocrx_word' id='word_1_149' title='bbox 697 1645 714 1673; x_wconf 92' lang='lat'>‘</span> <span class='ocrx_word' id='word_1_150' title='bbox 737 1636 856 1701; x_wconf 88' lang='lat' dir='ltr'><strong>isse</strong></span> <span class='ocrx_word' id='word_1_151' title='bbox 887 1658 954 1699; x_wconf 91' lang='lat' dir='ltr'><strong>se</strong></span> <span class='ocrx_word' id='word_1_152' title='bbox 986 1649 1116 1700; x_wconf 86' lang='lat' dir='ltr'><strong>tam</strong></span> <span class='ocrx_word' id='word_1_153' title='bbox 1152 1636 1302 1711; x_wconf 71' lang='lat' dir='ltr'><strong>diu:</strong></span> <span class='ocrx_word' id='word_1_154' title='bbox 1333 1636 1440 1712; x_wconf 88' lang='lat' dir='ltr'><strong>ait,</strong></span> <span class='ocrx_word' id='word_1_155' title='bbox 1475 1644 1494 1673; x_wconf 97' lang='grc'><strong><em>6</em></strong></span> <span class='ocrx_word' id='word_1_156' title='bbox 1514 1657 1645 1699; x_wconf 92' lang='lat' dir='ltr'><strong>non</strong></span> <span class='ocrx_word' id='word_1_157' title='bbox 1674 1634 1829 1720; x_wconf 88' lang='lat' dir='ltr'><strong>quia</strong></span> <span class='ocrx_word' id='word_1_158' title='bbox 1866 1634 2144 1698; x_wconf 88' lang='lat' dir='ltr'><strong>incertus</strong></span> <span class='ocrx_word' id='word_1_159' title='bbox 2174 1634 2531 1698; x_wconf 84' lang='lat' dir='ltr'><strong>sententiae</strong></span> <span class='ocrx_word' id='word_1_160' title='bbox 2562 1636 2831 1711; x_wconf 83' lang='lat' dir='ltr'><strong>fuerit;</strong></span> 
     </span>
     <span class='ocr_line' id='line_1_25' title="bbox 698 1720 2835 1807; baseline 0 -22"><span class='ocrx_word' id='word_1_161' title='bbox 698 1720 761 1804; x_wconf 91' lang='lat'><strong>‘(</strong></span> <span class='ocrx_word' id='word_1_162' title='bbox 811 1744 958 1785; x_wconf 90' lang='lat' dir='ltr'><strong>uem</strong></span> <span class='ocrx_word' id='word_1_163' title='bbox 999 1722 1172 1786; x_wconf 90' lang='lat' dir='ltr'><strong>enim</strong></span> <span class='ocrx_word' id='word_1_164' title='bbox 1207 1723 1448 1786; x_wconf 89' lang='lat' dir='ltr'><strong>bonum</strong></span> <span class='ocrx_word' id='word_1_165' title='bbox 1491 1721 1697 1785; x_wconf 86' lang='lat' dir='ltr'><strong>civem</strong></span> <span class='ocrx_word' id='word_1_166' title='bbox 1737 1742 2063 1785; x_wconf 85' lang='lat' dir='ltr'>secernere</span> <span class='ocrx_word' id='word_1_167' title='bbox 2102 1742 2217 1783; x_wconf 89' lang='lat' dir='ltr'><strong>sua</strong></span> <span class='ocrx_word' id='word_1_168' title='bbox 2255 1742 2295 1783; x_wconf 88' lang='lat' dir='ltr'><strong>a</strong></span> <span class='ocrx_word' id='word_1_169' title='bbox 2330 1720 2609 1807; x_wconf 88' lang='lat' dir='ltr'><strong>publicis</strong></span> <span class='ocrx_word' id='word_1_170' title='bbox 2650 1744 2835 1786; x_wconf 82' lang='lat' dir='ltr'><strong>con-</strong></span> 
     </span>
     <span class='ocr_line' id='line_1_26' title="bbox 697 1806 2835 1893; baseline 0.001 -23"><span class='ocrx_word' id='word_1_171' title='bbox 697 1815 717 1845; x_wconf 90' lang='grc'><strong><em>6</em></strong></span> <span class='ocrx_word' id='word_1_172' title='bbox 739 1807 791 1870; x_wconf 87' lang='lat' dir='ltr'><strong>si</strong></span> <span class='ocrx_word' id='word_1_173' title='bbox 815 1807 880 1870; x_wconf 88' lang='lat' dir='ltr'><strong>ia</strong></span> <span class='ocrx_word' id='word_1_174' title='bbox 893 1806 952 1892; x_wconf 75' lang='grc' dir='ltr'><strong>Ρ)</strong></span> <span class='ocrx_word' id='word_1_175' title='bbox 995 1807 1110 1871; x_wconf 90' lang='lat' dir='ltr'><strong>sed</strong></span> <span class='ocrx_word' id='word_1_176' title='bbox 1139 1808 1292 1892; x_wconf 90' lang='lat' dir='ltr'><strong>quia</strong></span> <span class='ocrx_word' id='word_1_177' title='bbox 1329 1807 1643 1884; x_wconf 83' lang='lat' dir='ltr'><strong>maluerit,</strong></span> <span class='ocrx_word' id='word_1_178' title='bbox 1676 1806 1949 1893; x_wconf 81' lang='lat' dir='ltr'><strong>collegas</strong></span> <span class='ocrx_word' id='word_1_179' title='bbox 1976 1828 2095 1871; x_wconf 89' lang='lat' dir='ltr'><strong>sua</strong></span> <span class='ocrx_word' id='word_1_180' title='bbox 2128 1818 2354 1893; x_wconf 87' lang='lat' dir='ltr'><strong>sponte</strong></span> <span class='ocrx_word' id='word_1_181' title='bbox 2382 1807 2620 1871; x_wconf 87' lang='lat' dir='ltr'>cedere</span> <span class='ocrx_word' id='word_1_182' title='bbox 2654 1830 2835 1873; x_wconf 86' lang='lat' dir='ltr'><strong>auc-</strong></span> 
     </span>
     <span class='ocr_line' id='line_1_27' title="bbox 698 1891 2829 1979; baseline 0.002 -24"><span class='ocrx_word' id='word_1_183' title='bbox 698 1901 717 1931; x_wconf 88' lang='lat'>‘</span> <span class='ocrx_word' id='word_1_184' title='bbox 737 1894 974 1956; x_wconf 87' lang='lat' dir='ltr'><strong>toritati</strong></span> <span class='ocrx_word' id='word_1_185' title='bbox 1003 1905 1276 1970; x_wconf 87' lang='lat' dir='ltr'><strong>senatus,</strong></span> <span class='ocrx_word' id='word_1_186' title='bbox 1311 1915 1504 1979; x_wconf 81' lang='lat' dir='ltr'><strong>quam</strong></span> <span class='ocrx_word' id='word_1_187' title='bbox 1544 1893 1949 1957; x_wconf 77' lang='lat' dir='ltr'><strong>tribuniciam</strong></span> <span class='ocrx_word' id='word_1_188' title='bbox 1990 1905 2368 1979; x_wconf 87' lang='lat' dir='ltr'><strong>potestatem</strong></span> <span class='ocrx_word' id='word_1_189' title='bbox 2397 1891 2717 1959; x_wconf 85' lang='lat' dir='ltr'><strong>adversus</strong></span> <span class='ocrx_word' id='word_1_190' title='bbox 2748 1917 2829 1959; x_wconf 81' lang='lat' dir='ltr'><strong>se</strong></span> 
     </span>
     <span class='ocr_line' id='line_1_28' title="bbox 700 1978 2835 2065; baseline 0.001 -22"><span class='ocrx_word' id='word_1_191' title='bbox 700 1986 720 2017; x_wconf 91' lang='grc'><strong><em>6</em></strong></span> <span class='ocrx_word' id='word_1_192' title='bbox 737 1978 1058 2065; x_wconf 84' lang='lat' dir='ltr'><strong>implorari</strong></span> <span class='ocrx_word' id='word_1_193' title='bbox 1079 1992 1463 2065; x_wconf 86' lang='lat' dir='ltr'><strong>paterentur.</strong></span> <span class='ocrx_word' id='word_1_194' title='bbox 1543 1978 1715 2043; x_wconf 90' lang='lat' dir='ltr'><strong>Tum</strong></span> <span class='ocrx_word' id='word_1_195' title='bbox 1744 2000 2024 2065; x_wconf 89' lang='lat' dir='ltr'><strong>quoque,</strong></span> <span class='ocrx_word' id='word_1_196' title='bbox 2046 1979 2100 2041; x_wconf 87' lang='lat' dir='ltr'><strong>si</strong></span> <span class='ocrx_word' id='word_1_197' title='bbox 2126 1998 2229 2042; x_wconf 84' lang='lat' dir='ltr'><strong>res</strong></span> <span class='ocrx_word' id='word_1_198' title='bbox 2250 1978 2505 2054; x_wconf 85' lang='lat' dir='ltr'><strong>sineret,</strong></span> <span class='ocrx_word' id='word_1_199' title='bbox 2526 1978 2835 2045; x_wconf 79' lang='lat' dir='ltr'><strong>libenter</strong></span> 
     </span>
     <span class='ocr_line' id='line_1_29' title="bbox 701 2064 2835 2152; baseline 0.001 -23"><span class='ocrx_word' id='word_1_200' title='bbox 701 2072 720 2102; x_wconf 90' lang='lat'>‘</span> <span class='ocrx_word' id='word_1_201' title='bbox 741 2087 806 2128; x_wconf 85' lang='lat' dir='ltr'><strong>se</strong></span> <span class='ocrx_word' id='word_1_202' title='bbox 836 2065 1134 2129; x_wconf 83' lang='lat' dir='ltr'><strong>daturum</strong></span> <span class='ocrx_word' id='word_1_203' title='bbox 1166 2082 1415 2151; x_wconf 88' lang='lat' dir='ltr'><strong>tempus</strong></span> <span class='ocrx_word' id='word_1_204' title='bbox 1445 2066 1523 2129; x_wconf 86' lang='lat' dir='ltr'><strong>iis</strong></span> <span class='ocrx_word' id='word_1_205' title='bbox 1550 2065 1739 2129; x_wconf 85' lang='lat' dir='ltr'><strong>fuisse</strong></span> <span class='ocrx_word' id='word_1_206' title='bbox 1770 2064 1853 2129; x_wconf 82' lang='lat' dir='ltr'><strong>ad</strong></span> <span class='ocrx_word' id='word_1_207' title='bbox 1880 2078 2208 2151; x_wconf 88' lang='lat' dir='ltr'><strong>receptum</strong></span> <span class='ocrx_word' id='word_1_208' title='bbox 2238 2064 2427 2127; x_wconf 88' lang='lat' dir='ltr'><strong>nimis</strong></span> <span class='ocrx_word' id='word_1_209' title='bbox 2454 2067 2835 2152; x_wconf 81' lang='lat' dir='ltr'><strong>pertinacis</strong></span> 
     </span>
     <span class='ocr_line' id='line_1_30' title="bbox 700 2150 2829 2239; baseline 0 -24"><span class='ocrx_word' id='word_1_210' title='bbox 700 2160 719 2189; x_wconf 98' lang='grc'><strong><em>6</em></strong></span> <span class='ocrx_word' id='word_1_211' title='bbox 737 2152 1126 2215; x_wconf 83' lang='lat' dir='ltr'><strong>sententiae:</strong></span> <span class='ocrx_word' id='word_1_212' title='bbox 1174 2150 1306 2227; x_wconf 89' lang='lat' dir='ltr'><strong>sed,</strong></span> <span class='ocrx_word' id='word_1_213' title='bbox 1353 2174 1554 2239; x_wconf 90' lang='lat' dir='ltr'><strong>quum</strong></span> <span class='ocrx_word' id='word_1_214' title='bbox 1597 2151 1747 2215; x_wconf 88' lang='lat' dir='ltr'><strong>belli</strong></span> <span class='ocrx_word' id='word_1_215' title='bbox 1790 2152 2197 2215; x_wconf 77' lang='lat' dir='ltr'><strong>necessitates</strong></span> <span class='ocrx_word' id='word_1_216' title='bbox 2247 2172 2379 2215; x_wconf 90' lang='lat' dir='ltr'><strong>non</strong></span> <span class='ocrx_word' id='word_1_217' title='bbox 2422 2166 2829 2237; x_wconf 81' lang='lat' dir='ltr'><strong>exspectent</strong></span> 
     </span>
     <span class='ocr_line' id='line_1_31' title="bbox 701 2235 2829 2336; baseline 0.001 -35"><span class='ocrx_word' id='word_1_218' title='bbox 701 2247 719 2277; x_wconf 91' lang='lat'>‘</span> <span class='ocrx_word' id='word_1_219' title='bbox 741 2237 1022 2301; x_wconf 83' lang='lat' dir='ltr'><strong>humana</strong></span> <span class='ocrx_word' id='word_1_220' title='bbox 1049 2238 1332 2314; x_wconf 84' lang='lat' dir='ltr'><strong>consilia,</strong></span> <span class='ocrx_word' id='word_1_221' title='bbox 1363 2238 1677 2323; x_wconf 87' lang='lat' dir='ltr'><strong>potiorem</strong></span> <span class='ocrx_word' id='word_1_222' title='bbox 1716 2236 1838 2301; x_wconf 90' lang='lat' dir='ltr'><strong>sibi</strong></span> <span class='ocrx_word' id='word_1_223' title='bbox 1866 2235 2251 2336; x_wconf 74' lang='lat' dir='ltr'><strong>collegarum</strong></span> <span class='ocrx_word' id='word_1_224' title='bbox 2295 2237 2499 2323; x_wconf 82' lang='lat' dir='ltr'><strong>gratia</strong></span> <span class='ocrx_word' id='word_1_225' title='bbox 2540 2260 2829 2325; x_wconf 88' lang='lat' dir='ltr'><strong>rempu-</strong></span> 
     </span>
     <span class='ocr_line' id='line_1_32' title="bbox 701 2322 2825 2400; baseline 0.001 -13"><span class='ocrx_word' id='word_1_226' title='bbox 701 2331 721 2361; x_wconf 90' lang='lat'>‘</span> <span class='ocrx_word' id='word_1_227' title='bbox 734 2322 968 2387; x_wconf 81' lang='lat' dir='ltr'><strong>blicam</strong></span> <span class='ocrx_word' id='word_1_228' title='bbox 990 2324 1158 2388; x_wconf 86' lang='lat' dir='ltr'><strong>fore:</strong></span> <span class='ocrx_word' id='word_1_229' title='bbox 1207 2336 1291 2400; x_wconf 91' lang='lat' dir='ltr'><strong>et,</strong></span> <span class='ocrx_word' id='word_1_230' title='bbox 1315 2324 1369 2387; x_wconf 89' lang='lat' dir='ltr'><strong>si</strong></span> <span class='ocrx_word' id='word_1_231' title='bbox 1399 2338 1653 2387; x_wconf 86' lang='lat' dir='ltr'><strong>maneat</strong></span> <span class='ocrx_word' id='word_1_232' title='bbox 1680 2323 1748 2385; x_wconf 92' lang='lat' dir='ltr'><strong>in</strong></span> <span class='ocrx_word' id='word_1_233' title='bbox 1778 2335 2096 2387; x_wconf 82' lang='lat' dir='ltr'><strong>sententia</strong></span> <span class='ocrx_word' id='word_1_234' title='bbox 2122 2336 2397 2399; x_wconf 76' lang='lat' dir='ltr'><strong>senatuS,</strong></span> <span class='ocrx_word' id='word_1_235' title='bbox 2421 2322 2825 2389; x_wconf 71' lang='lat' dir='ltr'><strong>dictatorem</strong></span> 
     </span>
     <span class='ocr_line' id='line_1_33' title="bbox 701 2408 2969 2497; baseline 0 -23"><span class='ocrx_word' id='word_1_236' title='bbox 701 2418 722 2449; x_wconf 92' lang='lat'>‘</span> <span class='ocrx_word' id='word_1_237' title='bbox 737 2422 926 2474; x_wconf 88' lang='lat' dir='ltr'><strong>nocte</strong></span> <span class='ocrx_word' id='word_1_238' title='bbox 945 2411 1238 2497; x_wconf 82' lang='lat' dir='ltr'><strong>proxima</strong></span> <span class='ocrx_word' id='word_1_239' title='bbox 1253 2410 1603 2485; x_wconf 84' lang='lat' dir='ltr'><strong>dicturum3</strong></span> <span class='ocrx_word' id='word_1_240' title='bbox 1650 2430 1744 2485; x_wconf 81' lang='lat' dir='ltr'><strong>ac,</strong></span> <span class='ocrx_word' id='word_1_241' title='bbox 1764 2408 1818 2472; x_wconf 85' lang='lat' dir='ltr'><strong>si</strong></span> <span class='ocrx_word' id='word_1_242' title='bbox 1836 2409 1982 2494; x_wconf 88' lang='lat' dir='ltr'><strong>quis</strong></span> <span class='ocrx_word' id='word_1_243' title='bbox 2004 2408 2358 2473; x_wconf 80' lang='lat' dir='ltr'><strong>intercedat</strong></span> <span class='ocrx_word' id='word_1_244' title='bbox 2388 2423 2825 2475; x_wconf 84' lang='lat' dir='ltr'><strong>senatuscon-</strong></span> <span class='ocrx_word' id='word_1_245' title='bbox 2967 2476 2969 2483; x_wconf 82' lang='grc'>,</span> 
     </span>
     <span class='ocr_line' id='line_1_34' title="bbox 702 2493 2873 2581; baseline -0.001 -21"><span class='ocrx_word' id='word_1_246' title='bbox 702 2504 722 2533; x_wconf 97' lang='grc'><strong><em>6</em></strong></span> <span class='ocrx_word' id='word_1_247' title='bbox 741 2496 928 2573; x_wconf 85' lang='lat' dir='ltr'><strong>sulto,</strong></span> <span class='ocrx_word' id='word_1_248' title='bbox 949 2497 1326 2561; x_wconf 82' lang='lat' dir='ltr'><strong>auctoritate</strong></span> <span class='ocrx_word' id='word_1_249' title='bbox 1348 2518 1414 2559; x_wconf 90' lang='lat' dir='ltr'><strong>se</strong></span> <span class='ocrx_word' id='word_1_250' title='bbox 1432 2495 1566 2559; x_wconf 88' lang='lat' dir='ltr'><strong>fore</strong></span> <span class='ocrx_word' id='word_1_251' title='bbox 1586 2495 1999 2559; x_wconf 86' lang='lat' dir='ltr'><strong>contentum.&#39;</strong></span> <span class='ocrx_word' id='word_1_252' title='bbox 2050 2493 2203 2569; x_wconf 81' lang='lat' dir='ltr'><strong>Quo</strong></span> <span class='ocrx_word' id='word_1_253' title='bbox 2217 2495 2384 2559; x_wconf 85' lang='lat' dir='ltr'><strong>facto</strong></span> <span class='ocrx_word' id='word_1_254' title='bbox 2404 2517 2609 2581; x_wconf 90' lang='lat' dir='ltr'><strong>quum</strong></span> <span class='ocrx_word' id='word_1_255' title='bbox 2628 2495 2819 2561; x_wconf 85' lang='lat' dir='ltr'><strong>haud</strong></span> <span class='ocrx_word' id='word_1_256' title='bbox 2840 2512 2873 2558; x_wconf 86' lang='lat'>8</span> 
     </span>
     <span class='ocr_line' id='line_1_35' title="bbox 698 2579 2819 2680; baseline 0 -34"><span class='ocrx_word' id='word_1_257' title='bbox 698 2583 1080 2647; x_wconf 84' lang='lat' dir='ltr'><strong>immeritam</strong></span> <span class='ocrx_word' id='word_1_258' title='bbox 1099 2582 1354 2647; x_wconf 85' lang='lat' dir='ltr'><strong>laudem</strong></span> <span class='ocrx_word' id='word_1_259' title='bbox 1371 2581 1765 2680; x_wconf 76' lang='lat' dir='ltr'><strong>gratiamque</strong></span> <span class='ocrx_word' id='word_1_260' title='bbox 1779 2579 1951 2667; x_wconf 84' lang='lat' dir='ltr'><strong>apud</strong></span> <span class='ocrx_word' id='word_1_261' title='bbox 1970 2602 2192 2644; x_wconf 88' lang='lat' dir='ltr'><strong>omnes</strong></span> <span class='ocrx_word' id='word_1_262' title='bbox 2210 2580 2473 2658; x_wconf 88' lang='lat' dir='ltr'><strong>tulisset,</strong></span> <span class='ocrx_word' id='word_1_263' title='bbox 2486 2580 2819 2647; x_wconf 82' lang='lat' dir='ltr'><strong>dictatore</strong></span> 
     </span>
     <span class='ocr_line' id='line_1_36' title="bbox 700 2665 2821 2752; baseline -0.001 -19"><span class='ocrx_word' id='word_1_264' title='bbox 700 2669 774 2733; x_wconf 90' lang='lat' dir='ltr'><strong>P.</strong></span> <span class='ocrx_word' id='word_1_265' title='bbox 811 2667 1116 2733; x_wconf 90' lang='lat' dir='ltr'><strong>Cornelio</strong></span> <span class='ocrx_word' id='word_1_266' title='bbox 1145 2667 1337 2744; x_wconf 82' lang='lat' dir='ltr'><strong>dicto,</strong></span> <span class='ocrx_word' id='word_1_267' title='bbox 1369 2690 1505 2751; x_wconf 81' lang='lat' dir='ltr'><strong>ipsc</strong></span> <span class='ocrx_word' id='word_1_268' title='bbox 1536 2667 1615 2731; x_wconf 91' lang='lat' dir='ltr'><strong>ab</strong></span> <span class='ocrx_word' id='word_1_269' title='bbox 1654 2688 1735 2729; x_wconf 88' lang='lat' dir='ltr'><strong>eo</strong></span> <span class='ocrx_word' id='word_1_270' title='bbox 1763 2665 2063 2751; x_wconf 79' lang='lat' dir='ltr'><strong>magister</strong></span> <span class='ocrx_word' id='word_1_271' title='bbox 2090 2666 2379 2752; x_wconf 91' lang='lat' dir='ltr'><strong>equitum</strong></span> <span class='ocrx_word' id='word_1_272' title='bbox 2408 2681 2661 2731; x_wconf 86' lang='lat' dir='ltr'><strong>creatus</strong></span> <span class='ocrx_word' id='word_1_273' title='bbox 2692 2691 2821 2733; x_wconf 87' lang='lat' dir='ltr'><strong>ex-</strong></span> 
     </span>
     <span class='ocr_line' id='line_1_37' title="bbox 699 2752 2816 2840; baseline 0 -21"><span class='ocrx_word' id='word_1_274' title='bbox 699 2754 911 2840; x_wconf 86' lang='lat' dir='ltr'><strong>emplo</strong></span> <span class='ocrx_word' id='word_1_275' title='bbox 940 2754 1062 2817; x_wconf 83' lang='lat' dir='ltr'><strong>fuit</strong></span> <span class='ocrx_word' id='word_1_276' title='bbox 1091 2753 1362 2838; x_wconf 78' lang='lat' dir='ltr'><strong>collegas</strong></span> <span class='ocrx_word' id='word_1_277' title='bbox 1389 2770 1667 2838; x_wconf 88' lang='lat' dir='ltr'><strong>eumque</strong></span> <span class='ocrx_word' id='word_1_278' title='bbox 1708 2752 2123 2828; x_wconf 88' lang='lat' dir='ltr'><strong>intuentibus,</strong></span> <span class='ocrx_word' id='word_1_279' title='bbox 2154 2774 2347 2837; x_wconf 88' lang='lat' dir='ltr'><strong>quam</strong></span> <span class='ocrx_word' id='word_1_280' title='bbox 2376 2752 2579 2838; x_wconf 81' lang='lat' dir='ltr'><strong>gratia</strong></span> <span class='ocrx_word' id='word_1_281' title='bbox 2606 2766 2816 2840; x_wconf 87' lang='lat' dir='ltr'><strong>atque</strong></span> 
     </span>
     <span class='ocr_line' id='line_1_38' title="bbox 699 2836 2813 2923; baseline 0.001 -21"><span class='ocrx_word' id='word_1_282' title='bbox 699 2838 902 2902; x_wconf 82' lang='lat' dir='ltr'><strong>honos</strong></span> <span class='ocrx_word' id='word_1_283' title='bbox 973 2839 1432 2923; x_wconf 87' lang='lat' dir='ltr'><strong>opportuniora</strong></span> <span class='ocrx_word' id='word_1_284' title='bbox 1497 2837 1822 2901; x_wconf 86' lang='lat' dir='ltr'><strong>interdum</strong></span> <span class='ocrx_word' id='word_1_285' title='bbox 1890 2859 2023 2901; x_wconf 89' lang='lat' dir='ltr'><strong>non</strong></span> <span class='ocrx_word' id='word_1_286' title='bbox 2090 2836 2497 2923; x_wconf 88' lang='lat' dir='ltr'><strong>cupientibus</strong></span> <span class='ocrx_word' id='word_1_287' title='bbox 2564 2854 2813 2905; x_wconf 78' lang='lat' dir='ltr'><strong>essent.</strong></span> 
     </span>
     <span class='ocr_line' id='line_1_39' title="bbox 701 2922 2817 3011; baseline 0.001 -24"><span class='ocrx_word' id='word_1_288' title='bbox 701 2922 958 2987; x_wconf 90' lang='lat' dir='ltr'><strong>Bellum</strong></span> <span class='ocrx_word' id='word_1_289' title='bbox 987 2922 1160 2986; x_wconf 86' lang='lat' dir='ltr'><strong>haud</strong></span> <span class='ocrx_word' id='word_1_290' title='bbox 1191 2922 1599 2987; x_wconf 86' lang='lat' dir='ltr'><strong>memorabile</strong></span> <span class='ocrx_word' id='word_1_291' title='bbox 1617 2924 1754 2987; x_wconf 84' lang='lat' dir='ltr'><strong>fuit.</strong></span> <span class='ocrx_word' id='word_1_292' title='bbox 1850 2922 2003 2987; x_wconf 90' lang='lat' dir='ltr'><strong>Uno</strong></span> <span class='ocrx_word' id='word_1_293' title='bbox 2032 2935 2225 3009; x_wconf 84' lang='lat' dir='ltr'><strong>atque</strong></span> <span class='ocrx_word' id='word_1_294' title='bbox 2256 2946 2335 2987; x_wconf 92' lang='lat' dir='ltr'><strong>eo</strong></span> <span class='ocrx_word' id='word_1_295' title='bbox 2356 2924 2525 2987; x_wconf 65' lang='lat' dir='ltr'><strong>facili</strong></span> <span class='ocrx_word' id='word_1_296' title='bbox 2551 2926 2817 3011; x_wconf 86' lang='lat' dir='ltr'><strong>proelio</strong></span> 
     </span>
     <span class='ocr_line' id='line_1_40' title="bbox 699 3007 2969 3109; baseline 0.001 -36"><span class='ocrx_word' id='word_1_297' title='bbox 699 3008 867 3073; x_wconf 85' lang='lat' dir='ltr'><strong>caesi</strong></span> <span class='ocrx_word' id='word_1_298' title='bbox 895 3008 978 3072; x_wconf 86' lang='lat' dir='ltr'><strong>ad</strong></span> <span class='ocrx_word' id='word_1_299' title='bbox 1008 3007 1278 3072; x_wconf 87' lang='lat' dir='ltr'><strong>Antium</strong></span> <span class='ocrx_word' id='word_1_300' title='bbox 1311 3007 1559 3071; x_wconf 88' lang='lat' dir='ltr'><strong>hostes:</strong></span> <span class='ocrx_word' id='word_1_301' title='bbox 1609 3009 1811 3073; x_wconf 87' lang='lat' dir='ltr'><strong>victor</strong></span> <span class='ocrx_word' id='word_1_302' title='bbox 1838 3009 2157 3073; x_wconf 82' lang='lat' dir='ltr'><strong>exercitus</strong></span> <span class='ocrx_word' id='word_1_303' title='bbox 2190 3009 2613 3109; x_wconf 81' lang='lat' dir='ltr'><strong>depopulatus</strong></span> <span class='ocrx_word' id='word_1_304' title='bbox 2642 3010 2815 3076; x_wconf 87' lang='lat' dir='ltr'><strong>Vol-</strong></span> <span class='ocrx_word' id='word_1_305' title='bbox 2967 3080 2969 3091; x_wconf 27' lang='grc' dir='ltr'><strong>ἱ</strong></span> 
     </span>
     <span class='ocr_line' id='line_1_41' title="bbox 699 3090 2969 3186; baseline 0.002 -27"><span class='ocrx_word' id='word_1_306' title='bbox 699 3116 876 3159; x_wconf 86' lang='lat' dir='ltr'><strong>scum</strong></span> <span class='ocrx_word' id='word_1_307' title='bbox 907 3116 1157 3181; x_wconf 78' lang='lat' dir='ltr'><strong>agrum:</strong></span> <span class='ocrx_word' id='word_1_308' title='bbox 1205 3092 1533 3157; x_wconf 88' lang='lat' dir='ltr'><strong>castellum</strong></span> <span class='ocrx_word' id='word_1_309' title='bbox 1556 3093 1639 3157; x_wconf 83' lang='lat' dir='ltr'><strong>ad</strong></span> <span class='ocrx_word' id='word_1_310' title='bbox 1660 3094 1869 3158; x_wconf 85' lang='lat' dir='ltr'><strong>lacum</strong></span> <span class='ocrx_word' id='word_1_311' title='bbox 1902 3092 2215 3159; x_wconf 88' lang='lat' dir='ltr'><strong>Fucinum</strong></span> <span class='ocrx_word' id='word_1_312' title='bbox 2233 3118 2297 3159; x_wconf 59' lang='grc' dir='ltr'><strong>τι</strong></span> <span class='ocrx_word' id='word_1_313' title='bbox 2320 3118 2403 3159; x_wconf 84' lang='lat' dir='ltr'><strong>ex</strong></span> <span class='ocrx_word' id='word_1_314' title='bbox 2448 3109 2767 3183; x_wconf 78' lang='lat' dir='ltr'><strong>ugnatum</strong></span> <span class='ocrx_word' id='word_1_315' title='bbox 2788 3090 2863 3186; x_wconf 60' lang='grc' dir='ltr'><strong>εξ</strong></span> <span class='ocrx_word' id='word_1_316' title='bbox 2967 3160 2969 3163; x_wconf 86' lang='grc'>.</span> 
     </span>
     <span class='ocr_line' id='line_1_42' title="bbox 701 3118 2811 3269; baseline 0 -21"><span class='ocrx_word' id='word_1_317' title='bbox 701 3194 892 3269; x_wconf 88' lang='lat' dir='ltr'><strong>atque</strong></span> <span class='ocrx_word' id='word_1_318' title='bbox 922 3182 986 3245; x_wconf 90' lang='lat' dir='ltr'><strong>in</strong></span> <span class='ocrx_word' id='word_1_319' title='bbox 1020 3204 1098 3245; x_wconf 93' lang='lat' dir='ltr'><strong>eo</strong></span> <span class='ocrx_word' id='word_1_320' title='bbox 1129 3179 1248 3245; x_wconf 89' lang='lat' dir='ltr'><strong>tria</strong></span> <span class='ocrx_word' id='word_1_321' title='bbox 1277 3178 1477 3244; x_wconf 82' lang='lat' dir='ltr'><strong>millia</strong></span> <span class='ocrx_word' id='word_1_322' title='bbox 1504 3179 1835 3245; x_wconf 87' lang='lat' dir='ltr'><strong>hominum</strong></span> <span class='ocrx_word' id='word_1_323' title='bbox 1866 3194 2068 3267; x_wconf 89' lang='lat' dir='ltr'><strong>capta,</strong></span> <span class='ocrx_word' id='word_1_324' title='bbox 2100 3180 2327 3246; x_wconf 89' lang='lat' dir='ltr'><strong>ceteris</strong></span> <span class='ocrx_word' id='word_1_325' title='bbox 2352 3118 2605 3247; x_wconf 46' lang='lat' dir='ltr'><strong>Vblscis</strong></span> <span class='ocrx_word' id='word_1_326' title='bbox 2636 3183 2811 3249; x_wconf 85' lang='lat' dir='ltr'><strong>intra</strong></span> 
     </span>
    </p>
   </div>
   <div class='ocr_carea' id='block_1_7' title="bbox 699 3434 2806 4385">
    <p class='ocr_par' dir='ltr' id='par_1_7' title="bbox 699 3434 2805 3627">
     <span class='ocr_line' id='line_1_43' title="bbox 769 3434 2805 3497; baseline 0.001 -14"><span class='ocrx_word' id='word_1_327' title='bbox 769 3446 795 3497; x_wconf 83' lang='lat'><strong>7</strong></span> <span class='ocrx_word' id='word_1_328' title='bbox 829 3437 896 3484; x_wconf 80' lang='grc' dir='ltr'><strong>Ιπ</strong></span> <span class='ocrx_word' id='word_1_329' title='bbox 915 3436 1164 3496; x_wconf 70' lang='lat' dir='ltr'><strong>manibus]</strong></span> <span class='ocrx_word' id='word_1_330' title='bbox 1201 3435 1437 3484; x_wconf 84' lang='lat' dir='ltr'><strong>Similiter</strong></span> <span class='ocrx_word' id='word_1_331' title='bbox 1454 3434 1652 3495; x_wconf 83' lang='lat' dir='ltr'><strong>Graeci,</strong></span> <span class='ocrx_word' id='word_1_332' title='bbox 1666 3435 1720 3483; x_wconf 63' lang='grc' dir='ltr'><strong>ἐν</strong></span> <span class='ocrx_word' id='word_1_333' title='bbox 1781 3438 2046 3487; x_wconf 67' lang='lat' dir='ltr'><strong>auctor-itas·</strong></span> <span class='ocrx_word' id='word_1_334' title='bbox 2068 3437 2346 3485; x_wconf 81' lang='lat' dir='ltr'><strong>vocabatur.</strong></span> <span class='ocrx_word' id='word_1_335' title='bbox 2407 3435 2554 3484; x_wconf 82' lang='lat' dir='ltr'><strong>Haec</strong></span> <span class='ocrx_word' id='word_1_336' title='bbox 2574 3436 2681 3484; x_wconf 83' lang='lat' dir='ltr'><strong>fere</strong></span> <span class='ocrx_word' id='word_1_337' title='bbox 2703 3436 2805 3485; x_wconf 86' lang='lat' dir='ltr'><strong>Dio</strong></span> 
     </span>
     <span class='ocr_line' id='line_1_44' title="bbox 699 3495 2765 3561; baseline 0.002 -16"><span class='ocrx_word' id='word_1_338' title='bbox 699 3498 870 3561; x_wconf 74' lang='grc' dir='ltr'>χερσὶν</span> <span class='ocrx_word' id='word_1_339' title='bbox 905 3498 1034 3549; x_wconf 75' lang='grc' dir='ltr'>εἶναι.</span> <span class='ocrx_word' id='word_1_340' title='bbox 1081 3500 1142 3548; x_wconf 84' lang='lat' dir='ltr'><strong>cf.</strong></span> <span class='ocrx_word' id='word_1_341' title='bbox 1167 3500 1274 3548; x_wconf 87' lang='lat' dir='ltr'><strong>Cic.</strong></span> <span class='ocrx_word' id='word_1_342' title='bbox 1298 3501 1362 3548; x_wconf 82' lang='lat' dir='ltr'><strong>ad</strong></span> <span class='ocrx_word' id='word_1_343' title='bbox 1386 3499 1502 3549; x_wconf 82' lang='lat' dir='ltr'><strong>Div.</strong></span> <span class='ocrx_word' id='word_1_344' title='bbox 1537 3499 1602 3548; x_wconf 87' lang='lat' dir='ltr'><strong>xi.</strong></span> <span class='ocrx_word' id='word_1_345' title='bbox 1644 3513 1716 3561; x_wconf 84' lang='lat'><strong>13.</strong></span> <span class='ocrx_word' id='word_1_346' title='bbox 1782 3500 1847 3549; x_wconf 80' lang='lat' dir='ltr'><strong>lv.</strong></span> <span class='ocrx_word' id='word_1_347' title='bbox 1884 3495 1945 3549; x_wconf 70' lang='lat' dir='ltr'><strong>cf.</strong></span> <span class='ocrx_word' id='word_1_348' title='bbox 1970 3500 2073 3551; x_wconf 87' lang='lat' dir='ltr'><strong>Cic.</strong></span> <span class='ocrx_word' id='word_1_349' title='bbox 2096 3502 2161 3548; x_wconf 87' lang='lat' dir='ltr'><strong>ad</strong></span> <span class='ocrx_word' id='word_1_350' title='bbox 2185 3500 2301 3549; x_wconf 75' lang='lat' dir='ltr'><strong>Div.</strong></span> <span class='ocrx_word' id='word_1_351' title='bbox 2324 3498 2359 3549; x_wconf 91' lang='lat' dir='ltr'><strong>i.</strong></span> <span class='ocrx_word' id='word_1_352' title='bbox 2384 3515 2427 3549; x_wconf 67' lang='grc' dir='ltr'><strong>α.</strong></span> <span class='ocrx_word' id='word_1_353' title='bbox 2462 3499 2562 3547; x_wconf 77' lang='lat' dir='ltr'><strong>viii.</strong></span> <span class='ocrx_word' id='word_1_354' title='bbox 2590 3512 2635 3561; x_wconf 84' lang='lat'><strong>7.</strong></span> <span class='ocrx_word' id='word_1_355' title='bbox 2667 3500 2765 3550; x_wconf 74' lang='lat' dir='ltr'><strong>CR.</strong></span> 
     </span>
     <span class='ocr_line' id='line_1_45' title="bbox 701 3562 2803 3627; baseline 0.001 -17"><span class='ocrx_word' id='word_1_356' title='bbox 701 3562 870 3612; x_wconf 71' lang='lat' dir='ltr'><strong>Dosa.</strong></span> <span class='ocrx_word' id='word_1_357' title='bbox 1786 3580 1797 3593; x_wconf 67' lang='lat'>⁸</span> <span class='ocrx_word' id='word_1_358' title='bbox 1846 3578 1878 3627; x_wconf 91' lang='lat'>9</span> <span class='ocrx_word' id='word_1_359' title='bbox 1912 3564 2199 3623; x_wconf 73' lang='lat' dir='ltr'><strong>Castellum]</strong></span> <span class='ocrx_word' id='word_1_360' title='bbox 2256 3564 2371 3611; x_wconf 91' lang='lat' dir='ltr'><strong>Hoc</strong></span> <span class='ocrx_word' id='word_1_361' title='bbox 2409 3563 2674 3613; x_wconf 84' lang='lat' dir='ltr'><strong>castellum</strong></span> <span class='ocrx_word' id='word_1_362' title='bbox 2709 3568 2803 3612; x_wconf 80' lang='lat' dir='ltr'><strong>Ae-</strong></span> 
     </span>
    </p>

    <p class='ocr_par' dir='ltr' id='par_1_8' title="bbox 699 3627 2806 4385">
     <span class='ocr_line' id='line_1_46' title="bbox 765 3627 2803 3688; baseline 0.001 -15"><span class='ocrx_word' id='word_1_363' title='bbox 765 3627 796 3673; x_wconf 88' lang='lat'>8</span> <span class='ocrx_word' id='word_1_364' title='bbox 827 3629 1158 3686; x_wconf 71' lang='lat' dir='ltr'><strong>Auctoritate]</strong></span> <span class='ocrx_word' id='word_1_365' title='bbox 1211 3628 1497 3676; x_wconf 74' lang='lat' dir='ltr'><strong>Auctoritas</strong></span> <span class='ocrx_word' id='word_1_366' title='bbox 1516 3633 1717 3675; x_wconf 74' lang='lat' dir='ltr'><strong>senatus</strong></span> <span class='ocrx_word' id='word_1_367' title='bbox 1782 3642 2007 3688; x_wconf 86' lang='lat' dir='ltr'><strong>quorum,</strong></span> <span class='ocrx_word' id='word_1_368' title='bbox 2022 3640 2121 3675; x_wconf 86' lang='lat' dir='ltr'><strong>non</strong></span> <span class='ocrx_word' id='word_1_369' title='bbox 2146 3628 2441 3675; x_wconf 81' lang='lat' dir='ltr'><strong>Volscorum</strong></span> <span class='ocrx_word' id='word_1_370' title='bbox 2464 3627 2613 3675; x_wconf 73' lang='lat' dir='ltr'><strong>fuisae</strong></span> <span class='ocrx_word' id='word_1_371' title='bbox 2636 3634 2803 3676; x_wconf 82' lang='lat' dir='ltr'><strong>censet</strong></span> 
     </span>
     <span class='ocr_line' id='line_1_47' title="bbox 701 3689 2219 3754; baseline 0.003 -19"><span class='ocrx_word' id='word_1_372' title='bbox 701 3694 776 3736; x_wconf 80' lang='lat' dir='ltr'><strong>est</strong></span> <span class='ocrx_word' id='word_1_373' title='bbox 796 3689 1035 3736; x_wconf 85' lang='lat' dir='ltr'><strong>iudicium</strong></span> <span class='ocrx_word' id='word_1_374' title='bbox 1057 3694 1255 3739; x_wconf 80' lang='lat' dir='ltr'><strong>senatus</strong></span> <span class='ocrx_word' id='word_1_375' title='bbox 1277 3691 1620 3752; x_wconf 85' lang='lat' dir='ltr'><strong>perscriptum,</strong></span> <span class='ocrx_word' id='word_1_376' title='bbox 1637 3689 1715 3738; x_wconf 89' lang='lat' dir='ltr'><strong>cui</strong></span> <span class='ocrx_word' id='word_1_377' title='bbox 1784 3690 1989 3739; x_wconf 87' lang='lat' dir='ltr'><strong>Niebhr.</strong></span> <span class='ocrx_word' id='word_1_378' title='bbox 2012 3690 2043 3739; x_wconf 90' lang='lat' dir='ltr'><strong>i.</strong></span> <span class='ocrx_word' id='word_1_379' title='bbox 2069 3707 2117 3754; x_wconf 87' lang='lat' dir='ltr'><strong>p.</strong></span> <span class='ocrx_word' id='word_1_380' title='bbox 2145 3703 2219 3752; x_wconf 87' lang='lat'><strong>71.</strong></span> 
     </span>
     <span class='ocr_line' id='line_1_48' title="bbox 700 3750 2805 3814; baseline 0.003 -17"><span class='ocrx_word' id='word_1_381' title='bbox 700 3750 918 3812; x_wconf 83' lang='lat' dir='ltr'><strong>legitima</strong></span> <span class='ocrx_word' id='word_1_382' title='bbox 952 3754 1358 3801; x_wconf 79' lang='lat' dir='ltr'><strong>senatusconsulti</strong></span> <span class='ocrx_word' id='word_1_383' title='bbox 1390 3754 1548 3801; x_wconf 79' lang='lat' dir='ltr'><strong>forma</strong></span> <span class='ocrx_word' id='word_1_384' title='bbox 1580 3769 1715 3801; x_wconf 84' lang='lat' dir='ltr'><strong>acce-</strong></span> <span class='ocrx_word' id='word_1_385' title='bbox 1852 3769 1872 3801; x_wconf 90' lang='lat'>1</span> <span class='ocrx_word' id='word_1_386' title='bbox 1910 3756 1993 3801; x_wconf 75' lang='lat' dir='ltr'><strong>Aa</strong></span> <span class='ocrx_word' id='word_1_387' title='bbox 2013 3756 2173 3803; x_wconf 73' lang='lat' dir='ltr'><strong>lacum</strong></span> <span class='ocrx_word' id='word_1_388' title='bbox 2192 3756 2467 3814; x_wconf 75' lang='lat' dir='ltr'><strong>Fucinum]</strong></span> <span class='ocrx_word' id='word_1_389' title='bbox 2522 3755 2805 3804; x_wconf 84' lang='lat' dir='ltr'><strong>Niebuhrio</strong></span> 
     </span>
     <span class='ocr_line' id='line_1_49' title="bbox 700 3815 2804 3880; baseline 0.003 -19"><span class='ocrx_word' id='word_1_390' title='bbox 700 3816 816 3862; x_wconf 83' lang='lat' dir='ltr'><strong>dere</strong></span> <span class='ocrx_word' id='word_1_391' title='bbox 853 3830 951 3862; x_wconf 88' lang='lat' dir='ltr'><strong>non</strong></span> <span class='ocrx_word' id='word_1_392' title='bbox 992 3815 1170 3876; x_wconf 83' lang='lat' dir='ltr'><strong>potuit.</strong></span> <span class='ocrx_word' id='word_1_393' title='bbox 1246 3818 1417 3872; x_wconf 79' lang='lat' dir='ltr'><strong>Quum</strong></span> <span class='ocrx_word' id='word_1_394' title='bbox 1459 3816 1591 3865; x_wconf 89' lang='lat' dir='ltr'><strong>enim</strong></span> <span class='ocrx_word' id='word_1_395' title='bbox 1630 3822 1719 3865; x_wconf 83' lang='lat' dir='ltr'><strong>aut</strong></span> <span class='ocrx_word' id='word_1_396' title='bbox 1782 3817 1832 3867; x_wconf 89' lang='lat' dir='ltr'><strong>ii.</strong></span> <span class='ocrx_word' id='word_1_397' title='bbox 1856 3832 1905 3879; x_wconf 87' lang='lat' dir='ltr'><strong>p.</strong></span> <span class='ocrx_word' id='word_1_398' title='bbox 1929 3816 2039 3877; x_wconf 84' lang='lat'><strong>46-2.</strong></span> <span class='ocrx_word' id='word_1_399' title='bbox 2064 3818 2187 3866; x_wconf 85' lang='lat' dir='ltr'><strong>haec</strong></span> <span class='ocrx_word' id='word_1_400' title='bbox 2220 3820 2295 3867; x_wconf 73' lang='lat' dir='ltr'><strong>res</strong></span> <span class='ocrx_word' id='word_1_401' title='bbox 2324 3818 2406 3866; x_wconf 78' lang='lat' dir='ltr'><strong>vix</strong></span> <span class='ocrx_word' id='word_1_402' title='bbox 2442 3819 2713 3880; x_wconf 82' lang='lat' dir='ltr'><strong>probabilis</strong></span> <span class='ocrx_word' id='word_1_403' title='bbox 2736 3820 2804 3867; x_wconf 76' lang='lat' dir='ltr'><strong>vi·</strong></span> 
     </span>
     <span class='ocr_line' id='line_1_50' title="bbox 700 3880 2804 3943; baseline 0.003 -18"><span class='ocrx_word' id='word_1_404' title='bbox 700 3892 934 3926; x_wconf 80' lang='lat' dir='ltr'><strong>numerus</strong></span> <span class='ocrx_word' id='word_1_405' title='bbox 985 3884 1266 3927; x_wconf 82' lang='lat' dir='ltr'><strong>senatorum</strong></span> <span class='ocrx_word' id='word_1_406' title='bbox 1318 3880 1563 3929; x_wconf 87' lang='lat' dir='ltr'><strong>sufficiens</strong></span> <span class='ocrx_word' id='word_1_407' title='bbox 1614 3896 1714 3929; x_wconf 87' lang='lat' dir='ltr'><strong>non</strong></span> <span class='ocrx_word' id='word_1_408' title='bbox 1779 3882 1939 3939; x_wconf 81' lang='lat' dir='ltr'><strong>detur,</strong></span> <span class='ocrx_word' id='word_1_409' title='bbox 1972 3882 2057 3929; x_wconf 84' lang='lat' dir='ltr'><strong>sed</strong></span> <span class='ocrx_word' id='word_1_410' title='bbox 2090 3882 2185 3929; x_wconf 89' lang='lat' dir='ltr'><strong>hoc</strong></span> <span class='ocrx_word' id='word_1_411' title='bbox 2218 3888 2458 3943; x_wconf 77' lang='lat' dir='ltr'><strong>tempore,</strong></span> <span class='ocrx_word' id='word_1_412' title='bbox 2480 3897 2636 3943; x_wconf 87' lang='lat' dir='ltr'><strong>quum</strong></span> <span class='ocrx_word' id='word_1_413' title='bbox 2665 3884 2804 3933; x_wconf 73' lang='lat' dir='ltr'><strong>Sam-</strong></span> 
     </span>
     <span class='ocr_line' id='line_1_51' title="bbox 700 3942 2806 4007; baseline 0.002 -18"><span class='ocrx_word' id='word_1_414' title='bbox 700 3942 908 3998; x_wconf 84' lang='lat' dir='ltr'><strong>adesset,</strong></span> <span class='ocrx_word' id='word_1_415' title='bbox 945 3948 1032 3989; x_wconf 83' lang='lat' dir='ltr'><strong>aut</strong></span> <span class='ocrx_word' id='word_1_416' title='bbox 1064 3958 1162 3990; x_wconf 87' lang='lat' dir='ltr'><strong>non</strong></span> <span class='ocrx_word' id='word_1_417' title='bbox 1197 3944 1307 3991; x_wconf 87' lang='lat' dir='ltr'><strong>loeo</strong></span> <span class='ocrx_word' id='word_1_418' title='bbox 1341 3944 1482 3992; x_wconf 81' lang='lat' dir='ltr'><strong>dieve</strong></span> <span class='ocrx_word' id='word_1_419' title='bbox 1519 3944 1714 4004; x_wconf 84' lang='lat' dir='ltr'><strong>idoneo,</strong></span> <span class='ocrx_word' id='word_1_420' title='bbox 1780 3945 1906 3992; x_wconf 87' lang='lat' dir='ltr'><strong>nites</strong></span> <span class='ocrx_word' id='word_1_421' title='bbox 1959 3946 2184 3993; x_wconf 82' lang='lat' dir='ltr'><strong>Ausonas</strong></span> <span class='ocrx_word' id='word_1_422' title='bbox 2236 3945 2455 4006; x_wconf 84' lang='lat' dir='ltr'><strong>undique</strong></span> <span class='ocrx_word' id='word_1_423' title='bbox 2505 3956 2806 4007; x_wconf 79' lang='lat' dir='ltr'><strong>premerent,</strong></span> 
     </span>
     <span class='ocr_line' id='line_1_52' title="bbox 700 4005 2804 4071; baseline 0.003 -18"><span class='ocrx_word' id='word_1_424' title='bbox 700 4012 788 4053; x_wconf 83' lang='lat' dir='ltr'><strong>aut</strong></span> <span class='ocrx_word' id='word_1_425' title='bbox 827 4005 988 4053; x_wconf 86' lang='lat' dir='ltr'><strong>edicto</strong></span> <span class='ocrx_word' id='word_1_426' title='bbox 1024 4021 1124 4054; x_wconf 90' lang='lat' dir='ltr'><strong>non</strong></span> <span class='ocrx_word' id='word_1_427' title='bbox 1166 4007 1385 4069; x_wconf 84' lang='lat' dir='ltr'><strong>legitimo</strong></span> <span class='ocrx_word' id='word_1_428' title='bbox 1421 4013 1715 4055; x_wconf 78' lang='lat' dir='ltr'><strong>convocatus</strong></span> <span class='ocrx_word' id='word_1_429' title='bbox 1782 4008 1975 4056; x_wconf 81' lang='lat' dir='ltr'><strong>Volscis</strong></span> <span class='ocrx_word' id='word_1_430' title='bbox 2006 4014 2155 4069; x_wconf 85' lang='lat' dir='ltr'><strong>atque</strong></span> <span class='ocrx_word' id='word_1_431' title='bbox 2184 4009 2388 4070; x_wconf 83' lang='lat' dir='ltr'><strong>Aequis,</strong></span> <span class='ocrx_word' id='word_1_432' title='bbox 2420 4008 2627 4071; x_wconf 85' lang='lat' dir='ltr'><strong>ancipiti</strong></span> <span class='ocrx_word' id='word_1_433' title='bbox 2662 4008 2804 4061; x_wconf 82' lang='lat' dir='ltr'><strong>hoste</strong></span> 
     </span>
     <span class='ocr_line' id='line_1_53' title="bbox 701 4070 2805 4134; baseline 0.003 -16"><span class='ocrx_word' id='word_1_434' title='bbox 701 4075 828 4118; x_wconf 84' lang='lat' dir='ltr'><strong>essct</strong></span> <span class='ocrx_word' id='word_1_435' title='bbox 869 4076 1083 4127; x_wconf 81' lang='lat' dir='ltr'><strong>senatus,</strong></span> <span class='ocrx_word' id='word_1_436' title='bbox 1125 4076 1214 4119; x_wconf 82' lang='lat' dir='ltr'><strong>aut</strong></span> <span class='ocrx_word' id='word_1_437' title='bbox 1254 4071 1535 4119; x_wconf 84' lang='lat' dir='ltr'><strong>intercessio</strong></span> <span class='ocrx_word' id='word_1_438' title='bbox 1580 4071 1716 4119; x_wconf 80' lang='lat' dir='ltr'><strong>fieret</strong></span> <span class='ocrx_word' id='word_1_439' title='bbox 1780 4088 1907 4134; x_wconf 83' lang='lat' dir='ltr'><strong>pene</strong></span> <span class='ocrx_word' id='word_1_440' title='bbox 1946 4070 2303 4132; x_wconf 82' lang='lat' dir='ltr'><strong>circumventis,</strong></span> <span class='ocrx_word' id='word_1_441' title='bbox 2340 4078 2511 4121; x_wconf 83' lang='lat' dir='ltr'><strong>contra</strong></span> <span class='ocrx_word' id='word_1_442' title='bbox 2548 4074 2805 4124; x_wconf 74' lang='lat' dir='ltr'><strong>Romanos</strong></span> 
     </span>
     <span class='ocr_line' id='line_1_54' title="bbox 699 4134 2802 4197; baseline 0.002 -16"><span class='ocrx_word' id='word_1_443' title='bbox 699 4135 1123 4182; x_wconf 84' lang='lat' dir='ltr'><strong>senatusconsulto</strong></span> <span class='ocrx_word' id='word_1_444' title='bbox 1181 4136 1245 4181; x_wconf 88' lang='lat' dir='ltr'><strong>ab</strong></span> <span class='ocrx_word' id='word_1_445' title='bbox 1300 4151 1359 4183; x_wconf 89' lang='lat' dir='ltr'><strong>eo</strong></span> <span class='ocrx_word' id='word_1_446' title='bbox 1412 4134 1716 4196; x_wconf 81' lang='lat' dir='ltr'><strong>magistratu,</strong></span> <span class='ocrx_word' id='word_1_447' title='bbox 1783 4141 1971 4197; x_wconf 81' lang='lat' dir='ltr'><strong>partem</strong></span> <span class='ocrx_word' id='word_1_448' title='bbox 2006 4136 2168 4183; x_wconf 79' lang='lat' dir='ltr'><strong>forsan</strong></span> <span class='ocrx_word' id='word_1_449' title='bbox 2201 4136 2439 4183; x_wconf 87' lang='lat' dir='ltr'><strong>minorem</strong></span> <span class='ocrx_word' id='word_1_450' title='bbox 2472 4136 2694 4184; x_wconf 88' lang='lat' dir='ltr'><strong>militum</strong></span> <span class='ocrx_word' id='word_1_451' title='bbox 2728 4154 2802 4186; x_wconf 85' lang='lat' dir='ltr'><strong>so—</strong></span> 
     </span>
     <span class='ocr_line' id='line_1_55' title="bbox 701 4197 2799 4255; baseline 0.003 -11"><span class='ocrx_word' id='word_1_452' title='bbox 701 4198 840 4245; x_wconf 85' lang='lat' dir='ltr'><strong>cnius</strong></span> <span class='ocrx_word' id='word_1_453' title='bbox 876 4197 926 4245; x_wconf 84' lang='lat' dir='ltr'><strong>id</strong></span> <span class='ocrx_word' id='word_1_454' title='bbox 965 4197 1040 4245; x_wconf 83' lang='lat' dir='ltr'><strong>ius</strong></span> <span class='ocrx_word' id='word_1_455' title='bbox 1071 4204 1228 4255; x_wconf 84' lang='lat' dir='ltr'><strong>esset;</strong></span> <span class='ocrx_word' id='word_1_456' title='bbox 1259 4204 1368 4245; x_wconf 86' lang='lat' dir='ltr'><strong>tum</strong></span> <span class='ocrx_word' id='word_1_457' title='bbox 1400 4204 1712 4245; x_wconf 79' lang='lat' dir='ltr'><strong>senatuscon-</strong></span> <span class='ocrx_word' id='word_1_458' title='bbox 1778 4198 1877 4247; x_wconf 86' lang='lat' dir='ltr'><strong>lam</strong></span> <span class='ocrx_word' id='word_1_459' title='bbox 1912 4199 2148 4247; x_wconf 84' lang='lat' dir='ltr'><strong>instruere</strong></span> <span class='ocrx_word' id='word_1_460' title='bbox 2180 4200 2374 4248; x_wconf 79' lang='lat' dir='ltr'><strong>licebat.</strong></span> <span class='ocrx_word' id='word_1_461' title='bbox 2444 4200 2525 4247; x_wconf 88' lang='lat' dir='ltr'><strong>De</strong></span> <span class='ocrx_word' id='word_1_462' title='bbox 2559 4202 2677 4249; x_wconf 72' lang='lat' dir='ltr'><strong>lacu</strong></span> <span class='ocrx_word' id='word_1_463' title='bbox 2704 4202 2799 4251; x_wconf 81' lang='lat' dir='ltr'><strong>Fu-</strong></span> 
     </span>
     <span class='ocr_line' id='line_1_56' title="bbox 700 4260 2503 4325; baseline 0.003 -18"><span class='ocrx_word' id='word_1_464' title='bbox 700 4262 884 4308; x_wconf 87' lang='lat' dir='ltr'><strong>sultum</strong></span> <span class='ocrx_word' id='word_1_465' title='bbox 927 4261 1028 4308; x_wconf 84' lang='lat' dir='ltr'><strong>fieri</strong></span> <span class='ocrx_word' id='word_1_466' title='bbox 1069 4276 1164 4309; x_wconf 86' lang='lat' dir='ltr'><strong>non</strong></span> <span class='ocrx_word' id='word_1_467' title='bbox 1205 4266 1394 4321; x_wconf 85' lang='lat' dir='ltr'><strong>poterat</strong></span> <span class='ocrx_word' id='word_1_468' title='bbox 1417 4280 1431 4317; x_wconf 76' lang='grc' dir='ltr'>ς</span> <span class='ocrx_word' id='word_1_469' title='bbox 1477 4260 1711 4309; x_wconf 85' lang='lat' dir='ltr'><strong>iudicium</strong></span> <span class='ocrx_word' id='word_1_470' title='bbox 1780 4263 1908 4322; x_wconf 80' lang='lat' dir='ltr'><strong>cino,</strong></span> <span class='ocrx_word' id='word_1_471' title='bbox 1932 4264 1993 4311; x_wconf 84' lang='lat' dir='ltr'><strong>cf.</strong></span> <span class='ocrx_word' id='word_1_472' title='bbox 2016 4263 2137 4311; x_wconf 84' lang='lat' dir='ltr'><strong>Tac.</strong></span> <span class='ocrx_word' id='word_1_473' title='bbox 2161 4265 2290 4312; x_wconf 85' lang='lat' dir='ltr'><strong>Ann.</strong></span> <span class='ocrx_word' id='word_1_474' title='bbox 2314 4262 2399 4313; x_wconf 87' lang='lat' dir='ltr'><strong>xii.</strong></span> <span class='ocrx_word' id='word_1_475' title='bbox 2425 4262 2503 4325; x_wconf 82' lang='lat'><strong>56.</strong></span> 
     </span>
     <span class='ocr_line' id='line_1_57' title="bbox 701 4324 1715 4385; baseline 0.002 -14"><span class='ocrx_word' id='word_1_476' title='bbox 701 4328 864 4371; x_wconf 81' lang='lat' dir='ltr'><strong>tamen</strong></span> <span class='ocrx_word' id='word_1_477' title='bbox 898 4330 1096 4371; x_wconf 85' lang='lat' dir='ltr'><strong>senatus</strong></span> <span class='ocrx_word' id='word_1_478' title='bbox 1129 4324 1531 4385; x_wconf 82' lang='lat' dir='ltr'><strong>perscribebatur,</strong></span> <span class='ocrx_word' id='word_1_479' title='bbox 1561 4339 1715 4385; x_wconf 80' lang='lat' dir='ltr'><strong>esque</strong></span> 
     </span>
    </p>
   </div>
   <div class='ocr_carea' id='block_1_8' title="bbox 2957 166 2979 2471">
    <p class='ocr_par' dir='ltr' id='par_1_9' title="bbox 2957 166 2979 2471">
     <span class='ocr_line' id='line_1_58' title="bbox 2957 166 2979 2471; baseline 0 0"><span class='ocrx_word' id='word_1_480' title='bbox 2957 166 2979 2471; x_wconf 95' lang='lat' dir='ltr'><strong> </strong></span> 
     </span>
    </p>
   </div>
   <div class='ocr_carea' id='block_1_9' title="bbox 2953 166 2983 3525">
    <p class='ocr_par' dir='ltr' id='par_1_10' title="bbox 2953 166 2983 3525">
     <span class='ocr_line' id='line_1_59' title="bbox 2953 166 2983 3525; baseline 0 0"><span class='ocrx_word' id='word_1_481' title='bbox 2953 166 2983 3525; x_wconf 95' lang='lat' dir='ltr'><strong> </strong></span> 
     </span>
    </p>
   </div>
  </div>
 </body>
</html>
