3000 4784
859 164 1050 229 LIB.
1099 164 1187 230 X.
1255 164 1479 231 CAP.
1527 171 1630 231 46.
2155 173 2283 237 609

159 322 320 365 cum
350 301 589 367 maiore
619 322 751 379 sua,
781 322 976 388 quam
1005 300 1304 378 hostium,
1329 302 1571 367 iactura
1596 302 1937 367 dimicavit.
2032 301 2277 369 Castris
2298 320 2365 373 U.
2388 322 2448 373 c,
2472 334 2584 387 ⁴⁵9·

157 386 410 452 deinde
469 388 710 475 positis,
759 387 1093 453 moenibus
1138 388 1386 453 hostem
1445 387 1719 453 inclusit.
1813 388 2276 477 oppugnatum
2292 387 2353 436 A.
2388 388 2447 439 (3-
2474 402 2583 452 293·

158 496 200 537 o
248 472 486 559 pidum
507 486 766 561 captum
812 496 912 539 ue.
1005 472 1088 537 In
1117 473 1214 538 his
1235 474 1432 540 tribus
1461 474 1726 539 urbibus
1754 487 1941 561 capta
1956 488 2067 541 aut
2095 498 2277 543 caesa

292 558 524 625 decem
553 559 752 625 millia
841 560 1166 625 ominum:
1213 560 1305 625 ita
1348 572 1420 625 ut
1449 583 1645 647 parvo
1688 560 2035 626 admodum
2106 562 2275 629 lures

155 661 570 732 caperentur.
681 645 1104 711 Sortientibus
1161 646 1515 733 provincias
1572 646 1954 724 consulibus,
2078 649 2277 715 truria

159 730 456 798 Carvilio
499 732 714 799 evenit
755 732 1107 797 secundum
1165 744 1312 798 vota
1356 730 1649 810 militum,
1696 734 1811 821 qui
1852 734 1983 799 vim
2025 734 2275 821 frigoris

157 817 298 883 iam
345 819 420 883 in
474 817 735 883 Samnio
785 840 918 883 non
960 818 1387 917 patiebantur.
1479 818 1737 919 Papirio
1788 820 1871 885 ad
1926 818 2272 907 Saepinum

154 905 372 969 maior
397 904 494 969 vis
522 906 799 971 hostium
829 905 1075 969 restltit.
1171 903 1374 991 Saepe
1405 904 1476 968 in
1506 928 1662 983 acie,
1686 928 1791 971 sae
1903 906 1974 970 in
1996 906 2271 993 agmine,

155 1013 356 1077 saepe
387 990 556 1055 circa
582 991 786 1077 ipsam
815 991 1038 1055 urbem
1073 989 1371 1054 adversus
1410 992 1775 1077 eruptiones
1852 993 2083 1057 ostium
2156 1016 2273 1080 ug-

103 1095 135 1143 8
153 1090 425 1142 natum:
475 1099 686 1163 neque
717 1076 982 1152 obsidio,
1015 1098 1226 1175 neque
1256 1076 1496 1141 bellum
1526 1099 1609 1141 ex
1637 1098 1845 1163 aequo
1872 1092 2023 1142 erat.
2188 1102 2270 1143 on

155 1163 341 1229 enim
371 1164 570 1227 muris
591 1185 656 1227 m
737 1163 794 1226 is
821 1186 888 1227 se
923 1160 1257 1239 Samnites,
1327 1185 1476 1227 uam
1507 1163 1695 1227 armis
1726 1186 1798 1228 ac
1820 1164 1969 1229 viris
1996 1164 2269 1242 moenia,

155 1250 555 1314 tutabantur.
740 1248 972 1312 andem
1040 1270 1302 1335 pugnan
1349 1271 1388 1313 o
1445 1249 1517 1312 in
1580 1250 1975 1315 obsidionem
2041 1250 2271 1315 iustam

155 1336 378 1421 coegit
417 1334 664 1401 hostes:
711 1333 1192 1420 obsidendoque
1232 1335 1296 1399 vi
1335 1347 1400 1399 at
1451 1358 1528 1399 ue
1570 1358 1608 1399 o
1694 1336 1866 1401 ribus
1905 1337 2130 1401 urbem
2158 1359 2271 1401 ex-

155 1420 490 1507 pugnavit.
583 1420 812 1506 Itaque
856 1421 936 1484 ab
980 1419 1074 1485 ira
1113 1419 1258 1521 plus
1301 1358 1513 1485 cae‘dis
1552 1444 1589 1485 e
1639 1421 1816 1499 'tum,
1848 1435 2032 1508 capta
2074 1422 2266 1487 urbe:

155 1522 412 1593 septem
451 1504 653 1571 millia
691 1505 1142 1592 quadringenti
1186 1507 1386 1571 caesi:
1435 1520 1624 1594 capta
1662 1508 1875 1573 minus
1918 1509 2039 1573 tria
2073 1508 2273 1573 millia

155 1592 534 1657 hominum:
582 1592 834 1680 praeda,
867 1614 1030 1678 quae
1104 1592 1334 1657 lui-ima
1365 1592 1507 1669 fuit,
1538 1594 1853 1679 congestis
1886 1592 2269 1659 Samnitium

157 1680 352 1743 rebus
381 1679 452 1743 in
479 1679 668 1743 urbes
697 1700 948 1765 paucae,
979 1678 1063 1741 m'
1097 1678 1166 1742 ‘ti
1195 1700 1494 1745 concessa
1521 1691 1634 1744 est.

248 1765 454 1829 Nives
503 1764 632 1829 iam
683 1764 900 1829 omnia
948 1787 989 1829 o
1033 1763 1378 1852 pleverant,
1431 1787 1553 1830 nec
1604 1764 1817 1831 durari
1866 1779 2049 1831 extra
2099 1780 2268 1833 tecta
2384 1767 2490 1829 46.

249 1864 448 1927 terat3
523 1850 742 1936 itaque
799 1787 1034 1915 consui
1089 1852 1442 1917 exercitum
1509 1850 1591 1916 de
1655 1850 1915 1917 Samnio
1974 1852 2260 1919 deduxit.
2285 1850 2470 1913 Papirii
2492 1851 2573 1899 tri-

227 1937 476 2002 enienti
506 1936 782 2001 Romam
812 1936 1172 2023 triumphus
1211 1938 1500 2001 omnium
1528 1960 1843 2003 consensu
1869 1952 1967 2003 est
1996 1939 2261 2005 delatus·
2281 1914 2509 1977 ΜΡΝ*

161 2022 614 2111 Triumphavit
655 2023 726 2085 in
919 2023 1159 2098 'stratu‚
1191 2022 1445 2108 insigni,
1495 2034 1569 2085 ut
1609 2022 1863 2087 illorum
1908 2037 2266 2110 temporum

160 2110 418 2173 habitus
446 2121 600 2186 erat,
633 2044 974 2195 trimi-iffi).
1067 2106 1328 2173 Pedites
1367 2107 1741 2193 equitesque
1774 2108 2053 2195 insignes
2082 2109 2266 2175 donis

111 2191 489 2287 {transierffi
526 2217 600 2259 ac
641 2193 978 2259 transvecti
1017 2205 1199 2257 sunt:
1249 2192 1484 2259 multae
1531 2193 1767 2258 civicae
1806 2216 2095 2271 coronae,
2139 2196 2269 2260 val-

159 2281 470 2367 laresque,
502 2304 576 2345 ac
605 2280 878 2345 murales
907 2291 1298 2379 conspectae.
1392 2279 1755 2365 Inspectata
1782 2279 1983 2379 spolia
2016 2278 2265 2345 Samni-

114 2394 142 2427 2
163 2368 361 2431 tium:
409 2378 476 2431 et
497 2368 728 2433 decore
750 2388 824 2431 ac
847 2364 1318 2453 pulchritudine
1341 2364 1623 2452 paternis
1652 2365 1886 2453 spoliis,
1918 2388 2082 2453 quae
2112 2378 2265 2433 nota

161 2453 484 2539 &equenti
555 2452 911 2518 ublicorum
935 2465 1162 2515 ornatu
1181 2450 1466 2517 locorum
1489 2466 1691 2529 erant,
1716 2474 1857 2517 com
2010 2452 2259 2517 bantur.

165 2539 434 2604 Nobiles
539 2538 719 2625 ‘quot
762 2538 1016 2623 captivi,
1048 2536 1200 2601 clari
1245 2537 1373 2602 suis
1411 2526 1791 2623 patrumque
1858 2538 2032 2614 actis-3,
2064 2537 2258 2603 ducti.

165 2626 354 2689 Aeris
395 2624 603 2711 gravis
647 2636 1000 2688 transvecta
1043 2622 1234 2686 vicies
1291 2637 1564 2687 centena
1606 2636 1673 2687 et
1716 2622 1798 2688 ad
1841 2622 2099 2709 triginta
2142 2624 2265 2689 tria

161 2710 378 2774 millia.
470 2708 550 2773 Id
591 2732 696 2773 aes
735 2708 1062 2772 redactum
1105 2730 1189 2772 ex
1232 2708 1496 2795 captivis
1526 2707 1870 2773 dicebatur.
1968 2708 2259 2796 Argenti,

209 2796 340 2861 uod
368 2808 627 2881 captum
655 2817 739 2861 ex
769 2794 1030 2858 urbibus
1053 2806 1207 2871 erat,
1231 2793 1448 2880 pondo
1477 2792 1650 2857 mille
1674 2806 1959 2859 trecenta
1982 2794 2256 2894 triginta.

163 2820 376 2947 grune
407 2902 512 2945 aes
541 2893 874 2968 argentum
923 2902 1002 2943 ue
1043 2879 1112 2943 in
1151 2879 1462 2944 aerarium
1502 2879 1849 2945 conditum.
1942 2880 2261 2947 Militibus

161 2968 320 3033 nihil
352 2966 573 3031 datum
603 2989 687 3031 ex
717 2988 866 3053 prae
915 2988 954 3029 a
980 2977 1109 3029 est:
1159 2978 1472 3053 auctaque
1514 2989 1591 3030 ea
1617 2966 1859 3031 invidia
1887 2980 1983 3033 est
2012 2968 2093 3032 ad
2124 2967 2259 3055 ple-

161 3055 326 3132 bem,
357 3052 530 3140 quod
563 3053 872 3119 tributum
903 3052 1095 3119 etiam
1125 3052 1194 3117 in
1223 3052 1615 3151 stipendium
1654 3052 1929 3118 militum
1960 3054 2259 3119 collatum

163 3153 289 3205 est:
366 3162 586 3227 quum,
633 3138 687 3202 si
730 3152 939 3225 spreta
987 3138 1188 3225 gloria
1235 3137 1458 3203 fuisset
1498 3140 1783 3225 captivae
1828 3138 2136 3225 pecuniae
2190 3139 2257 3202 in

163 3225 468 3291 aerarium
499 3224 728 3301 illatae,
753 3238 818 3289 et
846 3224 1034 3288 militi
1066 3236 1204 3289 tum
1232 3223 1368 3287 dari
1391 3246 1473 3288 ex
1549 3222 1755 3301 raeda,
1782 3236 1847 3287 et
1868 3222 2258 3310 stipendium

121 3334 146 3383 3
165 3313 427 3377 militare
458 3311 759 3397 praestari
789 3310 1112 3397 potuisset.
1201 3308 1454 3373 Aedem
1489 3246 1766 3385 Quirini,
1800 3332 1994 3395 quam
2025 3310 2092 3375 in
2122 3308 2259 3396 ipsa

234 3523 266 3569 8
303 3524 476 3585 Neque
519 3522 716 3580 obadia,
757 3536 914 3584 noque
966 3520 1168 3578 ὸσὶἱυηι]
1239 3516 1440 3579 equites.
1475 3518 1641 3567 Casv.

165 3586 381 3633 Multum
416 3585 584 3648 placet
611 3600 739 3646 quae
771 3584 822 3632 in
854 3598 954 3633 uno
987 3582 1172 3641 codice,
1307 3596 1326 3629 1
1367 3582 1563 3631 civicae
1594 3596 1817 3640 coronae,
1848 3582 2168 3647 vallaresque,
2197 3601 2257 3635 ac

165 3654 286 3697 teste
323 3648 590 3709 Gronovio,
626 3648 868 3711 scriptura
901 3646 1168 3709 reperitur:
1237 3646 1472 3705 murales]
1530 3645 1611 3693 De
1634 3644 1789 3693 civica
1808 3650 1859 3693 et
1879 3647 2057 3695 murali
2080 3662 2260 3698 corona

167 3716 332 3776 Neque
368 3715 564 3771 obeidio,
598 3714 684 3761 sod
717 3714 892 3761 hedum
922 3728 986 3761 ea·
1019 3724 1174 3773 aequo
1237 3708 1334 3757 vid.
1353 3710 1416 3757 ad
1435 3708 1496 3757 vi.
1516 3722 1591 3759 20.
1658 3710 1887 3769 Vanus-⁸⁶2,
1908 3710 2011 3761 sive
2032 3713 2256 3763 Caute-m-

166 3784 283 3825 orat.
335 3778 528 3827 Bellum
547 3792 611 3826 σε
630 3792 784 3839 aequo
805 3781 880 3824 est
899 3775 1022 3823 illud
1041 3774 1172 3835 quod
1235 3774 1302 3823 eis
1325 3778 1428 3821 erat
1449 3788 1646 3833 corona,
1667 3789 1765 3849 qua
1786 3775 2003 3825 donabat
2024 3792 2139 3825 eum
2168 3776 2257 3824 im-

165 3846 330 3901 aperto
358 3856 552 3903 campo,
581 3845 632 3888 et
659 3840 897 3888 instructa
927 3838 1173 3899 utrimque
1238 3842 1448 3899 perator,
1485 3837 1569 3899 qui
1614 3853 1801 3900 primus
1842 3840 2057 3889 hostium
2100 3844 2259 3887 castra

167 3904 270 3952 acie
288 3904 478 3966 geritur.
528 3904 678 3953 Hanc
694 3903 959 3951 lectionem
977 3901 1173 3950 firmant
1240 3914 1462 3963 pugnans
1504 3900 1771 3953 introierat.
1847 3902 1925 3951 Ea
1966 3917 2143 3951 corona
2186 3902 2256 3949 in-

167 3983 288 4029 quae
299 3974 581 4030 sequuntur.
603 3968 766 4017 Cim-v.
806 3969 904 4017 Sed
916 3967 1090 4016 bellum
1104 3980 1174 4013 re-
1239 3965 1372 4027 signe
1397 3965 1513 4013 valli
1542 3966 1767 4015 habebat.
1834 3966 1961 4013 Fieri
1986 3965 2173 4012 solebat
2194 3980 2257 4013 ex

167 4031 302 4094 ponit
318 4032 532 4081 Bekker.
548 4032 682 4093 quod
703 4031 774 4079 ita
793 4046 906 4079 cum
926 4029 1175 4079 Gronovio
1239 4044 1372 4079 auro.
1443 4030 1587 4079 Haec
1610 4028 1805 4079 Gellius
1829 4044 1871 4077 ν.
1894 4026 1940 4076 6.
1976 4028 2136 4078 Caav.

169 4102 334 4143 vertas:
349 4095 552 4144 uoniam
565 4093 1176 4153 videbanturobside1i‚sed
1309 4108 1336 4141 ἰ
1369 4094 1607 4143 Paterm‘s
1637 4093 1827 4154 spoliis]
1888 4091 2049 4140 Sentis
2078 4092 2259 4141 auratis

167 4159 214 4207 in
233 4174 402 4221 campo
425 4174 566 4221 pares
585 4174 698 4208 cum
723 4160 918 4222 paribus
935 4156 1175 4220 congredi.
1243 4155 1557 4215 Samnitium,
1597 4157 1661 4203 ab
1704 4153 1848 4203 huius
1892 4155 2075 4218 Papirii
2120 4162 2258 4217 patre

238 4238 268 4286 9
305 4225 580 4281 Tremens,
621 4240 680 4271 ac
724 4224 986 4271 transvecti
1031 4222 1172 4279 sum]
1244 4220 1559 4269 devictorum.
1606 4220 1667 4267 cf.
1690 4234 1819 4280 supr.
1843 4218 1909 4269 ix.
1933 4234 2011 4279 4ο.

175 4289 422 4336 Transierae
481 4288 688 4349 pedites,
742 4287 1003 4337 transvecti
1063 4290 1178 4333 sunt
1319 4297 1346 4343 3
1387 4286 1567 4332 Aedem
1606 4284 1829 4345 Quirini]
1894 4284 1956 4333 In
2001 4284 2094 4333 hac
2138 4284 2257 4333 aede

258 4370 400 4414 voL.
435 4370 477 4414 1.
1813 4368 1855 4409 R
1884 4369 1915 4409 Γ
