3000 4784
812 222 1003 289 LIB.
1050 223 1169 289 VI.
1240 224 1460 291 CAP.
1511 230 1613 290 33.
2144 228 2270 290 383

107 358 191 423 ad
230 358 667 445 praesidium
708 360 923 437 urbis;
970 359 1261 438 alterum,
1304 361 1437 447 qui,
1468 362 1522 425 si
1563 361 1678 447 qui
1711 360 1864 425 alibi
1905 374 2112 426 motus
2153 385 2267 427 ex·
2290 381 2357 431 U.
2381 383 2438 431 C.
2466 384 2576 445 378.

107 447 405 522 stitisset,
440 446 541 511 ad
572 446 789 511 subita
814 446 967 510 belli
1000 447 1167 511 mitti
1200 461 1454 534 posset;
1503 448 1764 513 tertium
1795 447 1982 535 longe
2012 447 2267 513 validis-
2285 447 2348 495 A.
2381 448 2440 495 0·
2466 457 2576 508 374·

109 533 353 597 simum
404 532 491 597 P.
537 532 848 597 Valerius
896 546 965 599 et
1018 532 1093 597 L.
1130 532 1446 598 Aemilius
1492 534 1576 598 ad
1633 533 1949 599 Satricum
2000 535 2262 600 duxere.

114 620 249 683 Ubi
274 642 507 706 quum
530 619 745 684 aciem
766 620 1141 685 instructam
1158 621 1436 685 hostium
1466 620 1608 685 loco
1627 644 1833 707 aequo
1857 622 2266 700 invenissent,

111 706 463 793 extemplo
494 718 905 794 pugnatum:
953 719 1041 783 et,
1064 719 1140 770 ut
1166 707 1455 771 nondum
1474 708 1623 772 satis
1651 707 1886 772 claram
1914 708 2265 787 victoriam,
2286 728 2458 777 Volsci
2481 735 2532 777 et

112 794 203 857 sic
230 813 615 881 prosperae
642 795 781 880 spei
814 814 1097 881 pugnam
1126 794 1335 859 imber
1366 794 1734 882 ingentibus
1771 793 2064 881 procellis
2092 794 2268 861 fusus
2287 793 2451 841 Latini
2472 792 2582 842 ‘¹²²³-

114 879 407 944 diremit.
516 880 793 945 Postero
822 880 928 945 die
964 882 1194 945 iterata
1220 903 1473 968 pugna:
1522 894 1590 945 et
1627 880 2024 967 aliquamdiu
2063 904 2269 968 aequa

114 966 361 1031 virtute
382 966 795 1054 fortunaque
827 967 1099 1031 Latinae
1120 968 1397 1032 maxime
1419 967 1721 1055 legiones,
1754 968 1944 1055 longa
1964 969 2264 1033 societate

118 1053 430 1118 militiam
493 1054 867 1118 Romanam
919 1053 1205 1130 edoctae,
1248 1055 1586 1119 restabant.
1681 1054 1900 1141 Eques
1949 1055 2268 1119 immissus

120 1139 391 1205 ordines
430 1141 765 1217 turbavit3
813 1140 1081 1206 turbatis
1119 1141 1301 1227 signa
1328 1141 1622 1229 peditum
1663 1140 1874 1205 illata:
1923 1154 2266 1228 quantum-

120 1248 247 1311 que
284 1226 617 1293 Romana
644 1248 711 1291 se
741 1228 986 1291 invexit
1014 1228 1199 1304 acies,
1230 1240 1478 1292 tantum
1509 1226 1722 1291 hostes
1749 1227 1952 1313 gmdu
1981 1226 2260 1292 demoti:

124 1325 189 1376 et
216 1326 297 1377 ut
326 1313 553 1378 semel
598 1313 929 1379 inclinavit
958 1336 1191 1401 pugna,
1224 1314 1351 1378 iam
1396 1313 1810 1378 intolerabilis
1851 1314 2145 1377 Romana
2174 1314 2266 1377 vis

124 1412 279 1463 erat.
384 1400 559 1465 Fusi
604 1400 817 1465 hostes
852 1422 1051 1487 quum
1104 1400 1438 1477 Satricum,
1481 1399 1658 1486 quod
1698 1400 1829 1464 duo
1873 1398 2071 1463 millia
2113 1399 2264 1465 inde

128 1487 372 1564 aberat,
422 1510 575 1551 non
625 1500 845 1563 castra,
894 1500 1208 1575 peterent,
1257 1488 1337 1551 ab
1390 1488 1680 1573 equitatu
1731 1488 2007 1551 maxime
2061 1488 2262 1551 caesi:

128 1586 337 1637 castra
380 1596 467 1638 ca
519 1588 591 1638 ta
632 1574 1027 1661 direptaque.
1120 1573 1229 1638 Ab
1276 1571 1524 1638 Satrico
1567 1586 1774 1651 nocte,
1817 1595 1982 1660 quae
2025 1572 2266 1660 proelio
2337 1608 2342 1612 ·
2377 1568 2382 1575 ’

127 1659 436 1807 {oxima
550 1660 621 1737 't,
640 1660 827 1761 fugae
858 1659 1048 1724 simili
1071 1660 1323 1747 agmine
1353 1672 1587 1761 petunt
1617 1661 1920 1725 Antium:
1968 1674 2036 1724 et
2063 1682 2266 1747 quum

200 1768 487 1811 omanus
532 1760 853 1812 exercltus
896 1768 1095 1834 prope
1130 1746 1411 1834 vestigiis
1450 1769 1518 1811 se
1567 1760 1842 1824 ueretur‚
1874 1746 2019 1833 plus
2051 1758 2266 1811 tamen

132 1831 349 1907 timor,
402 1854 615 1921 quam
657 1834 771 1912 ira,
809 1832 1147 1898 celeritatis
1192 1834 1429 1899 habuit.
1579 1834 1710 1899 rius
1752 1835 1970 1922 itaque
2013 1835 2270 1899 moenia

138 1918 467 1986 intravere
500 1920 739 1997 hostes,
772 1941 965 2006 quam
1006 1920 1339 1985 Romanus
1376 1934 1664 1986 extrema
1845 1921 1968 1985 inis
2008 1944 2265 2008 carpere

138 2018 246 2069 aut
276 2008 529 2072 morari
558 2020 790 2094 posset.
882 2006 1045 2071 Inde
1076 2006 1322 2094 aliquot
1341 2006 1479 2073 dies
1500 1944 1986 2093 vastanuffdnagro
2015 2010 2268 2073 absum-

142 2091 257 2175 pti,
288 2114 419 2157 nec
446 2092 769 2158 Romanis
796 2094 945 2157 satis
974 2094 1297 2157 instructis
1326 2107 1632 2181 apparatu
1653 2094 1881 2159 bellico
1902 2093 1985 2157 ad
2015 2095 2268 2158 moenia

142 2179 609 2329 agg-eedienda,
636 2202 761 2244 nec
791 2179 914 2243 illis
942 2178 1025 2243 ad
1052 2180 1457 2244 subeundum
1486 2200 1740 2266 pugnae
1768 2202 2002 2244 casum.

320 2266 497 2331 ditio
554 2281 693 2330 tum
746 2266 915 2330 inter
962 2266 1259 2331 Antiates
1305 2266 1702 2353 Latinosque
1753 2278 2009 2341 coorta3
2065 2288 2266 2351 quum
2381 2273 2484 2331 33.

111 2349 477 2431 'iAntiates‚
510 2353 666 2417 victi
696 2352 877 2416 malis
912 2353 1285 2442 subactique
1320 2352 1510 2429 bello,
1541 2352 1610 2415 in
1687 2374 1773 2416 uo
1801 2368 1870 2416 et
1901 2352 2035 2416 nati
2065 2365 2264 2429 erant,

148 2448 215 2499 et
240 2452 743 2516 consenuerant,
768 2436 1159 2503 deditionem
1191 2451 1586 2526 spectarent3
1728 2438 1894 2502 tinos
1913 2461 1997 2503 ex
2019 2438 2270 2503 diutina

152 2543 305 2607 pace
346 2546 524 2592 nova
563 2526 841 2590 defectio
880 2526 1240 2590 recentibus
1284 2524 1493 2589 adhuc
1537 2524 1766 2589 animis
1805 2525 2142 2589 ferociores
2184 2524 2270 2588 ad

152 2612 701 2692 perseverandum
760 2612 829 2675 in
886 2612 1054 2677 bello
1112 2611 1365 2676 faceret.
1479 2610 1658 2677 Finis
1713 2610 2076 2675 certaminis
2123 2609 2265 2688 fuit,

115 2708 499 2785 spostquam
552 2698 841 2785 utrisque
893 2697 1203 2786 apparuit,
1252 2697 1417 2762 nihil
1465 2721 1585 2799 per
1632 2696 1862 2762 alteros
1908 2709 2091 2773 stare,
2137 2720 2268 2783 quo

158 2782 367 2849 minus
406 2785 559 2852 ince
607 2797 674 2850 ta
708 2797 1257 2873 persequerentur.
1350 2783 1568 2849 Latlni
1603 2783 1871 2872 profecti
1901 2807 1940 2849 a
1967 2783 2267 2848 societate

160 2870 349 2963 pacis,
374 2886 451 2937 ut
478 2896 551 2937 re
682 2884 805 2949 tur,
830 2872 1202 2937 inhonestae
1225 2894 1361 2937 sese
1384 2871 1884 2937 vindicaverunt.
1953 2870 2266 2947 Antiates,

117 2966 147 3015 9
162 2960 589 3025 meommodis
616 2958 866 3023 arbitris
900 2958 1267 3023 salutarium
1296 2958 1706 3024 consiliorum
1734 2958 2012 3035 remotiS,
2045 2958 2268 3023 urbem

164 3058 473 3131 agrosque
510 3045 821 3111 Romanis
854 3044 1119 3110 dedunt.
1214 3044 1319 3110 Ira
1352 3057 1419 3111 et
1452 3046 1659 3111 rabies
1688 3044 2085 3121 Latinorum,
2117 3043 2270 3131 qnia

165 3143 283 3191 nec
314 3128 647 3197 Romanos
688 3131 856 3197 bello
898 3131 1171 3209 laedere,
1208 3154 1331 3197 nec
1359 3132 1626 3197 Volscos
1661 3133 1729 3195 in
1765 3132 1954 3195 armis
1993 3131 2266 3195 retinere

164 3225 523 3356 potuerant,
560 3241 639 3283 eo
680 3240 791 3283 eru
840 3219 909 3295 it,
946 3232 1018 3283 ut
1066 3218 1379 3283 Satricum
1419 3219 1664 3294 urbem,
1697 3239 1862 3304 quae
1901 3228 2269 3301 receptacu-

192 3318 297 3364 um
326 3305 609 3391 primum
639 3305 717 3369 iis
746 3240 1043 3370 adversae
1065 3326 1317 3393 pugnae
1338 3304 1564 3381 fuerat,
1590 3303 1725 3391 igni
1748 3316 2262 3367 concremarent:

168 3404 284 3451 nec
323 3389 502 3457 aliud
542 3404 783 3457 tectum
822 3391 959 3456 eius
1000 3391 1315 3479 superfuit
1354 3391 1548 3467 urbis,
1581 3411 1780 3476 quum
1822 3389 1989 3453 faces
2033 3388 2270 3475 pariter

170 3474 355 3538 sacris
398 3478 807 3565 profanisque
860 3478 1211 3555 inficerent,
1261 3498 1455 3564 quam
1502 3476 1720 3539 matris
1765 3474 2058 3540 Matutae
2105 3487 2269 3538 tem-

172 3554 359 3639 plum.
454 3564 618 3629 Inde
670 3587 779 3629 eos
837 3586 957 3629 nec
1009 3588 1123 3629 sua
1173 3564 1413 3714 religiO,
1468 3585 1588 3627 nec
1641 3561 2025 3626 verecundia
2073 3560 2270 3625 deum

175 3647 435 3715 arcuisse
466 3652 719 3729 dicitur,
748 3650 863 3715 sed
891 3673 1015 3715 vox
1052 3650 1283 3715 horren
1330 3672 1386 3727 a,
1418 3649 1592 3714 edita
1629 3648 1867 3735 templo
1897 3670 2044 3713 cum
2075 3647 2271 3713 tristi-

242 3849 267 3899 7
298 3844 363 3893 In
392 3862 487 3909 quo
522 3854 570 3897 et
605 3850 714 3895 naci
749 3854 910 3904 eram,
942 3853 991 3895 et
1022 3862 1178 3897 come-
1243 3860 1343 3894 non
1364 3860 1427 3894 ex
1448 3844 1652 3893 alterius
1681 3844 1832 3907 partis
1851 3843 2052 3893 arbitrio
2073 3853 2266 3897 senten-

179 3912 407 3970 werm]
448 3914 621 3961 Annus
640 3912 740 3959 iam
760 3910 981 3959 decimus
1008 3910 1180 3958 tertius
1242 3910 1411 3972 tiaque
1433 3910 1660 3971 pendere.
1695 3910 1910 3959 Sraom.
1981 3911 2077 3957 Vel
2101 3910 2265 3971 potius

178 3960 292 4014 belli
310 3975 569 4033 agebatur:
604 3976 791 4037 quippe
812 3974 863 4023 in
886 3974 1177 4022 Volscorum
1242 3974 1423 4023 alteros
1450 3973 1654 4022 minime
1682 3972 1783 4022 inis
1811 3974 2163 4036 impedimento
2191 3988 2262 4021 es-

182 4039 389 4099 ”Pmerm
400 4038 649 4101 dequibus
668 4046 830 4087 noster
847 4052 979 4113 supr.
998 4052 1043 4088 a.
1064 4038 1177 4087 scri—
1242 4052 1313 4097 se,
1332 4038 1435 4087 sive
1454 4038 1616 4097 malis,
1636 4038 1816 4086 alteros
1843 4036 2046 4085 minime
2073 4050 2260 4084 moram

183 4087 421 4168 ¹³¹!22haud
451 4104 599 4152 dubie
630 4108 769 4153 erant
801 4105 1057 4152 Antiates:
1092 4102 1179 4151 sed
1242 4101 1569 4165 interponere,
1581 4116 1682 4163 quo
1699 4102 1865 4149 minus
1883 4100 2084 4160 incepta
2104 4113 2262 4159 perse·

184 4150 343 4208 Lmus
382 4164 461 4215 hic
496 4168 561 4217 ad
598 4169 1007 4231 septuagesimum
1040 4168 1181 4214 mum
1245 4171 1525 4228 querentur.
1559 4166 1622 4214 cf.
1641 4180 1776 4226 supr.
1795 4164 1843 4211 ii.
1871 4177 1947 4223 31.
1967 4162 2091 4235 intr..
2103 4161 2201 4209 viii.
2217 4176 2262 4212 α.

186 4216 289 4267 bani
314 4240 493 4279 annum
520 4230 749 4294 respicit:
788 4231 851 4278 de
872 4246 971 4291 quo
993 4230 1053 4278 cf.
1077 4236 1179 4279 not.
1298 4245 1331 4294 9
1354 4230 1670 4279 Incommod&
1681 4228 1907 4285 arbitrie]
1928 4224 2118 4272 Lamum
2129 4240 2264 4273 nem-

187 4292 305 4343 ⁸¹¹P¹2
328 4302 368 4338 α.
1247 4309 1327 4355 pe,
1348 4294 1672 4349 immudis,
1694 4292 1742 4339 h.
1761 4306 1804 4338 e.
1822 4289 2041 4337 molestis
2061 4294 2112 4335 et
2133 4290 2264 4338 utili·

246 4347 273 4393 3
294 4351 434 4402 Nihil
445 4374 537 4420 per
559 4360 734 4407 alteros
754 4361 910 4419 stare]
936 4359 1039 4409 h.e.
1066 4358 1180 4405 Hoc
1246 4356 1427 4405 tatibus
1450 4355 1726 4404 Antiatium
1749 4352 2128 4403 adversantibus.
