3000 4784
867 219 1057 286 LIB.
1102 219 1187 286 X.
1252 221 1477 287 CAP.
1534 227 1630 289 19.
2170 229 2292 292 577

156 353 297 430 ait,
367 362 392 394 ⁶
412 352 609 420 literis
652 355 791 420 eius
836 355 1107 421 accitum
1152 356 1437 422 venisset
1492 379 1658 446 quae
1703 357 1757 422 si
1801 357 1992 424 falsae
2037 359 2294 438 fuerint,
2317 372 2383 422 U.
2407 372 2466 422 c.
2489 372 2600 434 456.

158 447 187 478 ⁶
211 462 365 506 nec
422 463 573 506 usus
622 441 721 506 sui
772 441 854 508 sit
904 443 973 508 in
1026 442 1301 522 Etruria,
1354 443 1676 532 extemplo
1725 445 2042 511 conversis
2099 447 2296 534 signis
2313 439 2374 487 A.
2407 438 2466 488 Ο·
2492 435 2602 500 ²⁹⁶·

161 534 189 564 ⁶
212 527 588 594 abiturum.
678 527 787 594 Tu
832 551 981 594 vero
1026 530 1251 609 abeas,’
1289 530 1520 618 inquit,
1569 540 1592 569 ⁶
1609 553 1820 620 neque
1857 545 1922 598 te
1959 533 2070 619 qui
2145 555 2294 599 uam

162 621 187 650 ⁶
212 627 569 680 moratum
616 617 855 680 etenim
896 615 1159 682 minime
1200 630 1698 684 consentaneum
1735 631 1850 697 est,
1888 643 2088 707 quum
2207 620 2296 686 llo

164 708 189 740 ⁶
216 711 357 766 tuo
404 701 661 767 fomitan
702 703 813 767 vix
855 703 1142 782 sufficias,
1178 704 1285 768 hic
1328 717 1391 768 te
1436 703 1521 768 ad
1563 727 1750 793 opem
1788 705 2116 772 ferendam
2159 706 2298 771 aliis

167 794 195 824 ⁶
216 786 503 874 gloriari
558 789 821 854 venisse.
914 789 1093 855 Bene
1154 789 1467 856 Hercules
1525 792 1835 870 verteret,’
1891 793 2104 859 dicere
2164 792 2300 859 Vo-

164 873 523 940 lumnius:
581 883 601 914 ⁶
621 873 805 941 malle
848 876 1078 942 flustra
1122 899 1376 966 operam
1426 878 1636 942 insum
1685 889 1836 957 tam,
1877 903 2070 966 quam
2115 881 2296 969 quic-

170 967 195 998 ⁶
218 983 443 1048 quam
483 961 800 1041 incidisse,
844 985 960 1028 cur
1002 985 1136 1030 non
1179 964 1329 1028 satis
1378 977 1546 1029 esset
1653 965 1884 1030 tmriae
1931 989 2098 1032 unus
2143 990 2296 1033 con-

172 1054 197 1086 ⁶
220 1047 471 1112 sularis
514 1049 867 1114 exercitus!
953 1049 1407 1138 Digredientes
1450 1049 1576 1115 iam
1621 1050 1910 1121 consules
1949 1051 2140 1154 legati
2185 1055 2298 1118 tri·
2421 1054 2516 1116 19.

168 1133 489 1220 bunique
518 1157 602 1200 ex
632 1135 933 1223 Appiano
966 1137 1253 1202 exercitu
1287 1137 1794 1202 circumsistunt:
1841 1160 1986 1225 pars
2023 1162 2294 1227 impera-

170 1233 407 1286 torem
434 1243 621 1286 suum
650 1245 849 1300 orare,
896 1232 916 1262 ⁶
936 1247 1019 1288 ne
1049 1223 1209 1289 colle
1356 1223 1684 1302 auxilium,
1716 1224 1894 1311 quod
1919 1225 2292 1291 acciendum

174 1315 201 1346 ⁶
222 1307 417 1372 ultro
474 1307 683 1387 inerit,
734 1331 851 1374 sua
1021 1323 1131 1376 nte
1194 1245 1479 1376 ‹ffitum
1655 1323 1946 1376 meretur
1967 1313 2016 1376 :'
2077 1313 2292 1400 plures

170 1394 463 1459 abeunti
509 1394 857 1461 Volumnio
916 1419 957 1462 o
1032 1397 1217 1462 istere
1278 1409 1471 1484 atque
1532 1419 1574 1462 o
1615 1398 1851 1476 testari,
1919 1406 1940 1438 ⁶
1959 1421 2044 1464 ne
2095 1421 2290 1487 pravo

174 1487 201 1520 ⁶
222 1503 395 1546 cum
458 1481 701 1570 collega
760 1484 1101 1548 certamine
1164 1484 1619 1572 rempublicam
1678 1483 1920 1571 prodat.
2033 1484 2102 1550 Si
2163 1508 2292 1575 qua

115 1593 151 1627 α
174 1575 197 1606 6
223 1567 457 1632 clades
505 1568 847 1648 incidisset,
890 1569 1195 1635 desertori
1244 1571 1462 1658 magia,
1505 1592 1698 1659 quam
1743 1570 2012 1650 deserto,
2059 1575 2288 1638 noxiae

176 1663 201 1694 ⁶
224 1654 396 1718 fore.
488 1655 589 1719 Eo
638 1677 773 1720 rem
823 1655 1182 1734 adductam,
1230 1669 1305 1723 ut
1352 1679 1542 1722 omne
1593 1657 1688 1722 rei
1737 1658 1900 1723 bene
1951 1671 2064 1723 aut
2109 1681 2292 1725 secus

176 1749 203 1782 ⁶
280 1755 455 1806 estae
484 1741 555 1806 in
586 1739 843 1808 Etruria
868 1743 1063 1808 decus
1090 1743 1493 1832 dedecusque
1535 1743 1618 1809 ad
1647 1742 1724 1809 L.
1750 1742 2170 1810 Volumnium
2209 1747 2294 1811 sit

177 1837 205 1867 ⁶
226 1764 623 1916 {eleg-atum.
716 1827 1063 1894 Neminem
1114 1830 1568 1918 quaesiturum,
1613 1853 1778 1934 quae
1827 1833 2024 1897 verba
2066 1832 2286 1921 Appii,

179 1924 207 1954 6
233 1915 359 1980 sed
385 1937 549 2002 quae
576 1915 831 1981 fortuna
858 1917 1171 1982 exercitus
1198 1917 1407 1983 fuerit.
1475 1917 1736 1984 Dinutti
1765 1919 1846 1983 ab
1871 1919 2088 2008 Appio
2117 1943 2288 1999 eum,

182 2011 209 2042 ⁶
236 2001 359 2066 sed
386 2025 427 2066 a
451 2002 775 2090 republica
802 2015 869 2068 et
901 2004 981 2068 ab
1010 2003 1295 2068 exercitu
1322 2005 1623 2080 retineri3
1670 2006 2064 2092 experiretur
2097 2007 2290 2072 modo

188 2097 215 2128 ⁶
236 2086 634 2153 voluntatem
689 2087 1006 2154 militum.’
1122 2088 1306 2154 Haec
1378 2091 1700 2154 monendo
1763 2090 2286 2179 obtestandoque,

239 2195 397 2262 rope
462 2175 817 2240 restitantes
882 2175 1173 2240 consules
1242 2175 1313 2239 in
1378 2176 1752 2241 concionem
1821 2189 2284 2263 pertraxerunt.

186 2197 303 2328 lbi
330 2261 643 2327 orationes
668 2262 986 2349 longiores
1010 2260 1261 2327 habitae
1282 2262 1353 2326 in
1375 2261 1647 2327 eandem
1665 2262 1864 2327 ferme
1887 2263 2285 2342 sententiam,

188 2351 269 2414 in
314 2371 506 2434 quam
552 2349 721 2414 inter
764 2371 1001 2436 paucos
1046 2361 1355 2414 certatum
1400 2348 1608 2414 verbis
1645 2348 1867 2413 fixerat.
1959 2349 2047 2414 Et
2085 2373 2286 2436 quum

188 2433 600 2512 Volumnius,
630 2457 819 2500 causa
844 2435 1147 2523 superior,
1178 2457 1261 2500 ne
1291 2433 1670 2500 iniucundus
1697 2435 1958 2522 quidem
1988 2435 2288 2502 adversus

190 2521 497 2588 eximiam
544 2521 975 2624 eloquentiam
1032 2521 1309 2608 collegae
1366 2521 1536 2586 visus
1593 2536 1798 2599 esset3
1862 2521 2286 2612 cavillansque

138 2635 173 2685 3
194 2609 471 2696 Appius,
518 2616 539 2646 ⁶
559 2608 679 2674 sib1
708 2621 1039 2695 acceptum
1068 2608 1341 2687 referre,’
1373 2608 1632 2686 diceret,
1675 2615 1696 2646 ⁶
1717 2608 1970 2686 debere,
2045 2611 2176 2675 uod
2204 2635 2286 2676 ex

196 2705 221 2736 ⁶
242 2708 421 2761 muto
460 2707 653 2782 atque
693 2694 935 2782 elingui
972 2693 1316 2760 facundum
1354 2695 1544 2760 etiam
1577 2693 1900 2760 consulem
2169 2710 2280 2774 nt3

196 2791 221 2822 6
242 2781 449 2870 priore
505 2781 858 2859 consulatu,
907 2781 1129 2868 primis
1176 2781 1399 2869 utique
1450 2781 1790 2858 mensibus,
1843 2781 2082 2847 hiscere
2134 2805 2284 2848 eum

199 2879 223 2908 ⁶
242 2891 325 2934 ne
370 2869 554 2948 uisse,
604 2891 779 2934 nunc
828 2869 957 2932 iam
1006 2867 1341 2956 populares
1390 2867 1704 2933 orationes
1753 2889 1998 2933 serere:
2071 2869 2286 2946 Quam

200 2966 223 2998 ⁶
245 2978 307 3019 m
390 2957 532 3034 em,’
559 2955 773 3043 inquit
790 2953 1191 3033 Volumnius,
1225 2962 1246 2993 ⁶
1262 2968 1335 3019 tu
1362 2977 1403 3020 a
1430 2977 1534 3019 me
1563 2966 1816 3022 strenue
1844 2955 2071 3036 facere,
2091 2980 2286 3044 quam

202 3053 225 3084 ⁶
244 3063 365 3130 ego
390 3043 501 3108 abs
528 3055 593 3108 te
622 3043 775 3107 scite
810 3041 989 3128 loqui
1016 3039 1391 3108 didicissem.
1482 3041 1814 3107 Postremo
1851 3044 2282 3110 conditionem

202 3138 225 3170 ⁶
245 3131 422 3206 ferre,
453 3153 617 3217 quae
645 3128 978 3193 decretura
1008 3127 1110 3206 sit,
1151 3151 1282 3193 non
1322 3140 1550 3206 orator,
1581 3127 1822 3215 (neque
1861 3131 2034 3194 enim
2073 3129 2142 3194 id
2169 3131 2284 3196 de-

203 3225 227 3257 ⁶
246 3215 513 3282 siderare
572 3213 1057 3302 rempublicam)
1112 3215 1226 3280 sed
1284 3213 1628 3314 imperator
1690 3227 1832 3280 uter
1891 3215 1978 3278 sit
2038 3215 2277 3280 melior.

205 3313 229 3343 ⁶
250 3301 563 3368 Etruriam
620 3313 689 3366 et
742 3298 1071 3366 Samnium
1126 3300 1483 3388 provincias
1540 3321 1715 3364 esset
1781 3313 1990 3366 utram
2046 3301 2280 3380 mallet,

208 3399 231 3432 6
248 3388 520 3477 eligeret.
614 3387 747 3454 Suo
789 3387 1075 3452 exercitu
1114 3409 1181 3451 se
1220 3386 1323 3451 vel
1361 3387 1429 3450 in
1466 3375 1740 3463 Etruria,
1769 3385 1872 3450 vel
1909 3386 1980 3451 in
2023 3386 2281 3452 Samnio

208 3486 232 3516 ⁶
248 3497 375 3541 rem
419 3474 785 3564 gestmumss
871 3473 1044 3538 Tum
1090 3473 1365 3538 militum
1414 3471 1651 3539 clamor
1695 3485 1888 3550 ortus,
1934 3482 1954 3511 ⁶
1977 3486 2050 3538 ut
2093 3475 2282 3540 simul

208 3573 229 3603 ⁶
249 3563 425 3629 ambo
467 3561 705 3628 bellum
750 3559 1091 3626 Etruscum
1133 3559 1563 3650 susciperent)
1655 3557 1806 3634 Quo
1848 3559 2280 3627 animadverso

208 3671 526 3727 consensu,
556 3647 959 3726 Volumnius,
1006 3656 1029 3685 ⁶
1054 3647 1379 3723 Quoniam
1415 3645 1483 3710 in
1523 3643 1800 3733 collegae
1829 3646 2154 3714 voluntate
2182 3647 2281 3714 in-

212 3746 232 3777 ‘
252 3735 680 3824 terpretanda,’
722 3734 953 3822 inquit,
1010 3743 1031 3773 ⁶
1052 3733 1293 3810 erravi3
1358 3753 1491 3797 non
1540 3733 1950 3814 committam,
1991 3749 2082 3814 ut,
2123 3737 2282 3824 quid

213 3834 234 3865 ⁶
250 3845 352 3888 vos
388 3821 615 3900 velitis,
660 3822 994 3886 obscurum
1036 3821 1135 3886 sit.
1227 3818 1516 3896 Manere,
1561 3841 1643 3884 an
1689 3820 1860 3886 abire
1907 3845 2010 3888 me
2053 3823 2282 3902 velitis,

214 3921 235 3951 ⁶
253 3907 513 3976 clamore
534 3907 923 3996 significate!
996 3907 1167 3973 Tum
1194 3929 1345 3973 vero
1374 3919 1589 3972 tantus
1617 3921 1712 3972 est
1739 3906 1978 3974 clamor
2003 3923 2280 3986 exortus,

213 4009 283 4064 ut
308 3995 507 4062 hostes
535 4019 575 4060 e
603 3995 819 4060 castris
847 3995 1087 4061 exciret
1114 4019 1131 4059 ε
1180 3995 1369 4059 armis
1397 3993 1662 4082 arreptis
1689 3995 1760 4059 in
1787 3995 1988 4060 aciem
2005 3995 2282 4060 descen-

275 4186 302 4220 2
336 4174 525 4222 Νικίου
543 4173 687 4234 sore]
720 4173 943 4222 Ναξίων
964 4185 1119 4233 aeque
1147 4187 1207 4220 ac
1336 4183 1365 4231 3
1397 4172 1503 4220 Si&
1533 4179 1784 4233 acceptam
1813 4173 2026 4232 referre]
2075 4171 2282 4220 Locutio

216 4251 377 4287 nom
415 4251 505 4298 pro
546 4237 713 4299 culpa,
842 4242 971 4295 cato,
1009 4234 1209 4308 delicto,
1270 4236 1335 4284 ab
1360 4233 1419 4283 iis
1438 4235 1614 4308 ducta,
1627 4235 1712 4296 qui
1739 4235 1976 4283 debentes
2005 4235 2282 4298 pecuniam,

218 4317 247 4350 a
264 4299 393 4349 Livio
412 4299 526 4360 dici,
546 4306 715 4350 monet.
736 4251 892 4351 ζεῖ-Κ.
930 4300 993 4350 cf.
1007 4313 1136 4363 supr.
1157 4299 1207 4350 i1.
1272 4311 1383 4346 eam
1420 4313 1453 4346 a
1486 4299 1803 4347 creditoribus
1834 4305 2088 4362 acceptam
2127 4299 2176 4347 in
2209 4305 2282 4348 ta·

223 4379 292 4427 ⁵⁴·
1275 4361 1415 4412 bulas
1432 4361 1660 4411 referunt.
1695 4361 1909 4412 amora.

298 4447 433 4492 von.
466 4449 510 4492 1.
1482 4511 1486 4515 .
1829 4445 1866 4488 P
1894 4449 1938 4513 p
