3000 4784
844 204 1035 271 LIB.
1093 204 1180 272 11.

1250 208 1307 273 C
1324 204 1471 273 ΑΡ.
1533 212 1635 273 35.

2166 210 2281 271 111

172 346 432 431 impetu
482 343 817 408 hominum
870 346 1021 432 ipsis
1070 346 1624 411 frumentatoribus
1673 344 1810 410 fuit.
1905 342 2008 410 Ex
2061 345 2288 411 Tuscis
2311 362 2378 413 U.
2399 363 2459 413 c.
2483 360 2592 411 262.

174 432 580 495 frumentum
612 430 831 495 Tiberi
859 433 1073 496 venit:
1122 454 1201 497 eo
1228 446 1577 497 sustentata
1615 447 1711 498 est
1749 432 1944 519 plebs,
2036 432 2291 498 Incom-
2309 428 2368 477 A.
2403 428 2462 479 0·
2486 441 2597 491 490·

178 516 381 582 modo
440 517 608 583 bello
664 518 735 581 in
792 530 921 581 tam
978 519 1127 583 artis
1184 520 1639 585 commeatibus
1683 520 1896 583 vexati
1941 518 2168 596 forent,
2221 520 2292 583 ni

178 603 479 681 Volscos,
520 604 646 667 iam
688 618 1013 670 moventes
1052 628 1242 683 arma,
1284 606 1647 693 pestilentia
1683 606 1908 693 ingens
1947 606 2288 671 invasisset.

184 691 293 755 Ea
320 690 501 755 clade
529 691 883 755 conterritis
922 691 1197 757 hostium
1226 693 1469 769 animia,
1502 707 1576 758 ut
1603 694 1814 770 etiam,
1845 692 1958 757 ubi
1997 715 2074 756 ea
2107 693 2296 757 remi-

184 779 393 854 sisset,
418 791 651 842 terrore
675 776 888 865 aliquo
910 792 1297 856 tenerentur,
1316 792 1385 844 et
1412 778 1676 845 Velitris
1703 801 1936 844 auxere
1957 801 2296 843 numerum

142 888 163 922 1
186 863 565 931 colonorum
600 863 895 942 Romani,
928 879 996 929 et
1024 864 1093 929 N
1096 866 1282 930 orbae
1313 866 1383 929 in
1422 879 1672 931 montes
1705 887 1934 930 novam
1961 865 2294 942 coloniam,

188 974 363 1039 quae
395 972 509 1014 arx
538 950 607 1014 in
636 950 981 1039 Pomptino
1010 965 1193 1029 esset,
1226 952 1550 1017 miserunt.

282 1036 383 1101 Μ.
420 1036 713 1101 Minucio
750 1036 985 1103 deinde
1014 1053 1081 1103 et
1122 1040 1203 1103 A.
1242 1038 1618 1126 Sempronio
1657 1038 2037 1117 consulibus,
2069 1061 2299 1127 magna
2317 1061 2384 1111 U.
2409 1061 2468 1111 c.
2491 1058 2600 1121 263·

190 1125 291 1189 vis
340 1124 643 1188 frumenti
693 1146 774 1188 ex
830 1122 1045 1189 Sicilia
1089 1125 1383 1190 advectat
1446 1126 1880 1213 agitatumque
1927 1126 1996 1189 in
2053 1140 2295 1203 senatu,
2316 1127 2378 1175 A.
2411 1127 2477 1201 (ὃς
2493 1126 2604 1199 489,-

192 1211 427 1299 quanti
476 1210 649 1297 plebi
700 1209 969 1275 daretur.
1063 1210 1260 1276 Multi
1310 1213 1556 1277 venisse
1617 1226 1867 1299 tempus
1915 1212 2297 1299 premendae
2315 1192 2393 1305 ἢ
2403 1191 2627 1302 {fimum

2459 1290 2474 1303 .
2491 1254 2626 1303 Sem-

192 1298 403 1387 plebis
441 1298 769 1386 putabant,
813 1298 1354 1385 recuperandique
1400 1300 1556 1376 iura,
1647 1321 1764 1363 uae
1807 1310 2056 1363 extorta
2096 1322 2300 1363 seces-
2313 1318 2487 1383 pmnio
2509 1318 2588 1367 11.

195 1385 377 1450 sione
407 1406 481 1449 ac
510 1384 575 1447 vi
602 1383 896 1449 Patribus
932 1398 1180 1450 essentt
1227 1386 1296 1449 in
1326 1386 1546 1473 primis

196 1471 399 1536 hostis
426 1470 799 1535 tribuniciae
820 1472 1165 1557 poteentia,
1200 1480 1220 1510 ‘
1241 1470 1310 1536 Si
1338 1472 1697 1549 annonam,'
1726 1472 1953 1559 inquit,
1989 1479 2009 1509 ‘
2025 1484 2300 1536 veterem

202 1567 223 1596 ‘
240 1558 485 1634 volunt,
515 1557 617 1621 ius
644 1557 979 1644 pristinum
1006 1557 1277 1623 reddant
1304 1558 1616 1623 Patribus·
1710 1558 1850 1623 Cur
1876 1580 1996 1645 ego
2024 1558 2305 1645 plebeios

205 1654 226 1683 ‘
242 1645 661 1731 magistu-ame,
721 1666 837 1709 cur
896 1642 1206 1710 Sicinium
1260 1659 1592 1732 potentem
1637 1644 1846 1723 video,
1907 1645 2025 1710 sub
2082 1645 2305 1731 iugum

207 1740 225 1769 ‘
244 1732 489 1808 missua,
510 1742 814 1818 tanquam
836 1753 875 1795 a
894 1730 1239 1797 latronibus
1260 1731 1672 1821 redemptus?
1717 1730 1940 1818 Egone
1963 1730 2076 1795 has
2097 1730 2308 1818 indig-

208 1826 229 1855 ‘
246 1818 480 1883 nitates
536 1816 775 1882 diutius
819 1818 1041 1906 patiar,
1094 1841 1288 1907 quam
1337 1841 1595 1884 necesse
1648 1818 1794 1883 eat?
1882 1816 2306 1905 Tarquinium

158 1924 189 1959 ο
212 1914 229 1941 ‘
247 1926 468 1992 regem
502 1903 617 1991 qui
658 1927 791 1969 non
830 1904 1103 1982 tulerim,
1150 1905 1457 1971 Sicinium
1496 1906 1740 1971 feram?
1803 1903 2074 1970 Secedat
2108 1926 2304 1982 nunc,

212 2000 233 2029 ‘
248 2002 475 2057 avocet
529 1990 820 2079 plebem:
854 2004 1062 2141 flplatet
1102 1992 1207 2057 via
1254 1993 1324 2057 in
1380 1992 1642 2057 Sacrum
1693 2006 1976 2057 montem
2025 1991 2305 2078 aliosque

214 2088 235 2117 ‘
250 2078 461 2142 eolles·

162 2150 195 2197 3
216 2174 237 2203 ί
556 2076 835 2164 Rapiant

957 2091 1173 2142 menta
1200 2101 1282 2144 ex
1312 2080 1475 2167 agris
1496 2078 1742 2157 nostrie,
1769 2077 2306 2167 quemadmodum

162 2220 197 2260 4
254 2164 443 2229 tertio
484 2186 655 2228 anno
696 2186 979 2251 rapuere.
1074 2164 1355 2230 Utantur
1392 2188 1666 2242 annona,
1708 2188 1901 2265 quam
1939 2164 2148 2230 fiat-ore
2193 2186 2308 2229 suo

216 2260 237 2289 ‘
250 2251 479 2315 fecere.
570 2249 805 2315 Audeo
834 2249 1063 2329 dicere,
1094 2250 1215 2316 hoc
1246 2252 1413 2316 malo
1440 2251 1714 2316 domitos
1741 2273 1910 2338 ipsos
1937 2251 2147 2352 potius
2175 2251 2310 2316 cul·-

217 2347 238 2376 ‘
254 2351 423 2402 tores
460 2358 752 2423 agrorum
789 2335 942 2414 fore,
974 2360 1167 2424 quam
1210 2350 1285 2403 ut
1322 2339 1545 2403 armati
1581 2361 1698 2425 per
1734 2360 2148 2403 secessionem
2187 2337 2310 2403 coli

167 2436 199 2484 5
220 2433 240 2463 ‘
252 2423 670 2513 prohibeant)
730 2420 928 2488 Haud
948 2436 1077 2488 tam
1098 2424 1279 2489 facile
1297 2424 1476 2489 dictu
1495 2438 1612 2502 est,
1635 2423 2078 2489 faciendumne
2101 2423 2311 2499 fuerit,

218 2532 413 2599 quam
452 2510 732 2596 potuisse
772 2510 1035 2575 arbitror
1070 2510 1231 2588 fieri,
1270 2524 1363 2589 ut,
1399 2510 1867 2576 conditionibus
1903 2508 2162 2573 laxandi
2201 2530 2315 2573 an-

220 2619 475 2673 nom,
506 2610 572 2661 et
599 2595 1001 2661 tribuniciam
1028 2610 1425 2684 potestatem,
1455 2610 1524 2662 et
1551 2596 1766 2661 omnia
1791 2595 2004 2659 invitis
2031 2595 2170 2659 iura
2195 2596 2315 2695 im-

218 2684 427 2771 posita
470 2682 693 2747 Patres
731 2683 1060 2748 demerent
1092 2683 1229 2748 sibi.

1322 2684 1410 2748 Et
1452 2682 1700 2747 senatui
1738 2682 1928 2746 nimis
1961 2694 2144 2746 atrox
2183 2704 2318 2745 visa

219 2770 537 2835 sententia
562 2784 679 2847 est,
708 2784 777 2834 et
802 2769 1053 2857 plebem
1082 2770 1177 2835 ira
1202 2793 1398 2858 prope
1438 2770 1716 2833 armavit.
1810 2776 1830 2806 ‘
1849 2767 2041 2834 Fame
2071 2790 2138 2832 se
2167 2768 2316 2846 iam,

224 2866 245 2895 ‘
262 2858 428 2921 sicut
476 2856 709 2933 hostes,
760 2856 935 2943 peti3
994 2857 1137 2923 cibo
1186 2857 1489 2945 victuque
1539 2855 1853 2921 standai-i:
1913 2878 2066 2942 pere
2142 2856 2156 2870 ⁸
2209 2878 2320 2919 um

226 2953 245 2983 ‘
260 2944 671 3019 frumentum,
694 2966 857 3029 quae
874 2943 1009 3007 sola
1026 2942 1325 3009 alimenta
1344 2966 1425 3008 ex
1451 2944 1466 2957 ⁹
1629 2955 1764 3007 rato
1779 2942 2034 3007 fortuna

174 3039 209 3089 6
228 3031 345 3095 ‘ab
374 3052 481 3093 ore
510 3029 667 3116 rapi,
698 3029 820 3094 nisi
852 3026 930 3094 C.
965 3028 1212 3096 Marcio
1231 3031 1430 3097 vincti
1448 2966 1668 3095 mxu

298 3226 319 3260 ι
348 3210 569 3269 Nor-bae]
603 3208 722 3257 Non
737 3222 973 3271 apparere
988 3206 1244 3269 rationem,

228 3291 319 3325 cur
330 3274 404 3323 ita
418 3273 579 3337 potius
590 3288 739 3335 quam
756 3274 972 3322 Norbam
992 3271 1245 3332 scribatur,

2093 2942 2318 3020 ederit,

1669 3042 1773 3095 tm·
1793 3029 2052 3108 tribuni,
2083 3030 2206 3095 nisi
2235 3030 2317 3094 de

1308 3208 1466 3257 cultos
1496 3208 1816 3269 relinquendo
1847 3222 1999 3269 agros.
2066 3209 2198 3255 Ante
2225 3206 2318 3269 pri-

1306 3286 1443 3321 mum
1489 3272 1692 3320 verbum
1743 3270 2007 3319 inseruerat
2051 3270 2322 3319 Rhenanus

230 3341 331 3389 iam
356 3338 544 3388 Duker.
566 3336 773 3386 monuit.
838 3336 987 3384 Forte
1008 3336 1077 3385 sic
1098 3337 1246 3384 modo
1297 3338 1564 3397 fruantur.
1639 3334 1740 3383 Sed
1771 3334 1894 3383 illud
1929 3334 2320 3383 additamentum

232 3403 404 3453 Livius
423 3400 603 3465 posuit,
624 3406 679 3449 ut
702 3400 904 3463 propius
932 3406 1249 3461 congruerent

228 3468 456 3516 membra
485 3473 533 3515 et
571 3466 781 3525 Velitris,
800 3472 849 3513 et
868 3466 1100 3522 Norbam
1134 3478 1245 3511 eon-

232 3530 353 3581 strui
375 3536 541 3579 autem
571 3529 641 3577 ita
674 3528 864 3585 voluit;
897 3535 948 3576 et
976 3526 1027 3575 in
1058 3532 1251 3575 montes

232 3610 415 3645 noram
438 3593 677 3641 coloniam
700 3592 953 3651 miserunt,
973 3606 1099 3653 quae
1122 3591 1173 3640 N
1176 3606 1248 3640 or-

233 3662 329 3708 bae
353 3673 442 3707 arx
464 3657 515 3705 in
538 3655 806 3719 Pomptino
827 3662 969 3705 esset.
1002 3656 1217 3705 S‘raorn.

302 3739 331 3772 2
370 3724 610 3782 naeu-im]
680 3720 825 3769 Haec
864 3720 983 3769 dicit
1018 3719 1250 3779 Marcius,

235 3804 337 3837 non
354 3802 417 3835 ex
434 3801 523 3835 sua
543 3800 765 3861 persona,
782 3786 867 3834 sed
886 3785 1095 3834 cuiusvis
1114 3800 1249 3833 eena-

234 3850 373 3911 torin,
400 3856 488 3900 aut
518 3865 558 3898 ai
594 3850 766 3909 mavia,
798 3856 995 3898 uenatus
1024 3848 1251 3897 universi.

232 3918 403 3967 cuv.
472 3916 686 3963 Tales-im
718 3920 851 3961 recte
876 3912 1057 3975 exponi
1090 3918 1251 3975 potest

227 3982 415 4041 seram,
451 3980 531 4026 vel
574 3978 697 4026 ferre
740 3976 939 4040 poesim,
980 3976 1021 4025 ei
1060 3977 1253 4025 Romae

240 4048 425 4107 regnet.
462 4042 671 4091 Duum.

309 4122 337 4170 3
374 4108 535 4157 Tertio
555 4107 709 4165 anno]
760 4104 929 4153 Tertio
960 4110 1076 4153 ante
1107 4119 1251 4154 auno.

242 4172 405 4221 Can.

308 4253 341 4296 4
369 4236 587 4285 Utantur
608 4250 826 4293 annona,
842 4236 1013 4297 quam]
1038 4234 1256 4283 Utantur

244 4314 441 4349 annona
483 4304 619 4347 arcta
660 4304 712 4345 et
756 4299 895 4355 dura,
930 4299 1128 4359 qualem
1164 4298 1256 4361 ipsi

239 4363 337 4411 sibi
359 4362 519 4410 fecere
552 4377 639 4423 per
664 4361 917 4411 seditionis
938 4362 1165 4421 fun-orem,
1186 4362 1255 4408 in-

1308 3405 1533 3461 ignorant
1564 3414 1733 3447 omnes
1771 3398 1936 3460 scripti
1969 3398 2218 3447 Gronovio
2249 3398 2320 3446 in-

1310 3462 1484 3525 specti,
1506 3462 1720 3525 quinque
1749 3477 1778 3511 e
1809 3462 2000 3521 nostris,
2021 3462 2323 3525 Campanus,

1312 3528 1550 3585 Andreae,
1571 3532 1622 3575 et
1642 3540 1811 3574 omnes
1831 3532 2016 3574 veteres
2036 3526 2171 3575 editi.
2220 3526 2320 3574 Ιιιν

1312 3607 1409 3654 que
1442 3591 1708 3639 delendum
1742 3589 1988 3649 duximus,
2017 3596 2073 3637 ut
2104 3590 2326 3640 Clericus

1312 3656 1411 3705 iam
1434 3655 1630 3703 fecerat.
1665 3656 1826 3704 cm.

1379 3733 1407 3781 5
1440 3720 1602 3767 Haud
1629 3725 1728 3767 eam
1754 3718 1936 3779 facile]
1997 3716 2221 3766 Potuisse
2251 3732 2324 3765 ar-

1314 3783 1465 3833 bitror
1480 3782 1604 3842 fieri‚
1619 3780 1806 3847 (utrum
1825 3780 1928 3830 fieri
1941 3782 2180 3842 debuerit,
2193 3783 2327 3829 haud

1313 3848 1456 3897 heile
1476 3848 1615 3896 dictu
1638 3845 1736 3911 eet)
1759 3852 1813 3895 ut
1838 3847 2010 3895 Patres
2037 3851 2090 3895 et
2117 3861 2150 3894 a
2179 3846 2328 3894 tribu·

1314 3912 1436 3960 uitia
1458 3917 1718 3975 potestate,
1739 3917 1790 3959 et
1809 3911 1873 3958 ab
1895 3910 2123 3959 omnibus
2143 3910 2332 3973 legibue

1315 3992 1436 4039 quae
1472 3976 1613 4025 inviti
1655 3974 1746 4023 eibi
1789 3974 1977 4038 imponi
2019 3976 2235 4023 tulerant
2275 3973 2327 4022 in

1316 4040 1464 4090 Sacro
1484 4046 1671 4100 monte,
1692 4054 1796 4087 sese
1819 4038 2096 4097 liberarent,
2125 4038 2165 4085 si
2199 4038 2328 4087 hanc

1317 4104 1645 4153 conditionem
1683 4102 1955 4167 exegissent
1994 4118 2080 4167 pro
2117 4102 2330 4150 laxando

1318 4168 2042 4294 ωιέοηλῗῖἰιμὲῗοὲωξῖεἳὶοὸὺ
2079 4229 2330 4277 Romanae

1316 4298 1551 4359 satisfiat]
1601 4294 1712 4344 Nisi
1751 4294 1954 4343 satisfiat
1992 4290 2104 4339 odio
2141 4290 2245 4339 eiua
2269 4291 2330 4350 ,in

1322 4361 1536 4423 plebem,
1551 4358 1809 4408 saeviendo
1833 4354 2106 4405 verberibus
2126 4354 2176 4402 in
2198 4359 2333 4416 terga

1659 1385 1864 1449 arcius
1902 1384 2297 1463 Coriolaan
2315 1386 2452 1435 0⁰⁸⁸·

2427 2706 2531 2766 35.
