3000 4784
690 166 830 225 ’154
1476 156 1704 225 ΤΙΤῙ
1762 157 2038 225 LIVII

374 307 443 359 U,
466 307 527 359 et
553 322 663 373 ιω.
702 292 1002 360 aedilium
1046 292 1261 380 plebei
1300 306 1452 359 erat.
1547 291 1658 359 Ad
1697 316 1808 359 eos
1849 314 2099 359 summa
2135 312 2350 359 rerum
2389 316 2469 359 ac
2513 293 2866 359 maiestoea

372 372 434 421 A.
468 373 527 421 0·
552 370 663 434 4⁶¹·
703 380 1049 445 consularis
1098 380 1349 468 imperii
1396 391 1673 446 venerat.
1782 379 2059 444 Deserta
2103 380 2336 457 omnia,
2384 380 2530 445 sine
2579 379 2810 467 capite,

505 437 563 501 7.

702 466 839 531 sine
896 466 1153 543 viribuS,
1214 464 1308 529 dii
1364 465 1682 552 praesides
1743 488 1816 530 ac
1875 466 2131 529 fortuna
2187 465 2360 531 urbis
2418 476 2637 530 mtata
2691 477 2810 541 est,

704 575 870 639 quae
940 552 1193 617 Volscis
1266 552 1664 639 Aequisque,
1741 551 2137 638 praedonum
2209 552 2422 638 potius
2498 563 2809 625 mentem,

704 661 898 726 quam
981 638 1281 715 hostium,
1355 637 1554 701 dedit.
1691 637 1886 702 Adeo
1959 638 2132 702 enim
2205 638 2381 701 nulla
2452 660 2606 723 spes
2679 658 2812 700 non
2829 652 2862 699 9

701 722 999 811 potiundi
1044 724 1254 801 modo,
1284 723 1399 788 sed
1440 747 1524 787 ne
1569 722 1852 787 adeundi
1897 723 2159 809 quidem
2193 723 2491 787 Romana
2529 722 2812 799 moenia,

700 811 944 891 animos
1001 832 1223 875 eorum
1281 810 1470 897 cepit,
1523 822 1816 896 tectaque
1875 809 2098 896 procul
2144 810 2279 874 visa
2335 821 2532 895 atque
2599 808 2814 872 immi-

704 908 932 960 nentes
983 896 1212 959 tumuli
1270 907 1552 960 avertere
1617 907 1864 960 mentes
1913 918 2170 972 eorum3
2233 908 2323 972 ut,
2372 895 2526 959 totis
2573 896 2816 981 passim

700 982 919 1047 castris
957 981 1215 1047 fremitu
1256 995 1413 1059 ort0,
1462 991 1483 1019 ‘
1505 981 1663 1069 quid
1705 981 1776 1044 in
1813 994 1988 1045 vasto
2027 1005 2102 1045 ac
2141 981 2394 1047 deserto
2435 1002 2596 1067 agro
2643 980 2814 1044 inter
2835 1002 2858 1035 1

706 1078 725 1115 ⁶
750 1069 961 1143 tabem
989 1090 1293 1154 pecorum
1321 1067 1784 1154 hominumque
1816 1066 2067 1132 desides
2107 1068 2242 1132 sine
2283 1067 2523 1153 praeda
2551 1080 2814 1153 tempus

705 1164 726 1192 ‘
751 1166 1044 1231 tererent,
1078 1177 1277 1241 quum
1306 1154 1556 1241 integra
1583 1153 1740 1230 loca,
1773 1152 2208 1218 Tusculanum
2239 1176 2480 1240 agrum,
2513 1153 2814 1239 opimum

596 1257 610 1269 ⁶
705 1249 725 1279 ‘
746 1241 964 1327 copiiS,
994 1252 1211 1340 petere
1242 1254 1500 1327 possent
1514 1241 1561 1304 ?’
1603 1239 1785 1389 s‘fna
1817 1252 2080 1326 repente
2115 1239 2568 1316 convellerent,
2601 1250 2814 1302 trans-

1699 1348 1738 1390 a

377 1846 583 1902 Latino·

376 1912 595 1967 vincunt.

702 1328 1023 1413 versisque
1083 1326 1414 1391 1tineribus
1471 1348 1589 1413 per
1736 1325 1990 1389 vicanos
2041 1348 2222 1412 agros
2279 1326 2348 1389 in
2401 1324 2814 1389 Tusculanos

702 1412 895 1477 colles
948 1413 1300 1477 transirent.
1397 1411 1493 1477 Eo
1540 1412 1634 1475 vis
1680 1412 1886 1475 omnis
1933 1424 2400 1498 tempestasque
2445 1410 2603 1475 belli
2651 1432 2816 1475 con-

702 1522 882 1562 versa
918 1510 1031 1562 est.
1124 1496 1391 1561 Interim
1432 1496 1704 1562 Hernici
1744 1496 1960 1561 Latini
2007 1520 2108 1574 ue,
2140 1497 2382 1584 pudore
2421 1498 2638 1573 etiam,
2671 1519 2816 1560 non

703 1582 1130 1647 misericordia
1173 1583 1396 1659 solum,
1447 1584 1623 1660 moti,
1665 1584 1718 1647 si
1766 1606 1886 1647 nec
1933 1606 1972 1647 ο
2048 1584 2320 1648 titissent
2356 1584 2816 1647 communibus

702 1668 1007 1746 hostibuS,
1040 1668 1269 1734 infesto
1298 1668 1552 1756 agmine
1586 1670 1945 1735 Romanam
1987 1670 2212 1735 urbem
2250 1668 2635 1757 petentibus
2679 1691 2814 1733 nec

704 1776 893 1841 opem
952 1754 1147 1819 ullam
1218 1755 1483 1819 obsessis
1545 1755 1730 1819 sociis
1787 1755 2043 1833 ferrent,
2104 1757 2444 1820 coniuncto
2507 1755 2816 1819 exercitu

707 1840 981 1907 Romam
1008 1854 1301 1928 pergunt.
1367 1841 1499 1905 Ubi
1530 1863 1732 1928 quum
1761 1842 1974 1907 hostes
2003 1864 2137 1907 non
2165 1842 2570 1918 invenissent,
2591 1842 2816 1906 secuti

702 1926 935 1991 famam
964 1950 1037 1991 ac
1064 1926 1220 1991 vest'
1270 1927 1349 2005 ia,
1374 1928 1544 1993 obvii
1573 1926 1740 1991 fiunt
1769 1927 2302 1993 descendentibus
2329 1929 2410 1992 ab
2433 1926 2816 1992 Tusculano

704 2014 774 2077 in
804 2012 1122 2077 Albanam
1152 1950 1399 2078 vzffiem.
1478 2012 1580 2077 Ibi
1609 2013 2104 2101 haudquaquam
2133 2036 2340 2101 aequo
2367 2012 2604 2101 proelio
2635 2036 2818 2113 pug-

702 2112 927 2163 natum
974 2111 1088 2177 est,
1136 2099 1422 2187 fidesque
1471 2122 1586 2164 sua
1631 2100 1816 2165 sociis
1858 2122 2084 2186 parum
2129 2100 2284 2165 felix
2330 2101 2401 2163 in
2443 2116 2818 2186 praesentia

702 2184 841 2250 fuit.
935 2184 1134 2251 Haud
1162 2185 1371 2251 minor
1400 2186 1648 2251 Romae
1677 2185 1754 2250 fit
1793 2188 2013 2251 morbo
2053 2200 2308 2274 strageS,
2341 2208 2531 2273 quam
2557 2200 2820 2271 quanta

703 2272 871 2335 ferro
900 2272 1239 2336 sociorum
1290 2272 1458 2337 facta
1507 2284 1660 2337 erat.
1756 2270 2022 2351 Consul,
2077 2274 2190 2360 qui
2241 2294 2406 2337 unus
2454 2294 2526 2335 su
2607 2285 2815 2350 rei-at,

706 2357 1009 2422 moritur:
1072 2359 1307 2423 mortui
1351 2370 1420 2423 et
1464 2358 1574 2423 alii
1625 2357 1777 2423 clari
1823 2358 1962 2435 viri,
2013 2358 2110 2423 M.
2159 2358 2473 2435 Valerium,
2581 2404 2596 2421 .
2647 2358 2818 2424 virs

752 2444 917 2509 'nius
970 2443 1249 2523 Rutilus,
1301 2467 1608 2532 augures3
1675 2444 1808 2509 Ser.
1857 2443 2193 2532 SulpiciuS,
2240 2445 2416 2509 curio
2467 2442 2810 2509 maximus.
2833 2471 2857 2506 2

705 2466 798 2595 {t
830 2552 947 2617 per
984 2531 1203 2618 ignota
1244 2531 1453 2619 capita
1494 2530 1620 2595 late
1665 2542 1929 2617 evagata
1954 2544 2053 2595 est
2079 2532 2174 2595 vis
2202 2530 2442 2596 morbi:
2487 2530 2816 2618 inopsque

708 2630 963 2681 senatus
1006 2617 1227 2681 auxilii
1273 2616 1559 2695 humani,
1601 2616 1684 2681 ad
1731 2616 1884 2681 deos
1934 2640 2018 2703 po
2063 2616 2243 2681 ulum
2289 2639 2360 2681 ac
2404 2630 2550 2681 vota
2589 2618 2814 2682 vertit.

708 2701 873 2767 Iussi
902 2725 1049 2766 cum
1079 2703 1455 2789 coniugibus
1497 2726 1571 2767 ac
1617 2702 1829 2767 liberis
1857 2726 2021 2790 supp
2045 2704 2280 2767 icatum
2309 2703 2422 2781 ire,
2451 2724 2814 2789 pacemque

710 2811 1053 2874 exposcere
1092 2787 1304 2851 deum.
1402 2787 1510 2851 Ad
1553 2788 1640 2864 id,
1673 2788 1849 2874 quod
1891 2810 2007 2853 sua
2047 2812 2240 2889 quem
2287 2812 2366 2853 ue
2413 2788 2576 2853 mala
2615 2811 2816 2876 coge-
2831 2811 2856 2859 3
2942 2834 2943 2837 =

708 2874 883 2948 bant,
916 2871 1286 2936 auctoritate
1331 2872 1588 2958 publica
1630 2875 1894 2951 evocati,
1931 2898 2147 2939 omnia
2187 2875 2268 2939 de
2295 2876 2451 2939 ubra
2491 2874 2811 2961 implent:

710 2970 939 3021 stratae
990 2958 1222 3043 passim
1265 2969 1516 3035 mattea,
1561 2958 1838 3023 crinibus
1891 2961 2129 3048 templa
2170 2974 2507 3038 verrenteS,
2550 2961 2814 3026 veniam

711 3043 945 3111 irarum
975 3042 1361 3120 coelestium,
1394 3043 1719 3132 finemque
1833 3046 1914 3110 sti
1943 3059 2310 3145 erposcunt.

798 3129 961 3197 Inde
1006 3129 1354 3217 paullatim,
1392 3152 1506 3195 seu
1549 3153 1703 3217 pace
1791 3154 1939 3196 eum
1985 3146 2336 3220 impetrata,
2365 3156 2480 3197 seu
2519 3134 2814 3221 graviore

711 3228 995 3317 tempore
1037 3216 1188 3281 anni
1231 3218 1357 3281 iam
1402 3217 1803 3294 circumacto,
1835 3218 2137 3283 def-mota
2163 3220 2396 3285 morbis
2419 3242 2683 3306 corpora
2713 3244 2816 3285 sa-

708 3303 987 3397 lubriora
1015 3326 1149 3368 esse
1186 3303 1508 3390 incipere:
1557 3303 1876 3390 versisque
1921 3303 2148 3371 animis
2189 3306 2317 3371 iam
2359 3305 2444 3372 ad
2486 3306 2814 3394 publicam

710 3512 831 3567 erat,
852 3508 982 3569 quod
1014 3521 1104 3556 nos
1134 3507 1269 3557 “the
1298 3509 1526 3557 Round”
1555 3509 1723 3571 appel·
1791 3515 1900 3556 rent
1920 3524 1982 3557 ne
2005 3508 2228 3573 contagio
2250 3511 2443 3558 morbos
2463 3509 2514 3560 in
2537 3516 2696 3558 castra
2721 3524 2814 3559 sua

710 3572 882 3619 lamus.
918 3572 1133 3621 S‘rao'rn.
1789 3572 2076 3633 divulgaret.

783 3636 813 3682 8
852 3637 1101 3685 Aedilium
1133 3637 1317 3698 plebei]
1384 3636 1529 3685 Haec
1567 3635 1726 3699 prima
1855 3652 1882 3685 α
1920 3638 2071 3686 Curio
2091 3637 2357 3697 naaaeimtoe]
2413 3636 2698 3699 Unicuique
2727 3637 2813 3685 tri-

708 3712 789 3759 ap.
820 3696 925 3747 Liv.
956 3698 1140 3747 mentio
1172 3699 1409 3747 aedilium
1444 3700 1618 3762 plebis.
1663 3700 1724 3748 cf.
1789 3700 1925 3763 ginta
1945 3701 2206 3760 curiarum,
2227 3702 2278 3748 in
2301 3716 2422 3762 quas
2437 3700 2640 3749 divisam
2663 3700 2814 3749 fuine

708 3776 838 3822 supr.
861 3761 911 3809 ii.
938 3776 1012 3823 33.
1036 3768 1138 3811 not.
1791 3766 1962 3812 urbem
1996 3764 2207 3813 vidimus
2235 3779 2364 3826 supr.
2389 3764 2422 3813 i.
2451 3778 2523 3826 13·
2567 3780 2686 3814 mus
2711 3764 2814 3813 suit

774 3840 805 3889 9
837 3826 973 3875 Adeo
992 3828 1147 3885 enim]
1188 3825 1358 3874 Volsci
1392 3826 1608 3874 Romam
1640 3841 1724 3887 op-
1787 3830 1944 3886 ererio,
1965 3827 2050 3890 qui
2072 3844 2176 3877 rem
2196 3827 2412 3876 divinam
2445 3844 2536 3891 pro
2567 3829 2668 3877 suis
2687 3828 2812 3876 curi-

709 3902 1003 3949 pugnavere,
1041 3889 1081 3937 si
1128 3889 1365 3951 Dionysio
1409 3890 1544 3938 fides.
1628 3890 1726 3938 Sed
1789 3891 1949 3939 alibus
1984 3893 2179 3941 taceret.
2251 3891 2549 3941 Curionibus
2585 3892 2814 3941 omnibus

710 3954 823 4000 urbs
844 3958 1019 4001 natura
1038 3952 1134 4000 loci
1151 3958 1201 4000 et
1218 3953 1391 4000 validis
1411 3952 1728 4001 munimentis
1789 3956 2067 4004 moderator
2085 3956 2286 4017 quidam
2309 3955 2566 4019 impositus
2585 3962 2705 4020 erat,
2723 3974 2812 4005 συ-

710 4016 925 4074 ιῑθΐθῐιειι,
962 4016 1107 4063 facile
1154 4016 1250 4063 vim
1294 4016 1510 4065 hostium
1553 4016 1724 4066 arcuit.
1790 4020 1864 4067 rio
1905 4022 2173 4077 maximnm
2231 4018 2314 4081 qui
2357 4019 2556 4082 quidem
2601 4020 2812 4069 comitiis

710 4081 870 4130 Cnnv.
916 4080 975 4128 cf.
1002 4079 1150 4128 Dion.
1173 4080 1239 4127 ix.
1263 4076 1341 4140 67.
1791 4082 1988 4131 curiatis
2007 4085 2274 4132 creabatur.
2308 4084 2471 4133 Cnssv.

779 4159 799 4191 1
836 4145 1059 4192 Fremitu
1100 4145 1226 4202 orto]
1312 4142 1427 4191 Hoc
1471 4144 1629 4193 verius
1671 4143 1721 4193 in
1855 4160 1883 4207 3
1915 4149 2000 4194 Ad
2024 4149 2094 4203 id,
2121 4150 2272 4209 quod]
2322 4148 2370 4195 h.
2389 4162 2431 4195 e.
2459 4149 2810 4209 Praeterquam

706 4222 859 4255 causa
872 4208 1017 4256 fuisse
1036 4205 1241 4265 videtur,
1258 4222 1345 4256 cur
1362 4208 1530 4257 Volsci
1552 4210 1722 4256 urbem
1787 4210 1936 4271 quod.
1982 4210 2043 4261 cf.
2065 4210 2176 4260 infr.
2197 4209 2276 4260 62.
2315 4211 2432 4262 xliv.
2458 4222 2536 4274 37.
2573 4212 2742 4263 Don.

704 4286 991 4333 oppugnare
1023 4272 1296 4323 destiterint
1318 4287 1399 4332 ῥα.
1422 4272 1554 4335 quod
1584 4272 1722 4320 time-
