3000 4784
810 212 1001 280 LIB.
1050 210 1133 280 V.
1206 214 1428 281 CAP.
1456 212 1579 282 '17.

160 362 179 391 ‘
200 354 424 430 muris3
472 374 733 431 memor,
764 374 957 441 quam
996 374 1115 440 per
1142 364 1237 416 tot
1266 372 1467 415 annos
1506 328 1758 417 obsides
1785 352 2028 431 urbem,
2059 376 2144 418 ex
2171 376 2250 419 ea
2268 373 2335 422 U.
2359 372 2419 423 c.
2445 376 2555 435 358.
2641 332 2644 335 ⁴

160 448 179 478 ‘
198 440 309 505 tibi
360 440 479 518 his,
532 462 699 527 quae
754 462 931 503 nunc
988 439 1378 527 panduntur,
1430 437 1576 502 fatis
1631 438 1959 503 victoriam
2009 439 2242 505 datam.
2265 438 2326 487 A.
2359 438 2421 489 0·
2444 450 2557 501 394·

2121 218 2248 285 307

158 534 179 565 ‘
197 521 377 591 Bello
402 527 707 614 perfecto,
738 526 981 590 donum
1008 523 1295 613 amplum
1324 527 1528 589 victor
1553 524 1638 589 ad
1663 546 1808 590 mea
1835 526 2076 614 templa
2099 549 2249 614 por-

156 620 177 649 ‘
192 624 351 677 tato:
398 635 703 700 sacraque
732 612 956 700 patria,
986 634 1262 699 quorum
1290 610 1522 675 omissa
1555 633 1708 675 cura
1735 623 1851 690 est,
1879 612 2244 692 instaurata,

112 728 141 773 4
154 706 175 735 ‘
196 710 265 762 ut
319 698 569 776 assolet,
616 698 851 764 facito?
933 697 1171 785 Ingens
1237 696 1389 762 inde
1450 697 1674 762 haberi
1730 699 2016 785 captivus
2072 712 2248 765 vates

152 798 426 872 coeptus,
450 808 727 873 eumque
756 784 1059 850 adhibere
1088 784 1329 849 tribuni
1358 783 1634 849 milimm
1659 782 2000 850 Cornelius
2017 786 2250 852 Postu-

152 872 439 959 miusque
492 871 577 936 ad
620 871 895 959 prodigii
946 870 1187 935 Albani
1236 872 1748 957 procurationem
1799 894 1876 935 ac
1926 872 2080 937 deos
2125 874 2246 939 rite

152 956 489 1042 placandos
504 980 790 1058 coepere.
848 1044 863 1057 ·
881 955 1353 1107 Inventumthue
1378 957 1640 1058 tandem
1657 970 1773 1035 est,
1794 957 1906 1023 ubi
1927 960 2250 1047 neglectas

154 1044 560 1108 caerimonias
610 1057 1117 1108 intermissumve
1168 1066 1240 1107 so

1288 1066 1455 1108 enne
1500 1044 1594 1107 d1i
1648 1059 2023 1131 arguerent3
2083 1046 2250 1111 nihil

114 1154 141 1201 5
154 1129 431 1215 profecto
460 1130 637 1195 aliud
656 1151 813 1207 esse,
842 1152 1037 1217 quam
1066 1129 1487 1216 magistrumn,
1511 1129 1670 1194 vitio
1697 1144 1960 1207 creator»,
1985 1132 2248 1197 Latinas

114 1230 525 1304 6secrumque
568 1217 640 1280 in
668 1216 926 1281 Albano
968 1228 1187 1281 monte
1232 1238 1366 1280 non
1392 1216 1516 1280 rite
1551 1216 1934 1303 concepisse.
2030 1218 2246 1283 Unam

156 1302 581 1403 expiationem
618 1324 840 1367 eorum
874 1324 1030 1380 esse,
1062 1314 1137 1367 ut
1164 1301 1408 1367 tribuni
1450 1301 1730 1367 militum
1769 1303 2138 1369 abdicarent
2179 1326 2248 1369 se

156 1401 537 1475 magistratu,
558 1390 839 1477 auspicia
866 1390 947 1454 de
966 1390 1219 1476 integro
1240 1399 1700 1475 repeterentur,
1725 1400 1794 1455 et
1814 1389 2250 1477 interregnum

156 1473 433 1541 iniretur.

529 1475 629 1540 Ea
647 1476 738 1547 ita
762 1476 931 1540 facta
956 1488 1109 1540 sunt
1124 1497 1207 1541 ex
1234 1475 1800 1541 senatusconsulto.
1893 1475 2104 1542 Interr
2221 1498 2252 1541 s

156 1573 277 1625 tres
315 1562 623 1649 deinceps
658 1562 861 1639 fuere,
894 1562 971 1626 L.
992 1560 1309 1639 Valerius,
1355 1561 1437 1636 Q,
1468 1559 1774 1627 Servilius
1816 1562 2106 1641 Fidenas,

160 1644 379 1713 Furius
452 1647 785 1713 Camillus.
905 1647 1261 1734 Nunquam
1318 1647 1596 1712 desitum
1657 1648 1918 1714 interim
1989 1650 2249 1727 turbari,

158 1734 405 1800 comitia
436 1733 991 1823 interpellantibus
1026 1734 1298 1799 tribunis
1339 1733 1562 1833 plebis,
1603 1733 1810 1801 donec
1853 1736 2254 1802 convenisset

157 1820 341 1903 priuS,
369 1829 390 1860 ‘
398 1834 477 1886 ut
493 1822 693 1886 maior
706 1842 853 1909 pars
868 1822 1269 1886 tribunorum
1286 1819 1564 1885 militum
1581 1842 1664 1885 ex
1680 1822 1867 1909 plebe
1889 1824 2250 1888 crearetur!

164 1904 341 1979 Quae
370 1908 533 1973 dum

730 1921 854 1985 tut,
884 1907 1155 1973 coucilia
1184 1906 1477 1972 Etruriae
1510 1907 1595 1971 ad
1621 1908 1840 1973 fanum
1861 1908 2252 1976 Voltumnae

160 1988 385 2072 habita,-
416 2006 605 2082 postu
620 2082 637 2095 .
714 1994 1025 2095 tibusque·
1056 1992 1491 2081 Capenatibus
1535 2016 1610 2059 ac
1639 1994 1918 2075 Faliscis,
1951 2010 2026 2061 ut
2054 1996 2256 2063 Veios

160 2081 481 2146 communi
534 2103 751 2146 ammo
808 2079 1199 2167 consilioque
1259 2102 1481 2146 omnes
1539 2079 1834 2146 Etruriae

164 2164 487 2233 obsidione
518 2168 861 2268 eriperent,
892 2189 1265 2254 responsum
1300 2179 1429 2232 est:
1482 2175 1503 2205 ‘
1526 2166 1744 2231 Antea
1770 2190 1837 2231 se
1868 2104 1978 2232 iso

2025 2083 2115 2183 uli
2174 2104 2256 2183 ex

2030 2182 2258 2235 elentl-

164 2256 185 2286 ‘
199 2250 313 2317 bus
330 2274 615 2342 negeme,
640 2276 812 2342 qma,
836 2254 1009 2319 unde
1033 2252 1369 2318 consilium
1390 2276 1522 2318 non
1545 2255 1854 2354 petissent
1873 2276 2066 2343 super
2081 2268 2260 2320 tanta

130 2342 189 2404 7ε
206 2358 290 2415 re,
320 2340 633 2408 auxilium

746 2354 881 2405 tere
912 2362 1045 2405 non
1073 2338 1407 2405 deberent:
1456 2362 1632 2403 nunc
1660 2362 1788 2404 iam
1815 2362 1934 2427 pro
1963 2364 2029 2405 se
2058 2342 2259 2406 fortu-

170 2428 349 2489 ‘nam
394 2448 577 2492 suam
634 2428 657 2490 i
708 2428 723 2441 ⁹
804 2448 1075 2513 negare3
1144 2425 1421 2489 maxime
1470 2425 1540 2487 in
1587 2448 1664 2490 ea
1711 2440 1892 2512 parte
1942 2426 2253 2492 Etruriae.

170 2514 191 2545 ‘
212 2508 488 2579 Gentem
508 2513 912 2590 invisitatam,
936 2534 1138 2577 novos
1159 2510 1405 2575 accolas
1427 2510 1650 2575 Gallos
1677 2534 1834 2590 esse,
1855 2534 2002 2577 eum
2026 2514 2258 2600 quibus

169 2601 190 2631 ‘
203 2615 318 2661 nee
336 2622 465 2686 pax
492 2599 645 2665 satis
660 2598 809 2677 fida,
828 2621 949 2663 nec
972 2597 1214 2663 bellum
1235 2620 1353 2684 pro
1370 2609 1545 2662 certo
1567 2597 1684 2661 sit:
1731 2600 2026 2699 sanguini
2042 2612 2257 2664 tamen

172 2688 191 2717 ‘
208 2685 575 2774 nominique
610 2696 678 2750 et
720 2686 1160 2772 praesentibus
1204 2682 1502 2771 periculis
1541 2704 2156 2772 consanguineorum
2190 2686 2259 2749 id

230 2903 259 2945 4
289 2888 473 2951 Inyem
492 2890 631 2950 inde]
672 2886 958 2937 Veientium
991 2889 1177 2951 legatos

172 2946 377 3001 Romam
417 2953 591 3002 missos
632 2951 779 3001 rufinae
820 2952 987 3000 scribit
1024 2952 1176 3001 Dion.

174 3010 289 3063 Exe.
324 3017 441 3066 Vat.
475 3015 560 3066 xii.
598 3030 671 3065 ια.
705 3016 844 3065 cuius
876 3014 945 3065 rei
978 3014 1183 3079 vestigia

172 3088 249 3137 ap.
270 3078 371 3129 Cic.
396 3082 461 3129 de
482 3080 651 3129 Divin.
674 3079 707 3129 i.
733 3096 810 3141 44.
833 3084 1095 3141 supersunt
1129 3078 1181 3128 in

174 3143 354 3205 egregio
374 3158 464 3193 suo
483 3145 595 3193 loco
616 3144 679 3193 de
703 3142 843 3192 Veiis
862 3144 1033 3205 captis.

236 3218 263 3267 5
294 3209 525 3268 Latinas]
578 3223 645 3258 sc.
686 3206 869 3266 Perias,
906 3208 971 3256 de
1006 3206 1183 3269 quibus

178 3264 444 3321 Scholiasta
463 3271 515 3320 in
539 3271 645 3322 cie.
668 3286 757 3335 pro
781 3272 953 3320 Plane.
976 3284 1021 3337 9.
1038 3272 1103 3319 ab
1118 3270 1181 3319 A.

180 3328 307 3382 Maio
328 3336 517 3385 editus:
542 3337 633 3384 alii
654 3351 687 3383 a
708 3336 977 3399 Tarquinio
990 3336 1183 3392 Prisco,

178 3396 262 3443 affl
274 3414 306 3445 a
317 3400 510 3449 Latinis
522 3400 713 3448 Priscis
724 3398 1183 3459 meumsemm

182 3464 315 3521 atque
332 3465 466 3513 inter
494 3464 582 3512 hos
609 3465 740 3525 ipsos
764 3464 823 3511 de
851 3478 1003 3511 cama
1033 3462 1183 3511 morl-

168 3522 273 3580 Ῐῑθῐῖ
300 3542 403 3575 non
431 3529 654 3577 ommni!
671 3546 688 3574 .-
721 3526 808 3575 sed
838 3526 1113 3575 Niebuhrio
1134 3522 1184 3574 ii.

182 3596 227 3645 p.
250 3601 321 3650 34.
352 3589 557 3639 minime
589 3589 796 3639 dubium
830 3590 1037 3649 videtur,
1066 3588 1185 3651 quin

182 3649 403 3712 originem
416 3653 802 3717 antiquimimam
820 3654 917 3702 bae
932 3654 1081 3702 feriae
1101 3653 1187 3701 har-

182 3710 381 3786 bunum,
395 3732 547 3779 quum
562 3732 644 3780 ap.
655 3716 785 3766 Plin.
806 3717 955 3766 H.N.
968 3716 1037 3767 iii.
1054 3732 1101 3782 9.
1118 3717 1187 3765 le-

182 3789 331 3835 offius
349 3782 785 3843 Praetereafioero
805 3782 862 3829 in
882 3782 1027 3830 Latio
1048 3782 1187 3830 olera

187 3845 463 3903 oppido—et
483 3862 594 3894 eum
614 3846 692 3894 1ιῦ
719 3860 917 3895 emnem
945 3847 1001 3893 in
1030 3850 1189 3895 monte

186 3904 366 3976 A-lbcno
375 3910 503 3958 nolui
516 3912 737 3973 occipere
908 3910 1157 3958 'Albenses
1170 3928 1186 3955 :

187 3963 235 4013 lu
262 3984 371 4020 vero
391 3973 631 4022 Albenses
662 3972 773 4034 sitm
796 3973 807 3983 '
838 3972 1035 4021 foedere
1066 3971 1189 4021 anti-

188 4031 342 4089 quitus
368 4050 482 4084 cum
510 4036 691 4085 Priscis
712 4035 903 4087 Latinis
923 4040 975 4084 et
996 4034 1191 4085 Albano

186 4098 721 4213 fflgiffggfffi
741 4098 1190 4225 &affl

193 4217 385 4291 Niebhr.
416 4225 451 4276 i.
484 4242 534 4289 p.
566 4240 679 4277 200.
746 4226 895 4283 Quae
926 4227 989 4276 de
1023 4242 1190 4275 earum

192 4284 481 4339 institutione
516 4290 668 4340 habet
700 4290 851 4340 Dion.
888 4289 953 4339 ir.
990 4288 1064 4339 26.
1098 4289 1189 4338 mi-

192 4346 314 4399 nime
336 4354 509 4416 probat
531 4353 739 4405 Niebbr.
762 4354 848 4417 qui
868 4353 1190 4416 Tarquinium

1240 2886 1335 2935 hoc
1368 2885 1586 2936 effecisse
1616 2894 1778 2950 putat,
1809 2894 1866 2937 ut
1895 2892 2027 2952 quod
2061 2890 2260 2943 Latino-

1242 2952 2261 3081 Ξῗὲιέοιῗέὲζῗιῗωῗέῗιῗεὲῑῖᾯυὲῗῗὶ

1246 3078 1586 3127 Romanorum
1607 3079 1658 3127 in
1681 3086 1929 3141 posterum
1951 3088 2090 3133 esset.
2151 3086 2262 3133 Has

1246 3142 1391 3191 serias
1433 3157 1523 3204 per
1561 3158 1647 3191 sex
1692 3144 1797 3193 dies
1839 3147 2071 3195 celebrari
2116 3149 2262 3197 docet

1246 3206 1423 3255 Festus
1454 3222 1498 3253 v.
1534 3208 1784 3266 oxellum,
1821 3213 1873 3256 et
1910 3210 2166 3259 Scholiast.
2209 3212 2262 3259 in

1245 3268 1354 3319 eie.
1386 3284 1477 3331 pro
1513 3269 1684 3319 Plane.
1707 3284 1765 3345 9.
1799 3276 1866 3332 et,
1898 3273 2016 3321 dum
2051 3274 2261 3323 celebra-

1246 3338 1431 3392 rentur,
1442 3332 1507 3380 ab
1523 3332 1657 3381 omni
1674 3348 1722 3381 vi
1738 3348 1796 3381 ae
1819 3335 1950 3385 bello
1971 3339 2264 3398 cessabatur,

1248 3410 1410 3457 neque
1448 3395 1580 3444 enim
1619 3398 1843 3446 consules
1877 3400 2093 3449 Romani
2129 3403 2264 3464 prius

1246 3459 2203 3579 ...mesenum
2114 3481 2266 3581 que

1314 3585 1345 3637 6
1368 3588 1675 3651 Omepffsae]
1703 3588 1874 3640 Feriae
1891 3591 2100 3643 Latinae
2116 3610 2149 3643 a
2161 3610 2264 3645 ma-

1250 3650 1530 3717 gistratibus
1551 3654 1630 3701 vel
1658 3668 1691 3702 a
1719 3656 2051 3706 sacerdotibus
2071 3660 2266 3723 proprie

1252 3716 1540 3765 dicebantur
1569 3719 1774 3780 concipi,
1792 3724 1851 3768 ut
1883 3736 2009 3783 quae
2029 3726 2265 3786 concepti—

1251 3796 1343 3830 vae
1376 3785 1572 3839 essent3
1614 3796 1714 3830 non
1751 3782 1880 3832 enim
1916 3788 2060 3835 statis
2096 3787 2267 3838 diebus

1252 3845 1536 3907 agebantur,
1565 3850 1622 3893 ut
1652 3845 1802 3896 feriae
1831 3863 1956 3909 quae
1981 3857 2139 3901 statae
2167 3852 2268 3899 sive

1252 3910 1459 3959 stativae
1474 3908 1720 3970 dicuntur,
1735 3912 1820 3961 sed
1842 3912 1918 3973 iis,
1938 3913 1989 3961 in
2012 3930 2135 3977 quos
2155 3929 2267 3962 con-

1253 3972 1385 4021 sules
1404 3973 1666 4035 quotannis
1698 3974 1850 4025 libero
1875 3977 2071 4025 arbitrio
2093 3992 2175 4025 eas
2194 3978 2266 4024 in-

1254 4036 1507 4087 dixissent.
1547 4036 1784 4088 Similiter
1812 4042 2133 4099 smmivae,
2165 4042 2264 4087 Pa-

1249 4102 1474 4163 ραηαδα,
1507 4102 1620 4151 Gom
1664 4105 1816 4162 ‘tal-'cu
1847 4103 1995 4151 feriae
2031 4104 2265 4163 concepti-

1252 4180 1345 4215 υασ
1366 4170 1520 4214 erant.
1545 4166 1607 4213 cf.
1691 4167 1851 4214 acrob.
1875 4166 2117 4214 Satur-nal.
2133 4164 2164 4212 i.
2194 4160 2266 4211 16.

1323 4238 1349 4289 7
1383 4222 1488 4277 Pro
1507 4231 1584 4288 se]
1621 4229 1739 4287 Vel,
1757 4227 1972 4289 ipsorum
1995 4227 2140 4284 10003
2175 4226 2269 4284 vel,

1254 4306 1345 4353 pro
1365 4296 1586 4349 externa,
1605 4290 1659 4339 in
1680 4306 1778 4353 qua
1805 4289 1899 4350 ipsi
1928 4288 2069 4351 positi
2093 4294 2271 4346 essent,

1256 4354 1551 4403 conditione.
1587 4354 1752 4402 Dona.

1809 4416 1923 4473 x2

2365 704 2464 769 17.
