3000 4784
357 338 428 391 U.

355 406 418 455 Δ.

449 338 564 402 (3.3

452 404 566 465 (3.3

496 1359 556 1419 9.

683 202 810 265 298
1457 192 1683 261 ΤῙΤΙ
1741 190 2017 261 LIVII

569 352 650 401 ⁵3·
684 339 1072 415 oppugnata,
1114 338 1440 415 superatas
1475 327 1885 405 munitiones,
1916 326 2239 413 utrimque
2275 324 2501 393 invehi
2535 322 2809 393 hostem

568 417 647 468 99·
683 414 1104 491 nuntiaretur,
1136 414 1208 477 in
1249 412 1440 479 armis
1467 413 1703 479 milites
1748 414 1989 479 tenuit:
2036 413 2093 477 si
2130 435 2292 500 opus
2317 413 2489 478 foret
2528 411 2811 489 auxilio,

685 500 996 587 collegam
1043 499 1343 565 dictitans
1393 498 1480 565 ad
1530 522 1597 565 se
1644 500 2003 565 missurum.
2097 498 2313 565 Huius
2364 499 2811 585 arrogantiam

683 587 1033 675 pertinacia
1061 586 1318 651 alterius
1339 586 1687 673 aequabat3
1736 586 1868 673 qui,
1892 610 1976 651 ne
2002 608 2194 673 quam
2216 608 2406 673 opem
2430 586 2513 651 ab
2530 585 2811 649 inimico

685 673 1009 737 videretur
1131 673 1296 750 tisse,
1330 672 1498 737 vinci
1528 673 1609 736 ab
1644 673 1847 749 hoste,
1928 696 2074 737 uam
2103 673 2355 737 vincere
2399 694 2521 760 per
2562 672 2809 746 civem,

686 759 927 845 maluit.
1091 760 1156 823 iu
1207 760 1278 823 in
1329 759 1545 823 medio
1595 760 1760 823 caesi
1876 759 2073 823 '‘tes:
2137 770 2479 845 postrem0,
2525 757 2810 823 desertis

687 846 1168 922 munitionibus,
1271 846 1492 932 rpauci
1522 844 1593 909 in
1621 846 1861 909 maiora
1878 857 2101 922 castra,
2298 844 2581 909 maxima
2598 857 2811 931 atque

687 932 822 1018 ipse
879 930 1135 1019 Sergius
1189 868 1474 996 {gemam
1614 930 2009 997 rtenderunt.
2104 866 2270 997 ffis
2283 954 2487 1017 quum
2534 949 2811 994 omnem

687 1017 942 1105 culpam
982 1019 1050 1083 in
1079 1018 1388 1105 collegam
1427 1018 1534 1081 inc
1563 1018 1783 1094 haret,
1816 1018 2006 1083 acciri
2036 1017 2405 1119 Virginium
2438 1040 2527 1081 ex
2554 1016 2807 1092 castris,

687 1105 934 1169 interea
959 1128 1249 1193 praeesse
1273 1104 1515 1203 legatos
1540 1103 1797 1191 placuit.
1891 1104 2062 1169 Acta
2081 1103 2317 1169 demde
2339 1104 2408 1167 in
2438 1116 2677 1169 senatu
2708 1124 2808 1165 res

691 1204 807 1268 est,
853 1204 1292 1277 certatumque
1339 1204 1509 1255 inter
1552 1190 1825 1278 collegas
1870 1190 2240 1255 maledictis.
2332 1190 2539 1255 Pauci
2582 1189 2859 1275 reipu·4

691 1276 916 1355 blicae,
937 1278 1086 1342 huic
1105 1290 1296 1364 atque
1315 1277 1428 1353 illi,
1440 1288 1515 1341 ut
1580 1299 1821 1363 uosque
1846 1277 2129 1341 studium
2148 1276 2445 1364 privatim
2462 1289 2579 1341 aut
2592 1275 2807 1363 gratia

693 1377 1180 1465 occupaverunt,
1221 1364 1472 1429 adsunt.
1532 1300 1885 1428 qPrimores
1927 1364 2213 1441 Petrum,
2253 1364 2385 1429 sive
2429 1362 2627 1449 culpa
2672 1362 2805 1427 sive

364 1442 450 1491 '1³¹’-
465 1441 576 1490 Mil.
591 1457 676 1490 ⁸¹¹·
693 1450 1060 1516 infehcltate
1107 1451 1562 1537 imperatorum
1608 1462 1739 1513 tam
1790 1450 2213 1536 ignominiosa
2262 1450 2476 1514 clades
2534 1462 2806 1535 accepta

364 1512 416 1553 te
437 1512 636 1567 tempus

363 1584 418 1617 se
439 1569 666 1618 abdicare
693 1550 877 1613 esset,
915 1559 1237 1613 censuere,
1287 1546 1306 1575 ⁶
1332 1535 1487 1601 Non
1534 1536 2039 1622 exspectandum
2088 1536 2329 1601 iustum
2381 1548 2645 1623 tempus
2694 1554 2851 1603 ‹zo-5

365 1640 618 1695 eoguntur.
697 1632 716 1661 ‘
733 1623 1075 1699 mitiorum,
1107 1622 1221 1687 sed
1259 1622 1587 1709 extemplo
1624 1644 1822 1687 novos
1853 1623 2141 1687 tribunos
2180 1622 2455 1687 militum
2484 1622 2807 1685 creandos

695 1717 881 1785 ‘esse,
901 1708 1016 1794 qui
1038 1708 1352 1781 Kalendis
1373 1708 1762 1775 Octobribus
1780 1708 2217 1795 magistratum
2236 1708 2647 1795 occipere-nt?
2724 1707 2805 1773 In

692 1816 884 1880 quam
895 1794 1278 1859 sententiam
1296 1817 1498 1880 quum
1517 1794 1789 1881 pedibus
1805 1794 2022 1871 iretur,
2042 1796 2239 1861 ceteri
2258 1795 2498 1859 tribuni
2516 1794 2803 1859 militum
2818 1804 2857 1854 6

691 1878 856 1943 nihil
911 1879 1362 1945 contradicere.
1458 1881 1553 1945 At
1610 1879 1934 1946 enimvero
1996 1880 2255 1967 Sergius
2311 1880 2801 1981 Virginiusque,

692 1976 953 2052 propter
999 1988 1160 2051 quos
1205 1966 1535 2052 poenitere
1584 1968 2065 2052 magistratuum
2116 1968 2257 2031 eius
2300 1989 2454 2031 anm
2498 1980 2801 2031 senatum

695 2052 1056 2138 apparebat,
1080 2052 1288 2140 primo
1315 2052 1645 2139 deprecari
1676 2054 2113 2139 ignominiam,
2132 2052 2369 2119 deinde
2398 2053 2801 2119 intercedere

695 2138 1266 2204 senatusconsulto:
1311 2161 1564 2225 negare,
1584 2163 1651 2205 se
1668 2152 1818 2205 ante
1838 2138 1993 2203 Idus
2012 2139 2421 2215 Decembres,
2440 2136 2801 2205 sollennem
2824 2156 2853 2207 7

697 2224 994 2289 ineundis
1033 2225 1500 2313 magistratibus
1544 2226 1736 2303 diem,
1777 2226 2019 2292 honore
2058 2226 2339 2291 abituros
2374 2248 2525 2291 esse.
2618 2224 2803 2291 Inter

697 2310 854 2375 haec
885 2311 1125 2376 tribuni
1151 2310 1374 2411 plebis,
1405 2334 1609 2412 quum
1638 2312 1708 2375 in
1742 2312 2085 2377 concordia
2110 2312 2446 2377 hominum
2470 2311 2801 2377 secundis-

697 2420 824 2483 que
842 2398 1030 2461 rebus
1045 2398 1318 2463 civitatis
1335 2399 1520 2463 inviti
1536 2397 1861 2463 silentium
1880 2398 2249 2476 tenuissent,
2267 2399 2511 2465 feroces
2530 2410 2799 2486 repente

697 2482 926 2547 minari
965 2484 1236 2550 tribunis
1263 2484 1561 2563 militum,
1592 2484 1715 2549 nisi
1746 2484 1816 2549 in
1854 2485 2231 2550 auctoritate
2266 2496 2523 2551 senatus
2560 2498 2797 2562 essent,

695 2592 764 2634 se
808 2569 878 2633 in
921 2570 1176 2635 vincula
1225 2594 1336 2637 eos
1377 2570 1532 2635 duci
1580 2570 1858 2637 iussuros
1900 2592 2054 2637 esse.
2158 2570 2332 2637 Tum
2384 2570 2461 2635 C.
2492 2569 2801 2639 Servilius

695 2654 910 2721 Ahala
954 2657 1246 2721 tribunus
1291 2656 1602 2722 militum:
1661 2664 1682 2695 ‘
1708 2654 1906 2731 Quod
1956 2656 2039 2723 ad
2090 2679 2201 2723 vos
2258 2658 2507 2735 attinet,
2556 2657 2797 2723 tribuni

699 2749 720 2779 ‘
740 2741 962 2828 plebis,
973 2742 1076 2807 —m‘
1243 2766 1324 2807 ue
1353 2756 1610 2820 vestras,
1641 2766 1761 2808 nae
1792 2766 1913 2829 ego
1942 2742 2215 2809 libenter
2236 2744 2577 2844 experirer,
2600 2766 2795 2830 quam

699 2836 872 2891 ‘non
915 2826 1059 2912 plus
1101 2829 1173 2891 in
1265 2829 1278 2842 “
1357 2829 1529 2905 iuris,
1572 2852 1766 2916 quam
1808 2829 1879 2892 in
1923 2829 2100 2895 vobis
2142 2830 2358 2907 animl,
2390 2841 2569 2895 esset.
2662 2829 2846 2896 Sede

700 2920 721 2948 ‘
741 2910 916 2975 nefas
945 2924 1042 2975 est
1071 2912 1334 2978 tendere
1364 2915 1661 2979 adversus
1689 2917 2129 2981 auctoritatem
2150 2929 2422 2981 senatus
2514 2916 2793 2983 Proinde

701 3005 721 3035 ‘
743 3008 810 3061 et
829 3018 940 3061 vos
969 2997 1240 3063 desinite
1263 3000 1432 3065 inter
1453 3014 1671 3067 nostra
1696 3002 2047 3069 certamina
2060 3001 2275 3069 locum
2302 3002 2571 3069 iniuriae
2600 3024 2795 3089 quae·

699 3223 1715 3351 mtlfflffiffifgeussffiafffflffl
1780 3228 2791 3351 3333150325332230553’020ffi

697 3350 920 3413 plerique
953 3351 1070 3399 huic
1097 3358 1246 3413 atque
1268 3352 1343 3402 illi
1365 3352 1551 3413 favent,
1572 3358 1718 3415 prout
1783 3354 2015 3403 ciendum
2038 3360 2155 3405 erat.

699 3428 946 3475 quemque
965 3430 1236 3478 propensus
1254 3416 1306 3463 in
1327 3416 1460 3464 hunc
1478 3416 1717 3465 velillum
1847 3416 1879 3468 6
1911 3420 2128 3468 Pedibus
2159 3421 2343 3481 iretur]
2404 3418 2457 3467 Is
2488 3424 2674 3467 senator
2706 3435 2787 3481 pe-

698 3476 929 3539 privatim
951 3494 1088 3527 amor
1107 3484 1194 3527 aut
1215 3480 1370 3543 gratia
1391 3494 1717 3542 praeoccuper
1783 3481 1927 3530 dibus
1947 3482 2051 3531 ibat
2070 3483 2121 3531 in
2142 3482 2361 3544 aliquam
2382 3484 2683 3542 sententiam,
2704 3485 2785 3545 qui

699 3548 891 3593 verunt.
928 3542 1089 3592 cmv.
1782 3560 1881 3595 non
1916 3560 2035 3597 voce
2066 3551 2155 3595 aut
2191 3546 2411 3597 oratione
2440 3546 2561 3607 quid
2596 3548 2787 3597 sentiret

765 3618 794 3667 5
828 3608 948 3655 Non
979 3608 1356 3669 exspectandum
1387 3609 1573 3657 iustum
1604 3614 1718 3657 ἐσπι-
1784 3610 2081 3671 exponebat,
2122 3610 2208 3659 sed
2254 3610 2359 3659 solo
2512 3626 2598 3659 um
2636 3616 2785 3671 motu,

692 3684 792 3731 pus
825 3671 1148 3731 comitiorum]
1197 3672 1385 3734 Magna
1421 3672 1474 3721 in
1511 3671 1606 3721 hoc
1644 3686 1715 3720 se-
1783 3675 2079 3722 transeundo
2116 3674 2303 3723 scilicet
2338 3674 2391 3723 in
2532 3690 2559 3721 c
2594 3672 2784 3725 illamve

699 3733 1070 3781 natusconsulto
1107 3749 1184 3782 res
1220 3736 1482 3797 agebatur:
1532 3736 1717 3810 quippe
1785 3742 1991 3800 partem.
2025 3738 2187 3787 Cam.
2242 3738 2379 3787 Hinc
2396 3738 2589 3801 pedarii
2606 3746 2783 3789 mdo-

700 3794 940 3843 hactenus
993 3796 1192 3845 comitia
1245 3798 1551 3848 tribunorum
1612 3800 1717 3849 mil.
1781 3816 1875 3861 ros,
1896 3816 1977 3863 ap.
2000 3801 2063 3850 A.
2088 3800 2223 3851 Gell.
2243 3801 2312 3851 iii.
2342 3802 2414 3851 18.

703 3874 832 3911 cons.
867 3864 1108 3921 potestate
1141 3866 1190 3909 et
1223 3862 1529 3911 tribunorum
1560 3863 1719 3925 plebis
1846 3875 1876 3977 g
1908 3866 2032 3913 Idus
2046 3866 2358 3926 Decembres]
2394 3864 2455 3915 cf.
2478 3864 2617 3927 Supr.
2632 3865 2687 3915 iv.
2708 3880 2785 3931 37.

701 3922 1020 3971 creandorum
1035 3923 1253 3983 non‚nisi
1265 3940 1396 3973 anno
1409 3926 1718 3989 magistratus
1908 3930 2027 3977 Non
2043 3930 2161 3991 plus
2182 3932 2237 3977 in
2258 3930 2335 3979 hio
2352 3930 2479 3978 iuris
2540 3945 2605 3978 sc.
2623 3930 2679 3978 In
2694 3932 2783 3981 mi-

701 3986 1015 4046 circumacto,
1037 3987 1206 4037 habita
1231 3994 1362 4049 sunt,
1377 3996 1426 4039 et
1441 4006 1593 4053 quum
1611 4005 1717 4038 mu·
1781 3990 1859 4039 nis
1881 3992 2062 4041 vestris.
2098 3992 2159 4041 οἱ
2182 4008 2315 4055 supr.
2337 3992 2400 4043 iv.
2425 4008 2451 4041 α
2488 4028 2501 4041 .
2524 3992 2609 4041 ubi
2628 3994 2784 4055 verba,

699 4066 816 4100 nere
855 4066 942 4099 suo
985 4051 1168 4100 tribuni
1206 4052 1364 4115 plebis
1401 4054 1547 4103 tertio
1582 4054 1718 4117 prius
1779 4056 2015 4119 siquidem
2058 4058 2161 4119 0095
2200 4058 2271 4105 ali
2340 4058 2393 4105 id
2426 4073 2523 4119 pro
2558 4064 2784 4119 potestate

699 4114 780 4165 die
801 4130 950 4189 quam
970 4114 1154 4164 tribuni
1176 4116 1280 4165 mil.
1298 4117 1519 4167 defuncti
1541 4124 1719 4191 essent,
1780 4120 1843 4169 ab
1885 4120 2081 4168 tribuno
2130 4073 2364 4181 cor-0²12,
2405 4128 2455 4171 et
2496 4122 2553 4168 in
2594 4122 2782 4173 vinem

699 4180 984 4229 candidatos
1005 4192 1094 4243 pro
1115 4180 1210 4229 hoc
1231 4180 1519 4243 magistratu
1550 4186 1715 4229 statim
1779 4184 1925 4233 etiam
1970 4184 2085 4231 duci
2132 4190 2347 4247 possent,
2390 4199 2505 4235 cum
2548 4184 2639 4233 hoc
2676 4185 2781 4237 loco

697 4256 1076 4367 mm&
1097 4246 1504 4357 fflrss’oeiffl
1524 4245 1719 4357 322³?
1780 4262 1998 4311 ''⁰⁸⁰²“
2021 4246 2260 4297 ΜΝ·
