3000 4784
656 222 785 285 260
1422 210 1652 276 TITI
1705 209 1978 275 LIVII

334 360 403 411 U.
426 359 487 409 C.
512 371 621 422 3²9·
660 373 695 418 e
744 352 861 429 uis,
885 350 1180 437 imperat:
1228 348 1346 413 eti
1481 347 1798 447 princep3‚
1825 346 2172 411 calcaribus
2193 346 2466 413 subditis
2487 358 2754 422 evectuS,

329 425 395 475 A.
428 425 487 476 c·
512 436 621 485 423-
660 464 697 505 e
815 460 902 501 no
931 459 1100 523 equo
1128 436 1199 499 in
1229 457 1331 499 me
1379 435 1472 498 ios
1494 456 1678 520 ignes
1705 432 2006 498 infertur:
2055 446 2124 497 et
2151 433 2258 499 alii
2288 434 2590 499 concitati
2609 434 2764 519 equi

660 524 861 591 libero
919 544 1109 587 cursu
1166 521 1381 587 ferunt
1439 520 1723 607 equitem
1782 520 1852 583 in
1903 519 2169 585 hostem.
2263 520 2486 585 Pulvis
2541 520 2769 596 elatum,

661 612 1027 695 mixtusque
1084 608 1280 685 fumo,
1333 607 1546 673 lucem
1605 628 1687 671 ex
1737 606 1936 671 oculis
1983 606 2262 671 virorum
2405 628 2772 693 uotumque

662 697 884 763 aufert.
978 694 1093 771 Ea,
1140 716 1303 780 quae
1350 692 1620 758 militem
1666 704 1996 769 terruerat,
2041 693 2282 779 species
2319 629 2490 757 ‘dibu
2542 693 2774 759 terruit

664 805 881 870 equos·
974 780 1228 845 Ruinae
1268 780 1466 867 igitur
1502 778 1772 843 similem
1813 791 2090 865 stragem
2212 802 2346 856 ueS,
2377 801 2774 866 quacunque

664 880 1041 958 pervaserat,
1100 866 1298 931 dedit.
1422 864 1684 929 Clamor
1739 863 1975 930 deiude
2044 866 2178 930 aeci
2229 866 2277 930 't
2333 889 2576 931 novus:
2659 864 2774 952 qui

665 978 865 1043 quum
896 968 1231 1039 utramque
1262 950 1702 1017 mirabundam
1732 952 1802 1016 in
1831 974 1900 1015 se
1929 950 2131 1017 aciem
2161 953 2468 1030 vertisset,
2495 952 2778 1017 dictator

664 1041 995 1119 exclamat,
1046 1050 1065 1080 ‘
1088 1039 1467 1115 Quinctium
1514 1038 1794 1125 legatum
1851 1051 1916 1103 et
1963 1060 2110 1103 suos
2159 1038 2240 1103 ab
2287 1052 2466 1125 tergo
2516 1039 2778 1104 hostem

668 1137 687 1167 ‘
704 1128 955 1195 adortos
972 1130 1010 1193 :’
1060 1128 1218 1214 ipse,
1264 1125 1513 1189 redinte
1557 1138 1692 1189 rato
1735 1123 2031 1202 clamore,
2075 1124 2268 1189 infert
2313 1125 2520 1189 acrius
2603 1126 2620 1139 ⁸
2719 1148 2774 1189 a.

340 1221 623 1296 vit-:cuntur
671 1215 895 1291 Quum
924 1215 1089 1279 duae
1118 1214 1305 1288 acies,
1336 1212 1467 1276 duo
1543 1211 1746 1275 iversa
1782 1209 2042 1297 proelia,
2074 1211 2542 1277 circumventos
2565 1148 2778 1277 {gunu-

340 1287 649 1400 ἕξέξξὲξὲξ*
666 1324 804 1367 scos
832 1313 901 1367 et
928 1324 967 1365 a
992 1301 1199 1366 fronte
1230 1311 1299 1364 et
1326 1299 1407 1363 ab
1436 1310 1616 1383 tergo
1645 1312 1966 1383 uigerent,
1999 1320 2082 1361 ne
2129 1320 2210 1363 ue
2241 1298 2312 1361 in
2339 1310 2547 1363 castra
2573 1312 2776 1374 retro,

606 1385 619 1399 “
664 1411 877 1476 neque
902 1388 971 1452 in
1000 1398 1267 1463 monteS‚
1299 1384 1471 1449 unde
1500 1406 1570 1448 se
1597 1405 1802 1449 novus
1829 1382 2028 1448 hostis
2057 1406 2096 1448 o
2140 1384 2395 1463 iecerat,
2426 1385 2553 1449 iter

666 1486 849 1552 esset,
882 1486 949 1541 et
982 1473 1267 1560 equitem
1294 1470 1528 1557 passim
1557 1469 1740 1534 liberi
1767 1469 1963 1535 fienis
1997 1470 2390 1537 distulissent
2427 1472 2606 1558 equi,
2643 1470 2780 1535 Ve-

664 1561 937 1627 ientium
980 1558 1258 1623 maxima
1300 1580 1443 1644 pars
1488 1556 1776 1621 Tiberim
1821 1556 2006 1621 effusi
2048 1569 2311 1643 petunt:
2361 1557 2780 1623 Fidenatium

712 1647 781 1710 ui
808 1657 1167 1733 supersunt,
1199 1644 1281 1708 ad
1322 1643 1546 1708 urbem
1576 1642 1850 1707 Fidenas
1880 1642 2173 1708 tendunt.
2265 1643 2465 1708 Infert
2478 1644 2781 1795 ¹¹plavidos

665 1670 819 1818 alga
855 1733 924 1795 in
968 1730 1245 1795 mediam
1288 1729 1583 1794 caedem:
1633 1728 2090 1795 obtruncantur
2131 1728 2200 1793 in
2243 1729 2430 1817 ripis:
2543 1731 2662 1809 ‘0s,
2707 1732 2780 1794 in

667 1840 899 1903 aquam
928 1838 1070 1881 com
1116 1816 1303 1892 ulsos,
1333 1816 1615 1901 gurgites
1643 1814 1890 1881 ferunt:
1939 1815 2132 1881 etiam
2161 1816 2398 1903 peritos
2419 1816 2626 1881 nandi
2653 1816 2782 1883 las—

669 1903 883 1969 situdo
912 1916 979 1968 et
1006 1926 1093 1967 vu
1162 1924 1272 1967 era
1298 1914 1364 1966 et
1402 1922 1598 1987 pavor
1627 1900 2010 1988 degravant3
2055 1902 2244 1989 pauci
2273 1926 2356 1968 ex
2397 1902 2619 1969 multis
2650 1915 2781 1969 tra-

668 2002 843 2055 nant.
919 1988 1220 2053 Alterum
1250 2010 1479 2075 agmen
1508 1987 1708 2053 fertur
1734 2010 1852 2075 per
1871 2001 2075 2053 castra
2100 1988 2171 2052 in
2201 1990 2443 2055 urbem.
2523 1988 2778 2055 Eadem

672 2088 739 2143 et
768 2074 1095 2141 Romanos
1124 2087 1463 2163 sequentes
1490 2075 1769 2161 impetus
1797 2074 1994 2161 rapit:
2049 2074 2428 2149 Quinctium
2469 2077 2776 2155 maxime,

394 2243 399 2249 ,
670 2176 738 2229 et
764 2186 915 2228 cum
953 2186 1033 2229 eo
1062 2162 1391 2249 degressos
1433 2160 1626 2227 modo
1653 2161 1737 2225 de
1779 2161 2122 2239 montibuS,
2152 2162 2664 2227 recentissimum
2695 2164 2779 2229 ad

447 2254 554 2314 34.
670 2249 953 2317 laborem
1022 2248 1309 2325 militem,
1369 2248 1524 2333 quia
1579 2246 1806 2314 ultimo
1871 2246 2114 2347 proelio
2172 2248 2533 2315 advenerat.
2661 2248 2777 2327 Hi,

344 2337 537 2400 Captae
560 2335 640 2385 Fi-
858 2358 1007 2401 uam
1046 2335 1228 2399 mixti
1270 2334 1558 2399 hostibus
1595 2346 1846 2434 portam
1881 2347 2216 2412 intravere,
2253 2335 2324 2398 in
2363 2357 2579 2400 muros
2627 2360 2778 2403 eva-

343 2402 515 2451 denae.
668 2359 869 2499 Eunu
914 2423 1172 2509 suisque
1202 2421 1368 2508 capti
1392 2443 1476 2507 op
1523 2420 1614 2484 id1
1643 2422 1898 2506 signum
1927 2444 2010 2485 ex
2032 2442 2218 2486 muro
2237 2420 2489 2487 tollunt.
2573 2422 2777 2497 Quod

670 2510 783 2575 ubi
812 2508 1083 2575 dictator
1098 2508 1449 2595 conspexit,
1505 2508 1632 2571 iam
1661 2507 1836 2571 enim
1863 2519 1931 2571 et
1960 2507 2190 2593 ipsein
2219 2507 2470 2573 deserta
2489 2508 2776 2575 hostium

671 2610 875 2661 castra
902 2594 1395 2683 penetraveras)
1417 2593 1784 2680 cupientem
1812 2592 2082 2658 militem
2105 2594 2456 2661 discurrere
2475 2595 2560 2660 ad
2589 2618 2776 2682 prae-

671 2682 841 2760 dam,
872 2705 984 2769 spe
1012 2682 1249 2747 iniecta
1274 2679 1530 2746 maioris
1546 2679 1616 2743 in
1645 2679 1802 2744 urbe
1830 2678 2126 2766 praedae,
2157 2680 2240 2745 ad
2268 2693 2518 2767 portam
2545 2682 2772 2761 ducit3

672 2780 1093 2867 receptusque
1134 2767 1303 2833 intra
1336 2788 1570 2844 muros,
1608 2766 1678 2829 in
1721 2787 1950 2842 arcem,
1989 2788 2120 2851 quo
2163 2788 2348 2831 ruere
2388 2767 2772 2854 fugientium

672 2855 923 2922 turbam
962 2851 1237 2939 valebat,
1266 2853 1491 2939 pergit.
1587 2851 1732 2917 Nec
1767 2852 1976 2921 minor
2001 2852 2230 2917 caedes
2262 2853 2331 2919 in
2367 2855 2546 2931 urbe,
2578 2877 2772 2942 quam

671 2939 743 3005 in
776 2938 1038 3025 proelio,
1068 2938 1225 3013 fuit3
1272 2937 1499 3015 donec,
1542 2937 1804 3003 abiectis
1845 2937 2052 3017 armis,
2085 2938 2246 3003 nihil
2283 2956 2538 3027 praeter
2573 2942 2770 3007 vitam

758 3036 983 3101 tentes,
1013 3023 1307 3089 dictatori
1346 3023 1690 3089 deduntur.
1784 3024 1957 3091 Urbs
1995 3038 2326 3113 castraque
2362 3026 2766 3114 diripiuntur.

731 3122 937 3177 ostero
960 3110 1065 3177 die
1092 3109 1357 3197 singulis
1378 3110 1643 3211 captivis
1672 3111 1752 3175 ab
1779 3112 1998 3199 equite
2022 3112 2106 3177 ad
2135 3113 2578 3196 centurionem
2605 3128 2768 3182 sorte

674 3197 901 3275 ductiS‚
943 3210 1029 3276 et,
1107 3218 1332 3262 uorum
1367 3197 1606 3263 exlmia
1640 3196 1840 3262 virtus
1877 3198 2101 3277 fixerat,
2130 3200 2321 3275 binis,
2350 3200 2490 3265 aliis
2517 3201 2638 3266 sub
2665 3225 2768 3267 co-

672 3308 831 3351 rona
858 3307 1073 3351 venun
1118 3284 1257 3362 atis,
1288 3283 1636 3349 exercitum
1667 3284 1976 3349 victorem
2003 3284 2512 3373 opulentumque
2533 3288 2768 3373 praeda

672 3371 1073 3458 triumphans
1118 3371 1389 3437 dictator
1438 3370 1714 3437 Romam
1765 3370 2063 3436 reduxit:
2127 3372 2426 3460 iussoque
2471 3374 2766 3461 magistro

670 3458 963 3545 equitum
1008 3456 1299 3523 abdicare
1350 3479 1417 3523 se
1468 3456 1856 3544 magistratu,
1900 3457 2038 3544 ipse
2080 3456 2316 3523 deinde
2361 3458 2618 3525 abdicat
2665 3460 2763 3526 die

672 3556 854 3611 sexto
883 3543 1153 3621 decimo,
1184 3543 1437 3609 reddito
1467 3543 1536 3607 in
1565 3564 1723 3630 pace
1753 3543 2042 3631 imperio,
2075 3544 2252 3632 quod
2279 3544 2348 3609 in
2377 3546 2548 3611 bello
2579 3548 2765 3634 trepi-

672 3630 899 3781 disgue
927 3630 1117 3696 rebus
1144 3643 1489 3718 acceperat.

343 3726 593 3778 classibus
824 3716 971 3781 lassi
1018 3738 1275 3803 quoque
1322 3716 1407 3781 ad
1453 3715 1726 3781 Fidenas
1771 3728 2130 3803 pugnatum
2171 3740 2320 3784 cum
2364 3718 2758 3799 Veientibus,
2777 3730 2805 3780 8

344 3806 415 3906 ᾗ*
468 3797 653 3907 33²3&
718 3802 934 3867 uidam
962 3801 1221 3867 annales
1249 3802 1550 3868 retulere:
1598 3824 1732 3867 rem
1763 3826 1964 3890 aeque
1995 3804 2319 3869 difficilem
2340 3818 2536 3893 atque
2565 3807 2760 3872 incre-

721 3889 954 3966 'bilem,
985 3910 1109 3953 nec
1137 3911 1311 3953 nunc
1327 3888 1456 3954 lato
1476 3888 1626 3954 satis
1655 3888 1738 3953 ad
1759 3889 1881 3955 hoc
1903 3912 2090 3955 amne
2109 3914 2127 3967 3
2174 3904 2240 3956 et
2262 3905 2401 3957 tum
2423 3892 2756 3980 aliquanto,

671 3987 745 4041 ut
771 3998 812 4042 a
836 3974 1157 4041 veteribus
1186 3976 1564 4064 accepimus,
1596 3975 1859 4041 artiore:
1907 3975 2032 4041 nisi
2060 3976 2126 4042 in
2160 3978 2429 4043 traiectu
2457 3978 2618 4043 forte
2645 3980 2756 4044 fiu-

741 4154 773 4203 8
814 4153 971 4203 Claui
1007 4166 1196 4216 quoquc
1374 4152 1681 4214 mmmm]
1739 4154 2311 4215 procindacaptaesse.
2371 4152 2757 4215 Quippeolana

670 4216 909 4267 Ridicula
930 4231 1057 4278 pene
1076 4214 1201 4263 haec
1221 4214 1528 4276 disceptatio,
1543 4214 1684 4275 quip-
1742 4218 2000 4277 procincta
2041 4216 2218 4265 dicitur
2257 4234 2339 4280 ap.
2384 4218 2514 4266 Fest.
2556 4216 2609 4265 in
2647 4233 2754 4268 voce

670 4293 735 4340 pe
764 4278 818 4327 in
844 4279 1086 4328 ratu-ibus
1104 4278 1364 4327 annalibus
1382 4277 1516 4325 haud
1537 4276 1685 4327 dubie
1748 4280 2032 4340 Prcoinota,
2063 4288 2116 4329 et
2147 4297 2227 4343 ap.
2251 4282 2313 4333 Δ.
2337 4281 2470 4331 Gon.
2503 4279 2538 4331 i.
2571 4296 2642 4331 11.
2673 4298 2751 4345 pto

670 4340 905 4402 scriptum
938 4347 1059 4401 erat,
1080 4340 1239 4402 spolia
1259 4340 1512 4389 Tolumnii
1532 4340 1684 4392 clauo
1747 4344 1854 4392 ασίο
1874 4344 2132 4395 instructa.
2167 4345 2230 4395 cf.
2251 4360 2381 4409 supr.
2405 4359 2482 4395 ιο.
