3000 4784
662 208 794 271 494
1444 204 1674 272 TITI
1732 204 2007 273 L1V11
2891 2 2949 290 ἲ

514 362 628 475 222:
665 338 2790 519 wmfflmmffmffffms

340 349 408 399 U.
432 348 491 399 C.

338 416 399 463 A.
432 415 493 463 C.

444 1043 545 1105 37.

340 1127 411 1177 U.
432 1128 493 1177 C.
518 1140 628 1188 431.

338 1192 402 1241 A.
436 1192 495 1241 C.
522 1204 629 1252 5¹2¹·

338 1256 399 1305 C.
414 1254 635 1317 Sulpicio

340 1320 417 1369 11.
442 1320 509 1375 Q·
525 1320 619 1367 Ae-

336 1382 475 1433 milio
497 1384 633 1433 eoas.

338 3112 589 3163 Iudicium

336 3179 401 3226 de
422 3178 608 3227 Tuscu-

336 3241 477 3291 lanis.

710 516 935 593 ublica,
1014 538 1160 581 uam
1202 516 1520 602 privatum
1563 515 2036 602 compendium,
2067 516 2138 578 in
2179 515 2431 580 hostem
2479 516 2784 579 acuebat.
2807 538 2826 571 1
2976 588 2978 595 Ι

663 538 791 666 {Iis
824 601 991 665 cladi
1036 624 1111 666 us
1150 602 1393 667 subacti
1438 601 1754 667 Samnites
1801 624 2024 688 pacem
2059 624 2098 666 a
2131 601 2442 666 dictatore
2481 602 2744 689 petiere
2767 624 2786 663 τ
2976 606 2978 611 ’

663 710 811 753 cum
841 710 973 774 quo
1001 688 1190 775 pacti,
1221 700 1297 751 ut
1324 687 1575 775 singula
1601 688 1980 752 vestimenta
2016 688 2340 765 militibus,
2373 700 2442 752 et
2483 709 2788 752 annuum

664 773 1054 860 stipendium
1082 774 1350 850 darent3
1398 797 1600 861 quum
1637 774 1728 838 ire
1768 774 1852 837 ad
1891 786 2182 838 senatum
2219 774 2371 838 iussi
2405 787 2647 849 essent,
2677 796 2789 837 aeh

664 872 922 925 cuturos
954 882 1023 925 se
1058 859 1435 925 dictatorem
1470 860 1955 947 responderunt,
1987 860 2178 924 unius
2215 861 2354 925 eius
2383 860 2542 925 fidei
2575 860 2788 924 virtu·-

668 946 844 1032 tique
874 969 1125 1011 causam
1156 968 1334 1011 suam
1364 946 1902 1011 commendantes·
1995 945 2098 1010 Ita
2124 945 2438 1011 deductus
2469 969 2559 1011 ex
2593 945 2788 1011 Sam-
2967 925 2971 998 Ι

664 1032 905 1097 nitibus
934 1033 1267 1098 exercitus
1359 1030 1652 1096 Dictator
1690 1032 2088 1119 triumphans
2127 1032 2349 1096 urbem
2389 1046 2492 1097 est
2531 1032 2788 1118 ingres-

666 1142 809 1185 sus:
858 1131 943 1197 et,
974 1142 1177 1206 quum
1220 1142 1287 1183 se
1326 1118 1640 1183 dictatura
1685 1118 1975 1183 abdicare
2015 1118 2227 1193 vellet,
2268 1119 2444 1181 iussu
2481 1118 2780 1195 Patrum,

666 1206 1036 1307 priusquam
1056 1206 1394 1281 abdicaret,
1418 1203 1708 1269 consules
1729 1204 1965 1268 creavit
1991 1202 2068 1268 C.
2089 1203 2442 1290 Sulpicium
2467 1204 2780 1292 Longum

668 1305 921 1370 iterum,
956 1293 1037 1368 Q.
1061 1291 1413 1356 Aemilium
1449 1289 1888 1354 Cerretanum.
1959 1288 2292 1369 Samnites,
2321 1290 2568 1355 infecta
2593 1314 2776 1378 pace,

669 1380 824 1467 quia
866 1379 948 1444 de
990 1377 1457 1443 conditionibus
1504 1377 1828 1463 agebatur,
1873 1375 2153 1441 indutias
2195 1398 2440 1441 annuas
2485 1378 2572 1441 ab
2613 1378 2780 1443 urbe
2799 1405 2826 1438 2

667 1465 1039 1530 retulerunt.
1132 1462 1275 1528 Nec
1322 1484 1541 1527 earum
1587 1462 1867 1549 ipsarum
1909 1474 2126 1527 sancta
2169 1462 2329 1527 fides
2371 1463 2498 1527 fuit
2519 1488 2540 1527 t
2587 1464 2776 1540 adeo,

666 1566 999 1638 postquam
1023 1550 1349 1637 Papirium
1378 1550 1581 1613 abisse
1611 1548 1978 1635 magistratu
2006 1548 2370 1613 nuntiatum
2399 1562 2519 1628 est,
2545 1551 2776 1615 arrecti

666 1637 749 1702 ad
776 1636 1143 1701 bellandum
1173 1636 1370 1701 animi
1398 1650 1564 1702 sunt.

755 1722 833 1787 C.
860 1722 1161 1809 Sulpicio,
1192 1722 1273 1797 Q.
1297 1722 1579 1787 Aemilio
1599 1722 1900 1810 (Aulium
1925 1723 2184 1809 quidam
2208 1722 2468 1788 annales
2497 1724 2776 1810 habent)
2795 1758 2824 1805 3

664 1807 1046 1884 consulibua,
1072 1808 1153 1871 ad
1180 1808 1606 1873 defectionem
1641 1808 2020 1873 Samnitium
2045 1810 2108 1873 A
2157 1809 2333 1875 ulum
2363 1833 2608 1875 novum
2637 1811 2773 1875 bel-

663 1894 797 1959 lum
826 1893 1105 1958 accessit.
1178 1892 1471 1980 Utroque
1503 1896 1818 1960 exercitus
1847 1896 2037 1959 missi.
2159 1895 2395 1983 ulpicio
2430 1896 2773 1973 Samnites,

666 1980 729 2045 A
778 1979 867 2044 uli
898 1978 1181 2044 Aemilio
1208 1992 1373 2044 sorte
1404 1995 1773 2045 evenerunt.
1841 1980 2024 2059 Sunt,
2051 1982 2164 2069 qui
2191 2006 2324 2047 non
2353 1982 2506 2069 ipsis
2539 1983 2776 2070 Apulis

662 2066 743 2131 be
772 2066 904 2131 lum
942 2065 1208 2142 illatum,
1240 2065 1355 2130 sed
1396 2068 1600 2131 socios
1643 2068 1779 2131 eius
1821 2068 2030 2154 gentis
2073 2068 2342 2155 populos
2385 2070 2466 2133 ab
2517 2068 2776 2134 Samni-

664 2153 828 2217 tium
856 2154 919 2217 vi
948 2166 1141 2239 atque
1176 2152 1423 2216 iniuriis
1452 2152 1746 2217 defensos
1785 2154 2078 2219 scribant.
2172 2153 2485 2219 Ceterum
2511 2155 2778 2220 fortuna

670 2239 1069 2316 Samnitium,
1094 2240 1201 2302 vix
1230 2261 1269 2302 a
1296 2260 1363 2303 se
1394 2238 1547 2387 {psis
1568 2262 1646 2303 eo
1669 2252 1798 2303 tem
1845 2262 1954 2303 ore
1976 2240 2484 2326 propulsantium
2503 2240 2771 2318 bellum,

664 2326 923 2424 propius
968 2338 1042 2389 ut
1084 2326 1167 2389 sit
1197 2347 1367 2402 vem,
1424 2324 1568 2400 acit,
1605 2348 1738 2388 non
1833 2325 2002 2413 pulis
2041 2328 2120 2391 ab
2159 2324 2554 2391 Samnitibus
2595 2350 2775 2392 arma

662 2410 855 2487 illata,
887 2410 1001 2475 sed
1030 2432 1175 2474 cum
1208 2423 1473 2496 utraque
1505 2410 1696 2475 simul
1721 2425 1915 2497 gente
1944 2411 2180 2476 bellum
2215 2412 2524 2477 Romanis
2555 2412 2772 2479 fuisse.

664 2496 735 2561 N
736 2520 809 2563 ec
850 2510 1063 2561 tamen
1107 2518 1207 2561 res
1251 2496 1379 2560 ulla
1420 2497 1846 2561 memorabilis
1889 2510 2069 2562 acta:
2117 2520 2269 2585 ager
2297 2498 2556 2585 Apulus
2591 2498 2778 2565 Sam-

663 2583 973 2669 niumque
1041 2594 1430 2657 evastatum3
1500 2582 1714 2647 hostes
1771 2606 1894 2648 nec
1951 2582 2076 2660 hic,
2129 2606 2250 2649 nec
2307 2584 2436 2649 illic
2497 2586 2772 2652 inventi·

666 2669 915 2735 Romae
960 2682 1309 2734 nocturnus
1355 2680 1579 2751 terror,
1605 2668 1696 2733 ita
1739 2692 1822 2733 ex
1870 2692 2094 2735 somno
2141 2670 2453 2759 trepidam
2503 2686 2774 2759 repente

663 2756 983 2821 civitatem
1026 2756 1277 2832 excivit,
1308 2767 1383 2818 ut
1430 2752 1824 2841 Capitolium
1871 2770 2062 2843 atque
2106 2778 2238 2833 arx,
2276 2758 2662 2845 moeniaque
2705 2774 2776 2824 et

662 2853 903 2927 portae,
948 2841 1141 2926 plena
1184 2854 1568 2905 armatorum
1616 2841 1891 2906 fuerint:
1960 2854 2028 2907 et
2074 2864 2273 2928 quum
2321 2858 2771 2909 concursatum

661 2926 1251 3011 conclamatumque
1292 2925 1374 2989 ad
1417 2948 1592 2991 arma
1630 2928 1924 2991 omnibus
1967 2928 2121 2992 locis
2163 2943 2346 3005 esset,
2378 2929 2590 3015 prima
2627 2931 2770 2996 lucc

662 3032 783 3075 nec
812 3021 1051 3088 auctor,
1082 3032 1201 3075 nec
1230 3032 1419 3075 causa
1446 3012 1699 3077 terroris
1726 3014 2097 3100 comparuit.

750 3095 1005 3161 Eodem
1040 3118 1210 3161 anno
1250 3096 1332 3161 de
1364 3096 1744 3163 Tusculanis
1775 3098 1990 3164 Flavia
2025 3100 2353 3252 roff-:stione
2391 3102 2622 3189 populi
2649 3103 2769 3168 fuit

2043 3199 2072 3252 t

2975 3320 2978 3467 ἶ

2975 3468 2978 3537 1

664 3182 989 3249 iudicium.
1081 3182 1178 3249 M.
1204 3184 1454 3249 Flavius
1485 3185 1776 3251 tribunus
1806 3186 2010 3272 plebis
2142 3186 2189 3253 ‘t
2217 3187 2301 3252 ad
2329 3188 2667 3275 populum,
2699 3202 2770 3255 ut

732 3426 749 3459 1
791 3409 1161 3474 compendium]
1198 3410 1229 3460 i.
1254 3428 1296 3461 e.
1321 3409 1586 3471 Quaestus,
1603 3410 1676 3460 lu·
1741 3410 1917 3462 novio:
1953 3419 2060 3461 tum
2084 3410 2200 3474 quia
2231 3411 2312 3460 hic
2337 3413 2509 3461 consul
2545 3414 2770 3475 plebeius

660 3490 795 3547 crum
814 3490 899 3523 seu
916 3477 1243 3525 commodum.
1281 3476 1385 3525 Cic.
1408 3476 1471 3523 ad
1491 3476 1675 3525 Heron.
1743 3490 1850 3551 esse
1869 3476 2058 3535 debuit,
2074 3492 2226 3552 quum
2251 3476 2502 3539 Sulpicius
2523 3476 2652 3526 foret
2677 3494 2768 3553 ‘pa-

658 3542 1678 3666 ztmtsszft‘fftxxmpmffw
1743 3542 2770 3668 235553s1³122⁰ss¹1¹2ss223222335ffi3¹5²3

658 3679 861 3712 movere.
1750 3666 1822 3716 16.
1850 3682 1924 3716 22.
1956 3673 2007 3715 et
2035 3681 2108 3728 ²3·
2141 3666 2226 3714 ubi
2261 3667 2324 3715 de
2357 3669 2530 3715 eodem
2566 3668 2770 3718 homine

662 3788 672 3799 .
724 3740 752 3772 2
786 3728 1017 3775 Inducta«
1039 3731 1259 3790 anniam]
1306 3730 1420 3778 Hoc
1442 3730 1677 3793 temporis
1741 3730 1916 3793 agitur,
1959 3732 2245 3791 Campanus
2289 3735 2341 3779 et
2385 3731 2610 3780 Andreas
2654 3748 2768 3781 nus-

658 3788 936 3861 1ntervallo·
953 3789 1227 3839 Niebuhrio
1262 3792 1454 3841 videtur
1486 3794 1676 3843 bellum
1741 3810 1889 3857 quam
1901 3795 2283 3853 Amilimsed
2299 3795 2767 3855 ve1AureliuQvel

659 3867 773 3899 cum
797 3851 1015 3925 Vestinis
1036 3854 1313 3903 confectum
1336 3855 1483 3904 fiiisse
1511 3873 1544 3905 a
1565 3874 1676 3907 con·
1739 3860 1948 3917 Aulum,
1970 3858 2046 3905 vel
2066 3860 2258 3918 Alium,
2285 3858 2365 3907 vel
2386 3860 2598 3907 Aulium
2625 3860 2766 3907 deni-

658 3915 847 3965 sulibus
866 3915 1037 3978 prioris
1058 3917 1192 3977 anni,
1208 3919 1293 3980 qui
1316 3918 1367 3967 in
1392 3921 1676 3983 magistratu
1741 3937 1838 3983 que
1877 3921 2091 3970 babent:
2134 3922 2268 3970 unde
2303 3921 2479 3970 merito
2517 3922 2768 3985 colligitur

658 3994 811 4042 usque
853 3980 917 4028 ad
959 3981 1298 4043 Septembrem
1340 3998 1560 4033 mensem
1597 4001 1676 4034 an.
1743 3985 1943 4035 Livium
1965 3984 2042 4033 his
2063 3984 2185 4033 locis
2204 4000 2373 4033 revera
2393 3985 2643 4047 scripsisse
2657 3990 2766 4036 Aa·

658 4058 767 4106 431·
796 4044 861 4094 U.
879 4044 937 4093 C.
961 4050 1113 4095 erant.
1150 4046 1354 4097 Niebhr.
1378 4048 1448 4096 iii.
1471 4064 1520 4097 n.
1547 4063 1653 4109 342.
1741 4050 1877 4098 lium.
1944 4048 2270 4100 Consentiunt
2303 4048 2574 4110 Capitolini
2611 4050 2766 4109 Fasti,

724 4122 753 4169 3
784 4109 993 4157 Aulium
1013 4112 1211 4175 quidam
1232 4114 1438 4161 annales
1464 4113 1672 4173 habent]
1741 4112 1826 4161 ubi
1849 4114 1910 4161 de
1939 4112 2044 4161 eius
2071 4120 2228 4161 morte
2255 4117 2425 4174 agunt,
2445 4112 2512 4160 ad
2546 4128 2629 4162 an.
2653 4114 2768 4175 438.

660 4170 811 4224 Quod
849 4172 1048 4233 quidem
1087 4174 1263 4233 verius,
1302 4191 1394 4223 nec
1430 4175 1676 4223 immerito
1743 4176 1810 4226 U.
1830 4178 1887 4227 C.
1913 4176 2074 4227 Cam.
2123 4176 2332 4225 Aulium
2353 4177 2532 4239 probat
2554 4176 2606 4226 N
2608 4176 2764 4227 iebhr.

656 4232 873 4292 fortasse,
890 4234 1083 4283 videtur
1104 4236 1318 4297 Signino,
1338 4236 1531 4297 Pighio,
1550 4238 1674 4287 Gro-
