3000 4784
410 294 472 408 ,οφ

495 308 526 421 -βω

528 308 557 421 wo

565 309 585 407 ΝΗ

428 1935 531 1996 25.

325 2372 393 2420 U.
418 2370 476 2420 C.
504 2383 610 2431 3²2·

323 2436 384 2484 A.
420 2436 478 2484 C.
503 2447 611 2495 430.

322 2500 397 2547 Μ.
415 2498 587 2555 Fabio,

322 2564 413 2611 &c.
425 2562 508 2610 Tr.
520 2561 632 2611 Mil.

325 2625 630 2677 Pestilentia.

646 152 776 213 250
1425 145 1651 213 TITI
1710 145 1982 212 LIVII

591 330 604 343 .
649 291 666 319 ‘
683 283 977 369 gistratus
1028 306 1275 348 annuos
1325 306 1479 361 esse,
1529 282 2074 371 quinquennalem
2125 303 2491 356 censuram3
2558 298 2746 366 grave

594 396 607 409 ·
648 378 667 408 ‘
688 390 843 446 esse,
889 368 1115 433 iisdem
1158 392 1274 456 per
1322 382 1419 433 tot
1464 392 1666 434 annos
1717 390 1949 457 magna
1992 383 2170 457 parte
2223 368 2390 433 vitae
2443 365 2794 432 obnoxios2

646 464 667 494 ‘
682 456 907 520 vivere.
1004 455 1085 520 Se
1130 455 1335 542 legem
1381 455 1676 532 laturum,
1717 478 1800 520 ne
1843 456 2005 544 plus,
2051 478 2243 542 quam
2290 476 2504 518 annua
2540 475 2618 516 ac
2657 472 2752 514 se-

647 551 666 581 ‘
682 542 947 619 mestris,
992 565 1259 607 censura
1300 543 1503 607 esset?
1593 542 1932 607 Consensu
1981 542 2224 642 ingenti
2277 539 2500 627 populi
2543 538 2798 638 legeras

645 642 895 715 postero
918 629 1021 692 die
1044 628 1325 729 pertulit,
1348 642 1431 706 et,
1468 638 1572 693 ‘ut
1597 650 1666 693 re
1697 629 1870 715 ipsa,’
1887 630 2118 715 inquit,
2153 637 2172 666 ⁶
2181 628 2410 703 sciatis,
2447 626 2753 701 Quintae,

648 724 667 752 ⁶
684 738 877 801 quam
922 716 1081 779 milu
1124 714 1427 779 diuturna
1467 738 1602 793 non
1639 715 1932 802 placeant
1965 715 2248 802 imperia,
2291 714 2615 778 dictatura
2655 732 2755 773 me

648 810 667 839 ‘
683 800 947 867 abdico.’
1033 801 1345 888 Deposito
1390 824 1507 867 suo
1558 802 1944 889 magistratu,
1987 802 2180 867 modo
2234 800 2504 865 aliorum
2555 796 2758 883 magi-

644 888 866 952 stratui
908 888 1223 975 imposito,
1275 888 1440 975 [fine
1488 886 1722 975 alteri,]
1771 910 1918 953 cum
1965 887 2390 974 gratulatione
2431 908 2507 950 ac
2544 885 2804 948 favore*

646 976 715 1037 in
758 974 892 1037 enti
914 974 1137 1061 populi
1165 973 1427 1039 domum
1456 988 1555 1039 est
1581 974 1895 1039 reductus.
1991 974 2326 1050 censore&
2351 994 2538 1058 aegre
2569 969 2756 1070 passi,

728 1082 1067 1138 amercum,
1114 1061 1292 1147 quod
1329 1062 1762 1148 magistratum
1807 1060 2029 1148 populi
2075 1060 2354 1124 Romani
2400 1059 2753 1132 minuisset,
2771 1086 2800 1137 5

650 1147 819 1211 tribu
869 1161 1223 1225 moverunt,
1278 1146 1790 1235 octuplicatoque
1841 1170 2038 1211 censu
2080 1147 2390 1211 aerarium
2443 1145 2753 1209 fecerunt.
2771 1144 2802 1195 6

654 1232 869 1308 Quam
928 1256 1062 1298 rem
1120 1235 1329 1321 ipsum
1386 1234 1634 1321 ingenti
1686 1234 1898 1297 animo
1951 1234 2167 1298 tulisse
2215 1233 2450 1309 ferunt,
2499 1251 2756 1295 causam
2775 1222 2800 1272 ⁷

648 1321 859 1407 potius
887 1321 1274 1408 ignominiae
1314 1320 1690 1397 intuentem,
1725 1342 1917 1406 quam
1945 1320 2398 1407 ignominiam3
2445 1318 2758 1405 primores

652 1407 933 1483 Patrum,
988 1430 1355 1507 quanquam
1412 1404 1814 1471 deminutum
1865 1428 2166 1471 censurae
2223 1406 2323 1469 ius
2377 1402 2756 1477 noluissent,

650 1492 945 1580 exemplo
996 1493 1349 1557 acerbltatis
1400 1493 1720 1557 censoriae
1771 1493 2075 1557 offensos:
2139 1492 2378 1592 quippe
2476 1512 2642 1554 uum
2693 1510 2756 1551 se

651 1579 920 1666 quisque
960 1578 1199 1643 diutius
1239 1602 1311 1643 ac
1355 1580 1604 1665 saepius
1643 1580 1996 1644 subiectum
2040 1579 2402 1643 censoribus
2469 1598 2584 1641 ore
2625 1596 2758 1639 cer-

652 1680 850 1741 neret,
896 1688 1090 1750 quam
1134 1688 1461 1729 censuram
1505 1678 1848 1751 gesturum.
1939 1664 2036 1729 Po
2083 1664 2175 1729 uli
2217 1678 2387 1729 certe
2433 1676 2618 1727 tanta
2662 1662 2758 1725 in·-

650 1750 935 1837 dignatio
964 1766 1179 1815 coorta
1217 1752 1467 1827 dicitur,
1503 1766 1573 1815 ut
1601 1752 1696 1816 vis
1734 1775 1774 1816 a
1807 1774 2050 1816 censor-1
2095 1774 2170 1816 us
2198 1750 2436 1815 nullius
2479 1748 2756 1813 auctori-

650 1850 799 1913 tate,
830 1849 1079 1937 praeter
1124 1860 1271 1901 uam
1301 1837 1498 1924 ipsius
1529 1837 1859 1915 Mamerci,
1891 1837 2191 1902 deterreri
2221 1836 2514 1937 quiverit.

737 1922 1011 1987 Tnbuni
1046 1946 1098 2023 p
1122 1924 1274 2002 ebis,
1320 1923 1586 1988 assiduis
1629 1924 2038 1989 concionibus
2081 1922 2479 2011 proh1bendo
2523 1944 2754 1987 consu-

648 2009 802 2083 laria
846 2009 1122 2086 comitia,
1177 2034 1377 2097 quum
1430 2034 1530 2075 res
1575 2032 1773 2098 prope
1826 2011 1908 2076 ad
1959 2011 2393 2097 interregnum
2443 2008 2754 2096 perducta

650 2108 830 2174 esset,
862 2096 1105 2161 evicere
1135 2097 1413 2174 tandem,
1434 2110 1509 2161 ut
1537 2098 1777 2161 tribuni
1807 2096 2080 2161 militum
2109 2096 2421 2161 consulari
2439 2106 2752 2181 potestate

651 2196 1046 2248 crearentur:
1093 2185 1390 2249 victoriae
1464 2184 1791 2261 raemium,
1823 2184 1999 2270 quod
2037 2184 2388 2270 petebatur,
2419 2195 2494 2247 ut
2536 2181 2752 2268 plebe-

652 2270 749 2333 ius
778 2284 1109 2348 crearetur,
1142 2269 1389 2334 nullum
1448 2271 1557 2335 uit.
1653 2270 1897 2335 Omnes
1934 2270 2181 2356 patricii
2221 2269 2412 2333 creati
2449 2280 2618 2343 sunt,
2651 2264 2743 2331 Μ.

652 2354 884 2420 Fabius
923 2355 1300 2434 VibulanuS,
1346 2357 1441 2421 M.
1466 2356 1728 2435 FosliuS,
1772 2356 1847 2420 L.
1877 2355 2131 2443 Sergius
2165 2354 2451 2419 Fidenas.
2545 2353 2746 2418 Pesti-

651 2442 847 2507 lentia
876 2466 954 2509 eo
984 2466 1153 2509 anno
1182 2444 1445 2509 aliarum
1484 2466 1697 2508 rerum
1727 2443 1930 2507 otium
1969 2442 2293 2529 praebuit:
2342 2440 2516 2505 aedis
2547 2440 2745 2527 Apol·

651 2529 767 2593 lini
810 2553 925 2618 pro
968 2530 1333 2596 valetudine
1376 2530 1597 2617 populi
1641 2543 1788 2594 vota
1829 2542 1940 2593 est.
2033 2528 2248 2593 Multa
2295 2528 2616 2591 duumviri
2665 2548 2742 2589 ex

649 2615 841 2694 libris,
871 2616 1215 2703 placandae
1257 2617 1452 2681 deum
1491 2618 1641 2693 irae,
1673 2615 2179 2700 avertendaeque
2209 2636 2248 2679 a
2288 2612 2528 2713 populo
2556 2613 2740 2699 pestis

648 2724 853 2780 causa,
894 2703 1133 2767 fecere:
1183 2726 1413 2790 magna
1450 2716 1668 2767 tamen
1705 2702 1916 2767 clades
1955 2702 2025 2766 in
2063 2702 2222 2766 urbe
2261 2722 2573 2787 agrisque,
2604 2722 2740 2785 pro·
2753 2715 2783 2761 8

648 2788 885 2851 miscue
930 2788 1263 2851 hominum
1305 2810 1736 2875 pecorumque
1780 2788 2080 2875 pernicie,
2121 2802 2394 2873 accepta.
2490 2785 2736 2850 Famem
2751 2808 2784 2858 9

647 2873 992 2937 cultoribus
1036 2895 1329 2959 agrorum
1372 2875 1668 2939 timentes
1709 2875 1778 2938 in
1821 2874 2160 2951 Etruriam,
2203 2873 2737 2960 Pomptinumque

714 3084 741 3117 2
767 3072 963 3132 Μαρια
980 3077 1126 3133 parte
1146 3071 1302 3129 vitae]
1331 3070 1393 3119 In
1418 3070 1663 3135 plerisque

648 3136 809 3194 rebus,
829 3135 879 3183 in
902 3132 1077 3197 quibus
1099 3135 1201 3183 vita
1220 3140 1503 3197 occupatur.
1567 3136 1662 3185 Eo-

650 3199 763 3246 dem
802 3215 945 3249 sensu
980 3198 1171 3262 scripsit
1204 3200 1308 3249 Cic.
1344 3199 1405 3247 de
1438 3200 1537 3249 Off.
1559 3201 1592 3249 i.
1617 3220 1664 3261 4.

650 3264 810 3311 Nulla
848 3280 971 3325 pars
1004 3265 1135 3313 vitae
1157 3300 1169 3312 .
1196 3299 1207 3312 .
1232 3300 1245 3312 .
1270 3300 1281 3311 .
1306 3280 1482 3313 vacare
1515 3267 1668 3325 qffieio

646 3334 819 3389 potest.
856 3328 1019 3376 Casv.

719 3404 747 3451 3
778 3392 979 3453 Leyem]
1018 3406 1084 3440 sc.
1103 3391 1287 3455 Legem
1312 3392 1579 3441 Aemiliam
1601 3393 1665 3440 de

652 3468 868 3503 censura.

715 3535 746 3579 4
779 3520 907 3568 Fine
938 3521 1110 3579 alteri]
1155 3520 1299 3568 Haec
1337 3521 1500 3579 verbs,
1538 3534 1665 3581 quae

652 3582 867 3645 sigonio,
902 3588 1139 3644 tanquam
1184 3584 1355 3643 otiosa,
1387 3583 1665 3646 displicent,

652 3646 835 3757 (113εὲξεί
856 3647 1037 3696 Stroth.
1062 3652 1211 3708 atque
1238 3647 1446 3696 unciolis
1468 3646 1668 3696 inclusit

801 3724 865 3758 er.

718 3784 746 3835 5
772 3775 923 3821 Tribu
942 3775 1219 3834 moverunt]
1250 3774 1385 3823 Hinc
1403 3774 1557 3837 liquet
1579 3790 1661 3836 pa-

652 3836 815 3885 tricios
842 3837 895 3885 in
918 3837 1141 3887 tribubus
1168 3838 1454 3901 regionatim
1490 3838 1664 3888 descri-

652 3906 765 3964 ptos
784 3916 901 3949 esse.

716 3962 748 4014 6
782 3967 1181 4030 Octuplioatoqne
1213 3968 1388 4026 censu]
1444 3967 1663 4015 Censori-

650 4029 742 4077 bus
774 4028 904 4077 enim
939 4030 1143 4079 liberum
1178 4030 1429 4079 arbitrium
1460 4036 1564 4079 erat
1585 4046 1664 4079 ae-

649 4092 785 4141 rariis
806 4093 1043 4142 tributum
1074 4095 1127 4142 in
1160 4094 1325 4156 capita
1355 4094 1659 4157 imperandiz

650 4156 735 4217 qui
768 4172 881 4206 vero
913 4158 1041 4207 inter
1071 4158 1281 4207 aerarios
1312 4159 1451 4206 nullo
1482 4156 1693 4223 iudicio,

650 4236 683 4266 a
714 4222 989 4271 censoribus
1022 4222 1203 4270 relatus
1234 4227 1325 4281 est,
1357 4230 1503 4284 turpe
1533 4224 1660 4271 iudi-

650 4284 779 4330 cium
817 4284 948 4333 haud
987 4286 1293 4348 patiebatu13
1331 4285 1516 4347 quippe
1549 4284 1662 4335 civi-

1728 3074 1818 3121 bus
1849 3072 2270 3122 animadversione
2301 3071 2539 3132 censoria,
2563 3088 2616 3121 re
2646 3088 2736 3121 non

1727 3137 1962 3196 iudicata,
1977 3138 2176 3197 notatis,
2191 3138 2242 3186 in
2260 3138 2462 3195 curiam,
2485 3138 2566 3187 vel
2587 3137 2636 3185 in
2657 3138 2734 3185 ho-

1731 3217 1872 3249 nores
1915 3202 2144 3263 pristinos
2179 3201 2364 3250 redit-us
2401 3216 2434 3249 a
2469 3202 2736 3249 censoribus

1731 3264 1840 3313 aliis
1877 3280 2228 3327 saepenumero
2267 3266 2488 3313 dabatur.
2543 3266 2604 3313 cf.
2637 3265 2732 3315 Cic.

1732 3328 1816 3377 Or.
1841 3344 1928 3391 pro
1951 3330 2149 3377 Cluent.
2164 3344 2241 3390 42.
2311 3330 2423 3377 Iam
2447 3344 2558 3377 vero
2582 3329 2731 3377 Aemi·

1731 3391 1826 3440 lius
1847 3393 1998 3441 octies
2026 3393 2198 3456 pluris,
2217 3408 2363 3455 quam
2387 3392 2560 3455 quanti
2581 3400 2731 3451 antea,

1732 3470 1904 3503 census
1926 3462 2014 3505 est.

1797 3532 1824 3581 7
1857 3522 2124 3569 Aerarium
2133 3522 2392 3582 fecerunt]
2425 3520 2622 3568 Nomen
2637 3521 2731 3570 eius

1729 3598 1790 3631 ex
1813 3584 1926 3632 albo
1948 3585 2196 3633 centuriae
2217 3600 2350 3641 suae,
2372 3598 2499 3645 quae
2531 3600 2642 3646 pam
2657 3586 2728 3632 tn'-

1728 3648 1820 3695 bus
1849 3654 1970 3707 erat,
1993 3648 2054 3696 cf.
2075 3649 2180 3697 Cic.
2205 3663 2294 3710 pro
2318 3649 2490 3697 Plane.
2515 3663 2588 3697 το.
2609 3650 2728 3697 dele-

1725 3712 1888 3770 batur,
1919 3716 1970 3759 et
2002 3712 2171 3759 tributi
2213 3713 2412 3760 nomine
2449 3726 2538 3774 pro
2579 3715 2728 3775 capite

1727 3789 1815 3887 Ἑρ
1836 3790 1949 3850 aera
1973 3777 2250 3836 praebebat.
2284 3776 2346 3825 cf.
2361 3778 2540 3825 Ancon.
2561 3776 2610 3824 in
2630 3778 2726 3827 Cic.

1785 3854 1900 3889 mn.
1925 3854 1968 3903 3.

1803 3904 1834 3951 8
1873 3904 2181 3963 Proenirwe]
2260 3905 2565 3963 Prombeua,
2606 3906 2726 3965 quod

1729 3967 1837 4079 {ult
1850 3968 2086 4025 Gronov„
2101 3966 2152 4015 in
2174 3973 2366 4015 textum
2383 3968 2594 4029 reposuit
2607 3968 2725 4017 Bek-

1767 4047 1832 4079 er.

1792 4111 1824 4159 9
1844 4097 2044 4145 Famem
2059 4096 2324 4145 cultoribus
2339 4096 2591 4157 amorum]
2617 4096 2663 4144 N
2666 4112 2722 4145 on

1727 4158 1844 4207 satis
1864 4166 2072 4221 apparet
2093 4174 2180 4208 cur
2200 4160 2356 4207 fames
2387 4160 2549 4222 potius
2569 4159 2720 4208 times-

1725 4228 1807 4270 tur
1849 4224 2115 4272 cultoribus
2156 4238 2398 4287 agrorum,
2431 4238 2576 4285 quam
2611 4223 2717 4273 urbi.

1727 4286 2004 4337 Gronovius
2043 4288 2302 4351 legendum
2343 4288 2623 4350 suspicatur,
2651 4290 2718 4337 in-
