3000 4784
683 218 805 283 196
1448 209 1674 283 TITI
1728 210 2004 282 LIVII

534 369 643 419 305·
682 350 951 415 iniuriae
981 359 1164 426 esset,
1195 348 1592 414 secessissent
1639 372 1724 414 ue
1757 348 2048 415 advocati
2123 344 2348 425 uellus,
2377 345 2622 447 placuit
2649 367 2802 410 om·-

535 432 646 483 ⁴⁴⁷·
685 436 867 501 nium
895 436 1192 523 primum,
1220 434 1481 499 fratrem
1512 434 1677 499 Ici1i
1712 434 2046 521 filiumque
2147 432 2452 509 umitoni,
2483 432 2804 518 impigros

687 522 949 585 iuvenes
986 542 1249 608 pergere
1296 518 1449 584 inde
1494 533 1670 585 recta
1713 520 1797 585 ad
1833 534 2104 607 portam,
2134 532 2220 596 et,
2252 532 2568 606 quantum
2607 539 2806 581 acoe-

687 607 874 672 lerari
930 619 1161 694 posset,
1222 604 1588 707 virginium
1647 606 1836 671 acciri
1893 628 1931 670 e
1991 605 2228 670 castris.
2347 604 2430 668 In
2486 624 2568 669 eo
2623 603 2806 667 verti

688 693 937 781 puellae
980 692 1268 769 salutem,
1305 714 1358 755 s1
1402 704 1656 779 postero
1689 692 1796 757 die
1826 691 2065 757 vindex
2105 692 2374 755 iniuriae
2411 689 2494 755 ad
2535 702 2807 776 tempus

688 792 940 867 praesto
968 792 1148 843 esset.
1241 777 1403 841 Iussi
1527 790 1738 865 rgunt,
1769 779 2102 864 citatisque
2141 776 2326 863 equis
2365 776 2670 840 nuntium
2717 774 2808 839 ad

773 877 934 929 trem
964 864 1307 952 perferunt.
1470 888 1626 928 uum
1655 864 1917 928 instaret
1949 878 2218 927 assertor
2244 862 2514 949 puellae,
2545 874 2624 925 ut
2649 863 2854 925 vin-8

690 888 951 1028 dicaret,
1114 972 1457 1035 nsoresque
1505 950 1724 1027 daret3
1782 962 1975 1036 atque
2023 948 2092 1013 id
2138 950 2348 1035 ipsum
2395 948 2497 1034 agi
2545 946 2806 1012 diceret
2821 970 2854 1019 9

690 1036 928 1114 Icilius,
958 1059 1025 1101 se
1075 1035 1182 1101 ulo
1220 1049 1473 1123 tempus
1513 1048 1741 1113 terem,
1772 1035 1928 1099 dum
2003 1036 2399 1121 raeciperent
2425 1034 2549 1098 iter
2575 1031 2808 1097 nuntii

690 1122 865 1187 missi
916 1124 985 1186 in
1034 1135 1254 1200 castra,
1308 1144 1534 1186 manus
1581 1122 1802 1186 tollere
1848 1143 1937 1184 un
1989 1122 2134 1221 'que
2187 1120 2554 1197 multitudo,
2605 1133 2676 1184 et
2731 1140 2805 1182 se

736 1208 799 1272 u‘
881 1231 963 1274 ue
986 1222 1281 1309 paratum
1310 1208 1393 1273 ad
1431 1208 1876 1295 spondendum
1907 1206 2090 1271 Iciho
2119 1206 2473 1271 ostendere.
2566 1204 2802 1355 ΑἜΘ

692 1232 1383 1371 iilffiacnmabundus,
1444 1303 1463 1334 ‘
1486 1293 1758 1358 Gratum
1817 1294 1952 1370 est,’
2001 1293 2247 1379 inquit3
2312 1301 2332 1331 ‘
2352 1291 2628 1357 crastina
2742 1293 2801 1355 'e

696 1390 946 1446 ‘vestra
990 1404 1029 1445 o
1112 1404 1184 1446 ra
1225 1394 1405 1445 utar:
1454 1403 1484 1444 s
1569 1402 1830 1444 nsorum
1874 1402 2048 1443 nunc
2093 1379 2240 1443 satis
2287 1379 2424 1443 est.'
2510 1376 2618 1442 Ita
2651 1378 2803 1441 vin-

693 1467 942 1531 dicatur
1036 1467 1282 1553 uginia,
1313 1488 1473 1553 spon
1520 1467 1774 1530 entibus
1815 1465 2207 1564 propinquis·
2302 1464 2576 1551 Appius,
2607 1463 2802 1550 paul-

690 1552 885 1639 lisper
923 1565 1220 1629 moratuS,
1266 1574 1347 1615 ne
1396 1552 1534 1615 eius
1577 1553 1671 1616 rei
1719 1574 1908 1615 causa
1951 1550 2186 1615 sedisse
2227 1550 2804 1700 videreturgdpost-

738 1660 903 1714 uam,
953 1637 1199 1701 omissis
1242 1638 1431 1701 rebus
1476 1636 1616 1701 aliis
1659 1660 1810 1725 prae
1859 1660 2012 1701 eura
2056 1637 2266 1714 unius,
2313 1658 2506 1701 nemo
2643 1638 2800 1713 'bat⁹

738 1745 955 1787 omum
984 1744 1050 1787 se
1086 1722 1366 1810 recepit3
1414 1723 1799 1811 collegisque
1844 1722 1913 1787 in
1955 1736 2162 1787 casu-a
2199 1722 2436 1800 scribit,
2483 1727 2506 1761 ‘
2523 1744 2613 1786 ne
2643 1720 2803 1785 Vir-

627 1888 633 1900 *
695 1818 715 1847 ‘
734 1808 912 1895 ginio
939 1822 1363 1873 commeatum
1392 1809 1572 1886 dent,
1603 1822 1793 1897 atque
1825 1810 2018 1873 etiam
2058 1810 2127 1873 in
2155 1808 2444 1874 custodia
2471 1806 2802 1874 habeant!

694 1893 1066 1981 Improbum
1104 1894 1437 1959 consilium
1478 1916 1710 1972 serum,
1741 1907 1814 1959 ut
1852 1895 2096 1972 debuit,
2123 1894 2287 1971 fuit3
2333 1906 2402 1959 et
2443 1893 2575 1958 iam
2619 1915 2803 1959 com-

693 1993 909 2045 meatu
936 1992 1190 2067 sumpto
1216 1981 1537 2069 profectus
1567 1980 1649 2044 V·
1731 1981 1897 2045 'nius
1925 1981 2131 2067 prima
2155 1980 2374 2067 vigilia
2401 1993 2556 2057 erat,
2589 2004 2802 2067 quum

810 2078 945 2131 tero
972 2065 1079 2131 die
1110 2088 1297 2131 mane
1326 2066 1409 2131 de
1437 2003 1776 2132 retineffio
1813 2088 1894 2131 eo
1933 2067 2362 2153 nequicquam
2390 2065 2616 2131 literae
2647 2067 2802 2133 red-

356 354 513 471 2³:23<

740 2164 949 2218 untur.

470 2244 575 2308 47.
782 2241 876 2304 At
903 2242 973 2304 in
1002 2241 1159 2305 urbe
1188 2242 1393 2328 prima
1414 2242 1576 2318 luce,
1597 2261 1798 2328 quum
1821 2241 2041 2307 civitas
2061 2242 2132 2305 in
2152 2238 2290 2305 foro
2313 2232 2800 2327 exspectatione

369 2328 619 2440 Vimffius
693 2339 905 2390 erecta
961 2339 1171 2405 staret,
1226 2326 1556 2413 Virginius
1613 2328 1969 2392 sordidatus
2019 2326 2216 2391 filiam
2275 2349 2454 2391 suam
2505 2326 2804 2392 obsoleta

505 2408 585 2569 A}
598 2457 669 2570 ευ
692 2413 1676 2564 325352551232322312‘230‘
1697 2413 2051 2564 offis
2096 2413 2842 2564 ω”ἐεωεᾱε

368 2534 460 2567 con
484 2535 544 2569 en
582 2536 597 2569 ¹
694 2586 897 2651 mines
926 2586 1173 2673 coepit3
1220 2598 1287 2650 et
1316 2607 1445 2649 non
1474 2608 1654 2650 orare
1683 2586 1888 2650 solum
1917 2584 2266 2672 precariam
2294 2522 2378 2649 op
2419 2606 2504 2661 m,
2529 2585 2648 2649 sed
2665 2608 2800 2686 pro

692 2670 910 2737 debita
928 2686 1165 2759 petere,
1200 2680 1220 2709 ‘
1242 2670 1323 2736 Se
1354 2692 1469 2757 pro
1499 2671 1710 2736 liberis
1739 2693 1960 2735 eorum
1990 2694 2064 2735 ac
2091 2671 2350 2757 coniugi
2393 2692 2470 2735 us
2497 2672 2798 2757 quotidie

696 2758 805 2822 ‘in
836 2756 971 2823 acie
1000 2770 1196 2822 stare:
1240 2778 1361 2820 nec
1390 2756 1586 2821 alium
1613 2756 1820 2821 virum
1849 2780 2006 2835 esse,
2028 2756 2210 2821 cuius
2237 2769 2494 2821 strenue
2523 2780 2599 2821 ac
2627 2757 2800 2823 fem-

696 2852 715 2880 ‘
737 2842 897 2907 citer
932 2842 1099 2906 facta
1135 2842 1203 2905 in
1242 2842 1412 2906 bello
1453 2842 1638 2929 plura
1681 2844 2014 2908 memorari
2056 2856 2331 2931 possent.
2428 2842 2609 2919 Quid
2643 2866 2799 2931 pro-

696 2937 717 2967 ‘
736 2928 938 3003 desse,
991 2927 1062 3005 si,
1113 2926 1417 2990 incolumi
1464 2929 1641 3004 urbe,
1683 2949 1869 3014 quae,
1911 2944 2113 3017 capta,
2154 2929 2380 2994 ultima
2426 2929 2796 3008 timeantur,

696 3021 716 3051 ‘
734 3012 950 3077 liberis
986 3012 1117 3077 suis
1154 3012 1283 3075 sint
1320 3012 1623 3099 patienda
1642 3013 1698 3076 P’
1786 3013 1969 3080 Haec
2042 3039 2114 3080 ro
2160 3038 2195 3080 e
2223 3015 2800 3081 concionabundus

692 3098 1067 3163 circumibat
1122 3097 1427 3162 homines.
1525 3097 1771 3164 Similia
1826 3101 1925 3166 his
1975 3038 2056 3166 αἵ)
2151 3102 2299 3165 cilio
2350 3101 2792 3169 iactabantur:

692 3183 1029 3250 comitatus
1074 3182 1399 3249 muliebris
1441 3182 1586 3273 plus
1633 3186 1826 3251 tacito
1863 3187 2039 3265 fletu,
2072 3210 2266 3275 quam
2305 3187 2439 3253 ulla
2465 3210 2610 3266 vox,
2650 3210 2797 3254 mo—

692 3274 898 3336 vebat.
947 3271 1274 3337 Adversus
1296 3293 1460 3358 quae
1482 3271 1700 3337 omnia
1727 3272 2041 3338 obstinato
2070 3274 2284 3339 animo
2308 3274 2558 3363 Appius
2577 3274 2799 3362 (tanta

694 3358 787 3421 vis
830 3358 1143 3422 amentiae
1176 3357 1405 3434 verius,
1437 3380 1631 3446 quam
1674 3358 1921 3435 amoris,
1963 3372 2247 3425 mentem
2289 3358 2682 3447 turbaverat)
2721 3362 2796 3426 in

695 3442 971 3507 tribunal
999 3442 1317 3508 escendit:
1362 3456 1447 3521 et,
1480 3444 1648 3509 ultro
1676 3458 1986 3530 querente
2016 3468 2220 3532 pauca
2245 3446 2539 3533 petitore,
2573 3455 2594 3485 ‘
2611 3448 2794 3532 quod

695 3538 713 3566 ‘
735 3529 834 3593 ius
872 3528 993 3593 sibi
1038 3528 1243 3616 pridie
1290 3552 1406 3616 per
1444 3529 1858 3594 ambitionem
1886 3530 2131 3596 dictum
2171 3554 2304 3597 non
2343 3533 2549 3609 esset‚’
2578 3532 2794 3619 prius—
2810 3563 2835 3596 α

738 3636 885 3679 uam
928 3628 1037 3680 aut
1080 3614 1186 3681 ille
1346 3615 1618 3681 tulatum
1655 3628 2012 3719 perageret,
2044 3630 2157 3681 aut
2183 3616 2482 3704 Virginio
2524 3640 2792 3705 respon-

736 3701 886 3766 endi
937 3702 1197 3767 daretur
1270 3724 1439 3779 ocus,
1494 3702 1750 3789 Appms
1807 3702 2158 3769 mterfatur.
2256 3702 2472 3779 Quem
2529 3703 2792 3769 decreto

755 3884 786 3931 8
818 3886 983 3943 Quum
1009 3884 1217 3933 butor-ot
1245 3891 1455 3935 asertor
1474 3888 1698 3947 puellae]
1760 3888 2086 3950 preliminary
2148 3890 2265 3948 hail,
2329 3888 2566 3939 vindicias
2617 3894 2788 3939 autem

692 3948 866 4021 Quum
894 3947 937 3996 is
962 3946 1047 4022 qui
1073 3948 1325 4023 asserebat·
1340 3948 1613 4023 virginiam
1647 3948 1700 3997 in
1767 3966 1894 4029 quae
1927 3957 2099 4013 postea
2143 3953 2358 4001 decrevit
2401 3952 2663 4012 decemvir,
2703 3956 2788 4005 de-

689 4017 1209 4124 ffisiffetssmiifflmtis
1252 4012 1583 4137 ξιῗξιῗὲοωῑιῗθ
1595 4014 1701 4125 iffi
1751 4016 2684 4141 finifissssffi'amijdvooetorum
2693 4096 2790 4130 nu-

692 4140 1013 4199 profiteretur,
1038 4144 1089 4185 et
1122 4140 1261 4187 daret
1286 4138 1368 4213 qui
1404 4140 1700 4200 sponderent
1763 4155 1912 4190 mero.
1935 4144 2242 4202 Pmfflam,
2263 4144 2488 4205 precibus
2509 4150 2782 4195 exoratam.

690 4202 1163 4263 fore‚uteapostero
1179 4200 1260 4249 die
1274 4208 1524 4251 sisteretur
1537 4218 1702 4252 eoram
1833 4219 1860 4253 2
1894 4208 2244 4268 Amasim-em]
2300 4222 2367 4257 sc.
2414 4206 2637 4256 Nimiam
2681 4208 2792 4259 sive

692 4264 1001 4313 Decemviro.
1034 4263 1197 4313 cnm.
1764 4266 1989 4318 illicitum
2042 4270 2377 4331 ambitionem,
2431 4271 2482 4321 h.
2517 4288 2559 4321 e.
2617 4279 2792 4336 capta-

753 4342 783 4391 9
806 4329 1091 4388 Sponsor-es]
1114 4328 1265 4384 Quod
1273 4326 1462 4389 anglice
1472 4328 1704 4381 vertimus
1765 4332 1952 4383 tionem
1975 4333 2151 4383 favoris
2171 4334 2317 4396 vulgi.
2685 4360 2690 4371 ·
