3000 4784
899 202 1088 272 LIB.
1147 203 1200 272 1.
1261 203 1484 273 CAP.
1542 211 1647 274 40.
2238 213 2323 277 47

219 345 240 378 ‘
261 337 658 404 nuniamua’
745 339 906 404 Inde
943 361 1214 428 puerum
1253 340 1524 407 liberum
1570 343 1710 407 loco
1746 353 2043 429 coeptum
2084 342 2327 420 haberi,

217 426 594 512 erudirique
621 427 882 504 artibus,
913 428 1148 513 quibus
1177 428 1244 490 in
1328 429 1438 491 nia
1463 429 1547 492 ad
1576 451 1843 515 magnae
1872 429 2163 494 fortunae
2192 431 2331 494 cul-

219 525 362 575 tum
391 512 770 576 excitantur.
863 513 1102 577 Evenit
1127 449 1330 590 faciff,
1372 515 1549 601 quod
1578 515 1701 578 diis
1739 515 1915 579 cordi
1946 530 2127 580 esset.
2220 517 2331 580 Iu-

217 597 403 661 venis
452 598 654 662 evasit
701 617 848 662 vere
899 598 1132 663 indolis
1177 622 1246 664 re
1293 600 1422 664 'aet
1479 623 1620 677 nec,
1667 623 1867 688 quum
1920 612 2333 702 quaereretur

219 705 422 770 gener
461 683 836 770 Tarquinio,
927 684 1218 771 uisquam
1329 705 1593 751 omanae
1634 687 1981 752 iuventutis
2024 688 2157 751 ulla
2192 699 2331 752 arte

221 768 498 834 conferri
547 769 797 856 potuit=
859 707 1054 834 {iliam
1059 794 1186 857 que
1237 772 1299 836 ei
1351 795 1529 836 suam
1580 794 1694 836 rex
1744 772 2105 858 despondit.
2200 772 2331 837 Hic

221 875 606 941 quacunque
637 853 720 921 de
751 875 940 920 causa
967 868 1180 921 tantus
1217 857 1312 922 illi
1355 858 1559 922 honos
1592 858 1846 922 habitus
1884 859 2143 922 credere
2184 881 2332 958 pro-

174 940 426 1016 2hibet,
499 963 676 1006 serva
749 953 974 1006 natum
1048 964 1218 1020 eum,
1295 964 1559 1030 parvum
1608 967 1689 1007 ue
1766 944 1975 1030 ipsum
2048 965 2327 1008 servisse.

175 1044 206 1091 3
225 1025 472 1090 Eorum
521 1027 722 1112 magis
772 1028 1124 1092 sententiae
1171 1051 1332 1107 sum,
1379 1029 1513 1115 qui,
1620 1029 1907 1094 orniculo
1950 1043 2157 1116 capt0,
2194 1029 2327 1094 Ser.

223 1111 448 1188 Tullii,
480 1112 592 1197 qui
621 1112 918 1200 princeps
956 1114 1026 1176 in
1065 1113 1176 1178 illa
1212 1116 1370 1180 urbe
1411 1115 1639 1192 fuerat,
1680 1115 2005 1201 gravidam
2044 1116 2181 1180 viro
2226 1139 2329 1180 oc-

221 1197 356 1260 ciso
385 1219 670 1274 uxorem,
703 1221 902 1284 quum
933 1199 1102 1263 inter
1127 1199 1404 1285 reliquas
1431 1201 1711 1286 captivas
1740 1201 1996 1286 cognita
2024 1215 2207 1277 esset,
2248 1201 2332 1266 ob

223 1283 482 1347 unicam
531 1283 929 1348 nobilitatem
968 1285 1048 1348 ab
1091 1284 1314 1370 regina
1353 1285 1651 1350 Romana
1690 1286 2074 1372 prohibitam
2118 1287 2333 1350 ferunt

221 1368 488 1434 servitio
529 1385 782 1456 partum
835 1369 1080 1434 Romae
1133 1369 1426 1448 edidisse,
1471 1370 1676 1435 Prisci
1728 1370 2066 1457 Tarquinii
2118 1371 2327 1436 domo.

223 1455 394 1520 Inde
423 1468 602 1520 tanto
623 1455 936 1520 beneficio
955 1469 1026 1519 et
1043 1455 1214 1520 inter
1233 1456 1532 1521 mulieres
1546 1456 1837 1522 familiari
1844 1469 2037 1521 tatem
2058 1469 2331 1536 auctam,

221 1556 294 1608 ct
319 1563 614 1630 puerum,
643 1553 720 1606 ut
745 1541 815 1604 in
843 1539 1036 1605 domo
1063 1565 1104 1605 a
1129 1565 1322 1630 parvo
1356 1543 1683 1620 eductum,
1724 1542 1793 1606 in
1840 1543 2097 1607 caritate
2134 1556 2331 1630 atque

219 1629 466 1694 honore
485 1628 710 1692 fiiissez
743 1627 1064 1692 fortunam
1085 1629 1320 1704 matris,
1339 1629 1515 1715 quod
1537 1641 1724 1716 capta
1784 1629 1945 1694 atria
1964 1629 2032 1693 in
2053 1628 2331 1694 hostium

221 1737 452 1780 manus
481 1713 743 1791 venerit,
773 1724 848 1777 ut
876 1735 1056 1778 serva
1083 1728 1270 1779 natus
1297 1716 1683 1792 crederetur,
1738 1715 1951 1780 scisse.

310 1799 1037 1887 Duodequadragesimo
1077 1799 1276 1865 ferme
1325 1823 1518 1879 ann0,
1562 1824 1646 1867 ex
1690 1823 1821 1888 quo
1866 1823 2133 1888 regnare
2186 1825 2333 1867 coe-
2451 1813 2556 1872 40.

222 1899 407 2036 gem
479 1886 888 1974 TarquiniuS,
955 1908 1088 1951 non
1159 1887 1332 1986 apud
1401 1910 1618 1974 regem
1692 1887 1906 1965 modo,
1973 1887 2089 1988 sed
2160 1889 2333 1975 apud

225 1972 1691 2147 Tffffssii'effiuidssnfissimfflssffiffess
1717 1971 1858 2146 ἒξ·
1892 1973 2333 2147 {fflhgiffiss‘s
2352 2068 2476 2118 Anci
2502 2069 2638 2144 ει»,

225 2141 600 2221 habuerant,
647 2165 716 2208 se
761 2144 968 2230 patrio
1011 2165 1210 2230 regno
1253 2145 1474 2210 tutoris
1524 2143 1745 2210 fiaude
1834 2145 2022 2223 ulsoS,
2067 2169 2331 2246 regnare
2346 2147 2661 2246 ‘gammin-

178 2254 212 2296 4
227 2228 480 2294 Romae
507 2229 839 2306 advenam,
861 2251 996 2293 non
1023 2229 1216 2293 modo
1243 2230 1497 2307 civicae,
1522 2230 1637 2295 sed
1664 2251 1748 2295 nc
1778 2167 2039 2296 ftalicae
2069 2233 2335 2319 qmdem
2476 2233 2490 2246 ⁶

181 2315 482 2403 5stirpi83
537 2327 674 2380 tum
725 2315 1076 2402 impensius
1121 2315 1220 2378 his
1268 2315 1615 2403 indignitas
1664 2339 1967 2395 crescere,
2012 2318 2065 2382 si
2116 2340 2200 2382 ne
2254 2319 2335 2384 ab

229 2399 586 2488 Tarquinio
615 2401 878 2487 quidem
907 2400 992 2464 ad
1019 2421 1087 2464 se
1116 2401 1350 2466 rediret
1377 2423 1668 2488 regnum,
1710 2403 1824 2466 sed
1850 2425 2153 2490 praeceps
2182 2403 2335 2468 inde

227 2509 420 2575 porro
457 2487 542 2551 ad
583 2485 840 2551 servitia
880 2485 1168 2551 caderet:
1217 2499 1291 2550 ut
1323 2487 1394 2551 in
1431 2487 1660 2551 eadem
1702 2487 1953 2552 civitate
1997 2501 2145 2574 post
2184 2511 2337 2552 cen-

180 2583 214 2635 6
229 2573 530 2638 tesimum
556 2573 688 2637 fere
737 2593 998 2650 annum,
1039 2594 1232 2658 quam
1263 2571 1579 2636 Romulus
1608 2571 1731 2636 deo
1770 2587 2136 2658 prognatus,
2176 2573 2337 2638 deus

227 2661 388 2747 ipse,
437 2659 718 2724 tenuerit
761 2680 1052 2758 regnum,
1111 2657 1316 2722 donec
1366 2657 1436 2720 in
1483 2657 1667 2721 terris
1723 2657 1935 2734 fuerit,
1994 2657 2065 2724 iel
2122 2681 2337 2723 servus

229 2767 412 2810 serva
459 2756 648 2809 natus
689 2743 1027 2832 possideat.
1117 2743 1289 2807 Tum
1330 2765 1669 2808 commune
1716 2741 1995 2808 Romani
2040 2744 2337 2821 nominis,

229 2829 848 2982 εἰᾛψψείἑᾱ
869 2827 1913 2992 333303323‘325532230323}
1936 2828 2130 2980 Ἢ
2172 2831 2339 2978 ‘52¹⁵

375 2941 398 2981 1
2128 2963 2149 2992 ,
2308 2953 2339 2966 -

231 3026 392 3068 num
421 2929 669 3068 ffi
780 2939 962 3067 ibai-et.
1040 2999 1234 3065 Ferro
1263 3001 1456 3089 igitur
1483 3023 1627 3065 eam
1650 3023 1860 3065 arcere
1882 2939 2336 3066 conmmeligign

229 3101 540 3156 statuunt.
747 3101 816 3153 et
841 3086 1110 3152 iniuriae
1129 3086 1316 3152 dolor
1335 3086 1406 3151 in
1426 3086 1855 3174 Tarquinium
1876 3087 2087 3174 ipsum
2116 3088 2335 3174 magis,

299 3314 330 3348 α
363 3301 520 3350 Serva
538 3301 736 3361 numm]
769 3300 804 3326 ‘⁶
818 3299 986 3356 Quem
1007 3297 1171 3347 ferunt
1192 3311 1256 3346 ex
1320 3297 1484 3346 Tusce
1514 3298 1770 3348 Mastama
1805 3297 1853 3347 ei
1896 3295 2077 3346 nomen
2110 3303 2232 3356 erat,
2269 3295 2340 3346 its

233 3377 378 3412 sarva
401 3363 742 3426 Tarquiniensi
773 3369 964 3422 natum,
985 3377 1098 3411 cum
1132 3367 1258 3410 esset
1320 3362 1605 3424 appellatus
1646 3368 1738 3422 est,
1786 3367 1845 3410 ut
1882 3361 2005 3422 dixi,
2043 3366 2095 3410 et
2135 3375 2338 3423 regnum

235 3441 302 3476 ex
329 3428 543 3489 quodam
575 3427 700 3502 regis
729 3427 908 3476 cliente
937 3429 1256 3488 conceptus.”
1317 3439 1514 3474 summa
1532 3440 1647 3476 cum
1668 3425 1789 3488 reip.
1805 3425 2020 3474 utilitate
2040 3425 2267 3474 obtinuit.

235 3491 344 3540 cic.
374 3491 440 3539 de
467 3491 596 3553 Rep.
625 3491 674 3540 i1.
709 3505 785 3539 αι.
829 3489 890 3539 cf.
913 3491 1047 3540 Fest.
1071 3505 1114 3539 ν.
1143 3491 1255 3539 Ser·
1383 3507 1415 3550 4
1447 3492 1566 3538 Non
1596 3491 1731 3538 modo
1761 3489 1968 3548 civicae]
2036 3489 2157 3536 Non
2192 3488 2341 3536 modo

233 3571 408 3604 vorum
427 3557 543 3603 dies.
569 3554 824 3602 Wachsm.
847 3569 896 3616 p.
914 3553 1030 3627 361.
1321 3567 1437 3602 non.
1504 3551 1625 3630 Vidz
1646 3551 1753 3600 inst.
1778 3551 1827 3602 ii.
1852 3565 1929 3613 23.
1952 3557 2005 3599 et
2025 3551 2088 3600 iv.
2114 3566 2157 3612 3.
2288 3616 2300 3628 ⁸

236 3619 478 3744 50³1fip.
505 3619 688 3730 cllaufil
717 3617 994 3743 313¹&
1007 3617 1258 3742 ²021.ssss
1320 3629 1434 3728 filiii
1463 3617 1995 3740 fficifwffiiss‘rm,
2036 3615 2341 3740 aaa&

235 3745 324 3793 fol.
362 3760 413 3807 p.
453 3745 564 3806 528.
604 3745 681 3792 vel
715 3760 796 3807 ap.
837 3743 1037 3803 Gruter,
1074 3758 1123 3805 p.
1161 3757 1257 3791 nu.
1324 3743 1738 3804 quemadmodum
1776 3741 1885 3793 inst.
1922 3753 2001 3804 45.
2077 3741 2203 3791 Inde
2234 3743 2341 3804 pri·

234 3807 480 3857 “Servius
493 3807 709 3866 Tullius,
724 3807 766 3855 si
780 3813 969 3855 nostros
984 3819 1260 3868 sequamur,
1322 3823 1456 3854 mum
1475 3807 1721 3855 miseratio
1740 3808 1839 3866 mi,
1859 3807 2033 3856 deinde
2054 3807 2343 3867 indiffinita-s,

235 3870 440 3933 captiva
451 3875 600 3919 natm
613 3869 825 3921 Amisia:
859 3870 900 3918 si
917 3869 1122 3928 Tuscos,
1138 3871 1264 3920 Coe-
1327 3877 1475 3932 osque
1493 3886 1557 3918 ee
1576 3885 1639 3919 ea
1656 3872 1737 3917 ira
1757 3872 1945 3919 animos
1965 3871 2107 3931 oepit.

237 3935 276 3983 li
305 3935 560 3997 quondam
587 3934 846 3982 Vivennae
873 3933 1060 3982 sodalis
1085 3932 1264 3982 fidelis-
1397 3931 1432 3982 6
1471 3933 1793 3982 Centesimum
1822 3933 1963 3994 sm]
2034 3932 2345 3982 centesimus

235 3999 409 4057 simus,
445 3997 702 4058 omnisqiie
743 3996 846 4045 eius
889 4011 1030 4046 casus
1067 3997 1256 4046 socius:
1321 3995 1422 4044 iam
1451 4003 1505 4044 ct
1532 3995 2087 4058 duodequadragesimus
2110 3998 2344 4057 agebatur

237 4067 504 4125 postquam
523 4060 656 4108 varia
685 4061 882 4108 fortuna
911 4065 1116 4109 exactus
1145 4075 1260 4108 cum
1323 4075 1498 4117 annus,
1536 4073 1598 4106 ex
1636 4073 1733 4120 quo
1772 4059 2019 4108 Romulus
2054 4059 2341 4106 decesserat.

238 4125 468 4174 omnibu·
509 4123 708 4185 reliquis
749 4123 976 4173 Coeliani
1017 4121 1262 4172 exercitus
1323 4123 1422 4172 Sed
1443 4121 1537 4170 filii
1558 4122 1685 4170 Anci
1718 4124 1941 4172 consulto
1969 4123 2227 4171 decurtant
2258 4135 2344 4166 an-

239 4188 443 4238 Etruria
495 4187 720 4248 ace-it,
766 4193 986 4236 montem
1030 4185 1260 4236 Coelium
1323 4201 1498 4234 norum
1530 4201 1789 4234 numerum
1820 4188 1885 4234 ad
1915 4185 2191 4246 augendam
2222 4183 2343 4230 invi-

239 4251 522 4314 occupadt,
553 4259 606 4300 et
641 4267 674 4300 a
704 4253 832 4301 duce
865 4266 954 4300 suo
986 4250 1160 4300 Coelio
1191 4249 1262 4298 ita
1325 4250 1460 4298 diam
1504 4263 1568 4297 ex
1612 4249 1721 4311 ipsa
1762 4256 2041 4312 temporum
2080 4244 2342 4294 vicinitate.

238 4315 574 4378 appellitant,
595 4321 885 4378 mutatoque
905 4314 1122 4372 nomine,
1146 4327 1262 4362 nam
1327 4314 1489 4363 Can.
