3000 4784
847 148 1037 215 LIB.
1084 148 1207 215 III.
1273 148 1495 217 CAP.
1544 156 1646 219 65.
2165 157 2292 217 215

170 286 395 351 uibus
423 287 495 351 in
525 286 892 374 suffragium
930 288 1230 365 mitteret,
1262 304 1375 353 aut
1410 288 1792 353 concederet
1829 300 2059 353 sortem
2093 289 2291 353 comi-
2311 311 2378 363 U.
2399 292 2594 377 (1306.

176 374 431 437 tiorum
474 372 751 461 collegis,
789 374 1097 439 habituris
1136 398 1175 439 e
1218 375 1359 463 lege
1403 376 1615 462 potius
1657 376 1931 452 comitia,
1969 398 2162 462 quam
2203 398 2289 441 ex
2306 377 2368 429 A.
2401 380 2460 429 C·
2483 376 2596 442 44⁶·

168 460 524 525 voluntate
570 460 869 537 Patrum3
918 461 1155 526 iniecta
1194 462 1623 539 contentione,
1671 461 1951 539 Duilius,
1997 460 2288 527 consules

168 547 268 609 ad
310 546 617 611 subsellia
657 546 890 612 accitos
928 571 1133 635 quum
1178 549 1641 636 interrogasset,
1683 548 1843 636 quid
1885 548 1968 612 de
2015 547 2288 613 comitiis

170 632 631 697 consularibus
658 634 729 697 in
761 635 973 699 animo
1002 635 1329 713 haberent,
1352 636 1969 737 respondissentque,
1993 658 2060 700 se
2091 658 2288 700 novos

104 738 147 785 6
170 720 489 784 consules
518 733 853 797 creaturos,
884 734 1173 786 auctores
1206 722 1542 809 populares
1581 734 1934 788 sententiae
1969 722 2142 786 haud
2169 746 2288 809 po-

168 805 435 894 pularis
463 820 707 883 nactuS,
737 808 807 869 in
836 808 1206 873 concionem
1238 831 1385 873 cum
1414 809 1492 873 iis
1521 808 1840 896 processit.
1920 807 2054 875 Ubi
2085 830 2284 895 quum

170 892 505 969 consules,
538 894 831 979 producti
874 894 957 957 ad
998 916 1083 981 po
1128 895 1325 973 ulum,
1368 895 1604 961 interro
1687 896 1882 982 tique,
1923 896 1976 959 si
2019 918 2128 960 eos
2169 918 2287 983 po-
2339 936 2394 958 .-.
2455 916 2470 977 '.

170 980 381 1067 pulus
416 979 766 1057 Romanus,
809 1003 1051 1045 memor
1082 918 1394 1046 libertatis
1430 1005 1548 1069 per
1589 984 1600 995 “
1656 1005 1726 1046 os
1762 995 2052 1069 receptae
2090 982 2285 1060 domi,
2414 973 2472 1064 ,⁰¹

174 1089 441 1131 memor
460 1066 721 1131 militiae
742 1089 1083 1155 rerumque
1105 1082 1444 1155 gestarum,
1466 1069 1755 1133 consules
1775 1069 2008 1133 iterum
2030 1068 2283 1146 faceret,
2364 1060 2408 1093 ‘¹

170 1154 505 1241 quidnam
548 1153 775 1217 facturi
822 1169 1047 1230 essent,
1096 1155 1255 1219 nihil
1298 1156 1650 1219 sententiae
1697 1178 1848 1219 suae
1895 1167 2282 1232 mutassent3

170 1240 567 1305 collaudatis
595 1240 977 1317 consulibua
1009 1241 1183 1328 quod
1212 1255 1686 1328 perseverarent
1719 1241 1804 1305 ad
1832 1240 2127 1305 ultimum
2157 1240 2287 1305 dis-

170 1327 433 1391 similes
484 1326 983 1391 decemvirorum
1034 1350 1191 1404 esse,
1240 1327 1495 1392 comitia
1548 1327 1808 1392 habuit=
1863 1341 1948 1405 et,
1998 1328 2284 1414 quinque
2382 1398 2392 1405 ‚

169 1414 467 1478 tribunis
494 1411 697 1500 plebis
725 1415 969 1491 creatiS,
1000 1436 1200 1501 quum
1280 1436 1385 1478 rae
1424 1414 1650 1479 studiis
1677 1428 1892 1501 aperte
1928 1414 2284 1502 petentium

118 1526 151 1575 ’,-
168 1523 427 1565 novem
458 1500 855 1565 tribunorum
884 1500 991 1564 alii
1020 1437 1342 1566 candidgti
1372 1501 1572 1567 tribus
1601 1525 1732 1566 non
1761 1500 2108 1588 explerent,
2133 1523 2286 1565 con-

171 1588 413 1652 cilium
472 1586 751 1663 dimisit3
826 1610 947 1652 nec
1003 1587 1239 1652 deinde
1312 1588 1712 1653 comitiorum
1784 1610 1970 1653 causa
2040 1588 2280 1653 habuit.

176 1674 605 1739 Satisfactum
644 1673 771 1761 legi
808 1673 1035 1752 aiebat,
1068 1698 1253 1761 quae,
1294 1697 1558 1739 numero
1597 1696 1912 1761 nusquam
1995 1674 2286 1740 raefinito

176 1761 489 1837 tribuniS,
520 1760 711 1825 modo
754 1773 829 1825 ut
871 1760 1398 1847 relinquerentur,
1444 1762 1753 1837 sanciret3
1801 1774 1868 1826 et
1911 1784 1948 1826 a
2033 1760 2130 1839 iis,
2170 1762 2284 1849 qui

116 1870 155 1916 8
176 1848 393 1913 creati
423 1860 653 1925 essent,
683 1848 971 1948 cooptari
1010 1848 1281 1933 collegas
1320 1848 1583 1912 iuberet.
1677 1847 2138 1936 Recitabatque
2182 1870 2286 1913 ro-

172 1934 467 2022 gationis
496 1956 770 2011 carmen,
802 1957 871 1997 m
901 1957 1049 2021 quo,
1082 1943 1103 1973 ‘
1124 1934 1192 1999 Si
1224 1934 1509 1999 tribunos
1537 1934 1746 2021 plebei
1773 1934 2000 1999 decem
2029 1936 2282 2021 rogab0‚

180 2031 199 2060 ‘
224 2023 287 2086 si
324 2021 444 2108 qui
478 2044 589 2085 vos
632 2022 842 2086 minus
884 2021 1076 2085 hodie
1120 2020 1341 2085 decem
1388 2022 1674 2086 tribunos
1715 2020 1927 2108 plebei
1965 2021 2239 2086 feceritis
2259 2048 2278 2087 ε

178 2119 197 2147 ‘
226 2109 305 2173 hi
338 2121 479 2172 tum
508 2109 621 2185 uti,
653 2130 815 2195 quos
852 2108 973 2172 sibi
1016 2105 1288 2195 collegas
1330 2130 1447 2172 coo
1492 2108 1732 2185 tassint,
1763 2120 1838 2171 ut
1881 2108 1974 2172 illi
2016 2108 2282 2195 legitimi

181 2206 201 2235 ‘
227 2194 466 2260 eadem
495 2194 633 2281 lege
664 2194 903 2258 tribuni
930 2193 1142 2282 plebei
1170 2196 1317 2271 sint,
1340 2207 1413 2258 ut
1513 2194 1556 2271 i,
1588 2217 1748 2280 quos
1776 2194 1966 2259 hodie
1999 2194 2284 2261 tribunos

180 2292 203 2322 ‘
225 2280 451 2370 plebei
478 2280 791 2345 feceritis!
849 2280 1126 2358 Duilius,
1151 2302 1351 2368 quum
1375 2280 1457 2345 ad
1480 2280 1775 2345 ultimum
1887 2294 2280 2361 rseverasset,

172 2366 491 2455 negando
537 2366 905 2453 quindecim
950 2368 1236 2431 tribunos
1286 2367 1496 2454 plebei
1548 2390 1682 2432 rem
1727 2369 1815 2431 ub
1843 2368 2003 2433 'cam
2049 2369 2280 2434 habere

178 2476 398 2543 posse,
420 2453 589 2518 victa
612 2454 997 2541 collegarum
1017 2452 1387 2540 cupiditate,
1410 2453 1646 2539 pariter
1723 2454 1960 2518 atribus
1981 2454 2280 2542 plebique

177 2554 512 2629 acceptuS,
544 2540 911 2628 magistratu
938 2540 1109 2604 abiit.

278 2626 458 2693 Novi
488 2627 726 2692 tribuni
752 2626 955 2714 plebis
982 2626 1053 2690 in
1081 2625 1455 2715 cooptandis
1482 2624 1740 2713 collegis
1763 2624 2030 2690 Patrum
2057 2625 2282 2691 volun·
2396 2621 2498 2683 65·

128 2748 161 2797 9
180 2730 394 2781 tatem
439 2714 767 2779 foverunt:
823 2714 984 2779 duos
1030 2713 1223 2778 etiam
1270 2712 1566 2799 patricios
1610 2712 2116 2800 consularesque,
2170 2712 2275 2800 Sp.
2302 2705 2368 2757 U·
2392 2706 2451 2756 0·
2477 2718 2586 2767 ³0⁷·

178 2802 547 2890 Tarpeium
596 2814 664 2865 et
708 2800 791 2865 A.
827 2800 1144 2878 Aterium,
1198 2814 1587 2888 coeptavere.
1699 2799 2016 2866 Consules
2064 2801 2278 2879 creati,
2299 2769 2586 2883 aaliz?

180 2890 340 2955 Lar.
372 2887 765 2964 Herminius,
791 2887 867 2953 T.
891 2886 1221 2975 Virginius
1254 2886 1796 2965 Coelimontanus,
1827 2887 1990 2951 nihil
2019 2910 2282 2976 magno—
2297 2898 2466 2971 minio,
2509 2960 2520 2973 ⁸
2561 2960 2572 2973 ·

177 2998 343 3063 pere
377 2974 459 3039 ad
488 2974 752 3038 Patrum
780 2987 893 3037 aut
918 2973 1121 3062 plebis
1150 2998 1401 3039 causam
1430 2975 1738 3052 inclinati,
1772 2975 1974 3040 otium
2003 2975 2180 3041 domi
2207 2998 2281 3041 ac
2299 2963 2360 3013 Τ·
2385 2962 2606 3025 Vm

176 3063 345 3129 foris
376 3061 673 3126 habuere.
750 3059 825 3125 L.
848 3060 1206 3125 Trebonius
1236 3063 1526 3127 tribunus
1552 3061 1772 3150 plebis,
1797 3062 2060 3128 infestus
2087 3064 2283 3150 patri-
2299 3028 2434 3079 0⁰⁸⁴

182 3151 331 3227 buS,
352 3147 529 3236 quod
556 3169 622 3211 se
641 3147 719 3212 ab
738 3147 815 3211 iis
832 3146 902 3210 in
920 3148 1289 3234 cooptandis
1310 3148 1576 3213 tribunis
1597 3149 1816 3213 fraude
1839 3162 2116 3236 captum,
2181 3172 2284 3214 ro-

140 3260 160 3293 1
186 3237 409 3301 ditum
436 3258 477 3299 a
502 3232 780 3333 collegis,
812 3234 1037 3312 aiebat,
1068 3234 1461 3322 rogationem
1503 3234 1668 3311 tulit,
1717 3242 1736 3273 ‘
1760 3233 1856 3298 Ut
1884 3234 1996 3322 qui
2029 3172 2284 3322 plegem

188 3332 211 3363 ‘
236 3323 599 3387 Romanam
622 3322 905 3387 tribunos
932 3320 1105 3408 plebi
1134 3334 1399 3409 rogaret,
1424 3320 1478 3383 is
1507 3342 1705 3405 usque
1735 3342 1814 3384 eo
1841 3334 2108 3407 rogaret,
2128 3321 2285 3387 dum

269 3468 303 3517 6
347 3470 585 3517 Auctore-s
630 3470 894 3531 populares
943 3470 1209 3517 sententiae

191 3536 331 3583 haud
368 3534 651 3596 popularis]
721 3532 801 3579 Ita
846 3532 1026 3580 Stroth.
1075 3532 1207 3593 Rup-

194 3598 412 3647 Bekker.
436 3598 625 3659 legend.
650 3600 867 3653 censent,
882 3597 967 3643 sed
988 3594 1075 3643 alii
1094 3610 1210 3643 auc-

192 3671 321 3711 tores
356 3662 617 3723 popularis
648 3662 916 3710 sententiae
950 3660 1087 3707 haud
1122 3675 1207 3721 po-

190 3728 413 3789 pulares,
428 3727 557 3786 quod
580 3725 749 3786 paullo
771 3722 984 3785 ineptius
1006 3723 1209 3771 videtur.

262 3802 291 3853 7
328 3790 505 3837 Tribus
522 3804 623 3837 mm
643 3788 919 3851 explerent]
956 3788 1003 3835 h.
1026 3803 1069 3835 e.
1093 3788 1209 3837 Cer-

1274 3482 1400 3529 quae
1428 3464 1786 3527 cooptationem
1815 3464 2028 3515 iuberet:
2063 3470 2148 3516 sed
2171 3483 2282 3517 con-

1273 3536 1365 3588 tra,
1376 3528 1602 3578 Duilium
1618 3544 1748 3577 nunc
1761 3528 1970 3590 primum
1985 3532 2282 3593 rogationem

1274 3594 1461 3651 tulisse,
1482 3593 1620 3641 cuius
1647 3606 1842 3641 carmen
1871 3594 1954 3642 hic
1985 3596 2214 3645 recitatur
2239 3600 2284 3647 a·

1273 3660 1359 3723 qui
1448 3657 1488 3707 si
1504 3672 1600 3719 qua
1611 3656 1814 3719 ratione,
1825 3661 1988 3707 minus
1998 3660 2229 3719 decem‚h.
2239 3676 2282 3711 e.

1276 3722 1434 3770 minus
1448 3736 1595 3783 quam
1613 3722 1806 3771 decem:
1832 3724 1870 3770 ii
1887 3724 1980 3782 uti,
1993 3723 2040 3772 h.
2051 3739 2094 3773 e.
2111 3729 2166 3773 ut
2177 3724 2266 3775 ini.

1278 3851 1289 3863 ·
1338 3802 1369 3851 9
1390 3790 1557 3836 Duos.
1573 3822 1585 3834 .
1601 3823 1613 3835 .
1623 3788 1881 3848 patricios]
1905 3788 2040 3837 Hinc
2059 3788 2286 3851 patricios

196 3861 305 3903 tum
339 3859 489 3915 atque
526 3854 633 3915 lege
666 3852 923 3901 definitum
952 3866 1212 3901 numerum

198 3918 533 3981 suffragiorum
566 3934 665 3966 non
696 3918 893 3975 ferrent,
922 3932 1073 3978 quum
1106 3932 1210 3965 sen-

198 3983 381 4031 tentiae
412 3982 629 4030 tribuum
660 3980 711 4030 in
746 3982 927 4029 multas
960 3980 1211 4041 variasque

200 4054 361 4110 partes
380 4046 775 4095 distraherenmr.
808 4044 871 4094 cf.
891 4045 1005 4095 infr.
1026 4042 1210 4093 xxxvii.

202 4125 295 4225 ⁴7‘8
319 4176 543 4235 luberet]
573 4176 777 4224 lubebat
799 4173 879 4223 hic
900 4173 1077 4237 requiri
1098 4188 1211 4222 acu-

202 4240 333 4288 mine
356 4254 447 4287 suo
477 4238 599 4287 vidit
620 4238 825 4287 Niebhr.
850 4238 899 4287 ii.
921 4255 969 4287 n.
992 4240 1106 4301 834,
1129 4237 1212 4299 qui

206 4305 389 4353 nullam
434 4304 594 4365 legem
639 4302 803 4351 adhuc
838 4302 985 4351 fuisse
1028 4306 1211 4360 censet,

1272 3866 1325 3901 m
1373 3850 1547 3901 iisdem
1591 3853 1812 3901 tribubus
1851 3855 2144 3914 remam-iis
2183 3868 2284 3901 una

1276 3930 1390 3963 cum
1434 3917 1579 3977 plebe
1625 3922 1736 3978 post
1777 3917 2157 3966 decemviratum
2201 3918 2282 3965 de-

1274 3980 1479 4042 scriptos
1495 3980 1640 4029 fixisse
1657 3986 1821 4029 censet
1839 3981 2043 4032 Niebhr.
2089 3981 2162 4030 Hi
2183 3982 2284 4029 duo

1275 4044 1409 4106 plebi
1432 4044 1640 4107 pei-grati
1663 4048 1818 4104 erant,
1838 4047 1970 4106 quod
1989 4047 2040 4093 in
2063 4046 2282 4093 00an

1274 4114 1330 4156 tu
1343 4123 1431 4156 suo
1443 4124 1574 4171 supr.
1592 4122 1670 4171 31,
1683 4110 1842 4171 legem
1855 4110 1918 4157 de
1929 4110 2117 4157 multae
2129 4122 2284 4155 sacra-

1276 4179 1445 4221 mento
1466 4173 1781 4235 pertulerant.

1346 4252 1367 4284 1
1404 4236 1744 4298 Royatn'onem]
1779 4236 1926 4291 Quae
1945 4237 2026 4284 lou·
2051 4236 2289 4286 Trebonia

1278 4302 1337 4351 do
1356 4301 1654 4363 cooptat-‘ono
1675 4302 1980 4351 munorum
2001 4297 2192 4350 dicitur.
