3000 4784
698 241 736 299 2
1117 231 1315 298 ΤΙΤΙ
1359 230 1593 296 LIVII
1641 230 2063 297 EPITOME
2108 232 2279 298 LIB.
2327 232 2381 298 I.

689 374 974 456 protinus
1003 371 1081 433 ab
1109 371 1260 434 Atto
1269 371 1539 453 factum.
1617 369 1872 432 Sabinos
1890 379 2209 454 praeterea
2230 373 2360 432 acie
2378 373 2560 444 vicit3
2592 372 2798 433 urbem

699 481 874 521 muro
902 459 1294 520 circumdedit
1305 481 1331 532 ,·
1376 457 1613 519 cloacas
1636 457 1813 539 jecit.
1916 456 2166 518 Occisus
2203 467 2291 519 est
2317 458 2394 519 ab
2421 457 2588 520 Anci
2605 458 2797 538 filiis,

699 567 884 630 quum
914 554 1220 630 reynasset
1243 565 1434 607 annos
1463 545 1715 628 tri-qima
1744 553 1886 606 octo.
1942 542 2237 606 Successit
2264 547 2321 606 ei
2354 543 2484 607 Ser.
2532 545 2797 619 Tullius,

699 642 882 694 natus
933 655 1004 694 ez·
1049 634 1292 716 captiva
1343 631 1527 694 nobili
1574 630 2024 706 Corniculana3
2084 634 2186 693 cui
2216 653 2430 715 puero,
2484 632 2687 693 adhuc
2732 634 2801 694 in

699 721 870 780 cunis
918 721 1135 802 posito,
1197 727 1381 802 caput
1437 720 1657 782 arsisse
1715 717 2006 778 traditum
2064 727 2165 780 est.
2299 717 2561 780 Veientes
2616 727 2803 802 atque

697 804 996 867 Etruscos
1013 805 1244 888 proelio
1253 805 1449 887 fudit.
1553 803 1808 867 Censum
1825 807 2069 887 primus
2107 805 2241 888 eyit.
2332 805 2628 866 Lustrum
2658 827 2803 867 con-

699 892 872 967 didit,
911 913 1028 976 quo
1063 894 1282 954 civium
1321 893 1527 975 capita
1566 912 1742 952 censa
1782 893 2081 973 octoyinta
2120 891 2313 953 millia
2342 913 2462 953 esse
2490 892 2795 954 dicuntur.

711 977 945 1042 Classes
974 981 1389 1062 centuriasque
1417 977 1745 1060 descripsit.
1827 975 2208 1039 Pomoerium
2227 979 2503 1061 protulit.
2606 977 2802 1041 Colles

699 1066 854 1141 urbi,
900 1065 1296 1142 Quirinalem,
1323 1065 1719 1139 ‚Viminalem,
1750 1062 2256 1148 Esquilinumque
2282 1064 2514 1126 adiecit.
2618 1065 2803 1126 Tem-

688 1151 866 1235 plum
895 1152 1148 1214 Dianae
1175 1173 1310 1214 cum
1339 1151 1586 1214 Latinis
1615 1153 1679 1212 in
1700 1149 1997 1212 Aventino
2007 1151 2183 1232 ficit.
2254 1151 2615 1233 Interfectus
2641 1161 2731 1212 est
2756 1175 2801 1214 a

699 1239 778 1300 L.
826 1239 1182 1323 TarquiniO,
1223 1238 1431 1300 Prisci
1444 1238 1613 1318 filio,
1646 1236 1885 1300 consilio
1898 1237 2085 1317 filiae
2122 1259 2269 1299 suae
2311 1237 2569 1312 Tulliae,
2611 1259 2800 1322 quum

697 1335 1003 1409 reynasset
1041 1347 1232 1388 annos
1273 1325 1685 1410 quadraqinta
1728 1332 2028 1408 quattuor.
2121 1323 2271 1385 Post
2309 1325 2469 1386 hunc
2503 1325 2581 1386 L.
2632 1324 2800 1387 Tar-

699 1415 942 1496 quinius
976 1412 1302 1496 Superbus,
1335 1433 1520 1496 neque
1546 1410 1831 1484 Pastum,
1863 1432 2049 1494 neque
2065 1410 2285 1494 populi
2319 1412 2505 1486 iussu,
2546 1433 2796 1495 regnum

698 1501 922 1560 invasit
936 1523 957 1560 .·
1004 1521 1121 1582 quo
1157 1500 1254 1559 die
1297 1499 1586 1560 scelerata
1645 1496 1855 1558 Tullia
1888 1519 2006 1579 per
2036 1499 2243 1580 patris
2289 1499 2535 1559 iacentis
2580 1521 2799 1582 corpus

699 1594 1050 1668 carpentum
1080 1587 1213 1667 eqit.
1305 1583 1597 1646 Armatos
1625 1585 1789 1644 circa
1818 1604 1879 1643 se
1908 1584 1995 1644 ad
2026 1584 2356 1646 custodiam
2396 1588 2661 1668 corporis
2699 1589 2803 1648 sui

699 1671 924 1734 habuit.
1031 1671 1310 1732 Turnum
1339 1671 1721 1732 Herdonium
1731 1669 1971 1750 fraude
1998 1670 2309 1732 interemit.
2386 1670 2629 1733 Bellum
2657 1694 2797 1734 cum

718 1758 942 1821 Volscis
962 1760 1178 1841 qessit3
1219 1766 1278 1819 et
1303 1779 1372 1818 esc
1400 1779 1603 1819 eorum
1630 1756 1874 1840 praeda
1908 1756 2191 1840 templum
2224 1757 2358 1818 Iovi
2393 1759 2457 1820 in
2498 1756 2798 1841 Capitolio

678 1845 856 1926 jecit.
963 1844 1282 1906 Terminus
1331 1853 1390 1905 et
1439 1843 1725 1907 Iuventas
1782 1863 1899 1904 non
1958 1843 2238 1906 addin-ere
2254 1866 2275 1906 .·
2337 1865 2589 1927 quorum
2647 1867 2799 1907 arae

697 1933 923 1994 moveri
953 1952 1072 1993 non
1095 1939 1437 2015 potuerunt.
1548 1929 1703 1992 Filii
1735 1928 1870 1991 Sex.
1920 1929 2249 2014 Tarquinii
2280 1931 2414 1992 dolo
2462 1929 2690 1993 Gabios
2730 1935 2799 1995 in

687 2027 1040 2101 potestatem
1084 2040 1258 2080 suam
1301 2018 1541 2101 redeyit.
1633 2017 1845 2079 Huius
1869 2017 2037 2096 filiis
2078 2016 2350 2100 Delphos
2386 2017 2693 2101 profectis,
2738 2029 2803 2080 et

697 2104 1146 2180 consulentibus,
1184 2106 1318 2188 quis
1346 2126 1548 2166 eorum
1578 2111 1941 2187 regnaturus
1974 2113 2121 2165 esset
2148 2104 2397 2181 Romae,
2428 2104 2651 2167 dictum
2686 2115 2795 2180 est,

695 2213 828 2254 eum
859 2201 1270 2275 reynaturum,
1307 2191 1414 2275 qui
1445 2191 1686 2274 primus
1720 2199 1971 2251 matrem
2007 2190 2310 2253 osculatus
2348 2199 2509 2252 esset.
2614 2191 2800 2269 Quod

695 2299 1040 2362 responsum
1078 2299 1261 2362 quum
1300 2279 1421 2360 ipsi
1463 2276 1642 2338 aliter
1676 2278 2228 2358 interpretarentur,
2280 2276 2497 2340 Iunius
2530 2277 2794 2354 Brutus,

693 2367 801 2448 qui
827 2387 963 2426 cum
991 2367 1067 2426 iis
1091 2366 1405 2448 profectus
1442 2372 1593 2438 erat,
1626 2362 1987 2446 prolapsum
2022 2385 2084 2424 se
2116 2364 2439 2439 simulavit,
2476 2374 2536 2426 et
2568 2373 2795 2427 terram

693 2451 995 2515 osculatus
1023 2459 1137 2513 est.-
1171 2452 1347 2536 idque
1356 2451 1609 2532 factum
1638 2452 1764 2512 eius
1791 2459 2029 2512 eventus
2052 2452 2142 2511 rei
2156 2451 2572 2534 comprobavit.
2620 2450 2797 2514 Nam

695 2560 898 2622 quum,
933 2540 1283 2621 impotenter
1319 2559 1381 2600 se
1405 2537 1685 2622 yerendo‚
1733 2536 2113 2619 Tarquinius
2147 2536 2456 2620 Superbus
2490 2559 2687 2600 omnes
2726 2542 2795 2602 in

695 2625 896 2688 odium
925 2627 1024 2688 sui
1055 2625 1402 2687 adduxisset
1413 2649 1438 2698 ,-
1475 2623 1565 2686 ad
1600 2623 1893 2697 ultimum,
1922 2632 2176 2706 propter
2214 2647 2367 2708 eapu
2492 2634 2617 2686 tam
2652 2645 2795 2687 noc-

693 2721 879 2774 turna
907 2715 972 2773 vi
997 2733 1038 2772 a
1073 2711 1253 2774 Sexto
1264 2711 1414 2791 filio
1451 2713 1579 2772 eius
1607 2710 1929 2771 Lucretiae
1946 2710 2309 2792 pudicitiam
2344 2646 2546 2796 (grube,
2583 2721 2794 2774 vocato

684 2807 869 2880 patre
907 2798 994 2858 ad
1025 2819 1085 2858 se
1127 2797 1488 2878 fflcipitino
1522 2805 1579 2856 et
1612 2799 1743 2856 viro
1782 2795 2098 2872 Collatino,
2140 2798 2449 2873 obtestata,
2488 2820 2561 2860 ne
2594 2799 2793 2860 inulta

694 2905 856 2944 mors
889 2886 1016 2945 eius
1050 2891 1214 2956 esset,
1260 2882 1452 2944 cultro
1489 2903 1551 2942 se
1584 2877 1908 2964 interemit)
1947 2883 2142 2945 Bruti
2181 2907 2363 2968 opera
2402 2887 2657 2946 maxime
2690 2907 2794 2947 ea:-

683 2969 904 3052 pulsus
961 2977 1064 3044 est,
1124 2989 1307 3052 quum
1353 2976 1660 3051 reynasset
1702 2989 1894 3030 annos
1944 2972 2160 3053 viyinti
2214 2973 2487 3055 quinque.
2613 2971 2793 3035 Tunc

693 3053 958 3118 consules
975 3057 1248 3138 primum
1278 3056 1468 3117 creati
1497 3063 1643 3118 sunt
1668 3055 1747 3116 L.
1782 3053 2001 3119 Iunius
2029 3057 2271 3120 Brutus
2309 3067 2368 3120 et
2393 3057 2471 3120 L.
2521 3058 2792 3143 Tarqui-

693 3144 832 3204 nius
859 3139 1209 3205 Collatinus.
2400 3157 2407 3163 ’
