3000 4784
733 256 861 321 532
1500 250 1730 318 TITI
1789 249 2065 318 LIVII

416 399 487 450 U.
508 398 571 451 c.
593 412 709 461 441·
742 402 1033 479 egerunt,
1084 387 1291 455 donec
1348 388 1429 453 ab
1486 388 1672 453 novis
1729 387 2094 455 oonsulibus
2141 386 2220 452 L.
2252 384 2522 474 Papirio
2569 383 2832 451 cums

415 465 477 514 A.
512 464 571 515 C.
596 476 653 524 31
666 476 709 513 1.

418 528 477 577 1..
498 526 697 589 Papirio

420 592 487 641 V.
504 593 563 641 C.
584 588 730 639 Iunio

422 656 498 705 11.
518 656 655 705 Coss.

422 717 677 769 Poetelius

398 784 642 855 dictator.

435 2220 491 2333 >ct

494 2256 508 2271 .
532 2218 592 2269 C.
614 2231 725 2280 442.

485 2320 498 2334 .
532 2284 591 2333 C.
619 2296 727 2345 310.

500 2384 513 2397 .
530 2344 751 2404 Valerio,

486 2447 499 2460 .
518 2410 678 2460 Decio

545 2540 648 2603 29.

436 2349 495 2526 ενι-ιε

791 479 1063 553 uintum,
1106 474 1185 541 C.
1210 475 1403 540 Iunio
1442 473 1738 541 Bubulco
1777 475 2030 553 iterum,
2059 474 2432 539 nominatus
2467 472 2724 537 dictator
2746 470 2804 535 C.

804 562 1069 629 oetelius
1111 584 1259 627 cum
1305 560 1400 625 M.
1430 560 1640 627 Foslio
1681 562 1979 648 magistro
2101 562 2310 625 uitum
2345 558 2702 625 exeminun
2735 579 2812 621 aa·

748 650 934 737 cepit.
997 647 1081 727 Is,
1111 670 1314 736 quum
1342 647 1624 712 audisset
1650 670 1860 713 arcem
1890 584 2326 713 Freeqllanam
2353 648 2444 711 ab
2471 644 2816 711 Samnitibus

750 748 1019 823 captam,
1072 735 1305 799 omisso
1350 732 1640 799 Boviano
1690 734 1776 798 ad
1821 732 2022 820 Frege
2181 733 2394 821 pergit
2417 758 2437 797 ε
2505 730 2696 807 unde,
2729 751 2820 793 no-

749 835 973 888 cturna
1021 820 1403 887 Samnitium
1442 821 1596 907 fuga
1639 820 1775 885 sine
1821 820 2168 885 certamine
2213 818 2496 905 receptis
2542 816 2598 883 F
2769 816 2780 827 '

750 907 1193 997 praesidioque
1266 905 1477 971 valido
1549 905 1868 993 imposito,
1933 906 2006 971 in
2079 904 2514 993 Campaniam
2698 903 2826 965 'tum

750 994 1026 1060 maxime
1058 993 1141 1058 ad
1171 991 1409 1059 Nolam
1438 993 1630 1057 armis
1657 991 2088 1079 repetendam.
2162 992 2261 1057 Eo
2289 1014 2356 1057 se
2387 992 2568 1057 intra
2595 987 2826 1059 moenia,

752 1080 871 1147 sub
902 1079 1245 1145 adventum
1275 1078 1618 1155 dictatoris,
1650 1092 1717 1143 et
1751 1076 2133 1143 Samnitium
2161 1079 2370 1143 omnis
2405 1074 2752 1141 multitudo
2781 1087 2830 1134 et

757 1166 999 1233 Nolani
1037 1178 1313 1253 agrestes
1350 1163 1767 1229 contulerant.
1843 1163 2180 1242 {Dictator,
2211 1164 2388 1229 urbis
2427 1163 2564 1228 situ
2601 1161 2830 1226 circum-

756 1266 993 1341 specto,
1026 1276 1155 1339 quo
1184 1250 1459 1339 apertior
1486 1249 1698 1315 aditus
1727 1250 1810 1315 ad
1835 1250 2094 1315 moenia
2119 1263 2304 1328 esset,
2327 1250 2560 1315 omnia
2585 1244 2832 1313 aedificia

756 1342 857 1427 (et
882 1340 1252 1424 frequenter
1280 1338 1371 1401 ibi
1400 1336 1834 1423 habitabatur)
1861 1336 2269 1402 circumiecta
2303 1337 2512 1401 muris
2541 1330 2828 1399 incendit:

756 1449 879 1491 nec
908 1425 997 1489 ita
1026 1424 1227 1489 multo
1255 1435 1418 1510 post,
1452 1423 1582 1488 sive
1615 1445 1654 1487 a
1681 1421 1973 1487 Poetelio
2002 1422 2330 1501 dictatore,
2361 1422 2504 1487 sive
2535 1422 2618 1485 ab
2649 1417 2721 1483 C.
2747 1414 2834 1511 Iu?

756 1513 867 1577 nio
898 1511 1157 1575 consule
1186 1510 1365 1597 (nam
1397 1521 1740 1595 utrumque
1773 1508 2073 1593 traditur)
2105 1507 2276 1573 Nola
2303 1521 2404 1573 est
2433 1520 2643 1595 capta.
2729 1501 2832 1575 Qffl

756 1610 978 1685 captae
1008 1596 1205 1661 decus
1228 1594 1435 1660 Nolae
1467 1594 1551 1659 ad
1578 1594 1904 1659 consulem
1933 1594 2214 1672 trahunt,
2238 1594 2581 1671 adiiciunt,
2607 1590 2832 1655 Atinam
2929 1600 2933 1635 '2

760 1698 829 1749 et
860 1682 1176 1747 Calatiam
1206 1682 1286 1746 ab
1314 1682 1544 1747 eodem
1573 1694 1822 1767 captas3
1855 1679 2217 1745 Poetelium
2243 1693 2488 1759 autem,
2509 1673 2836 1767 pestilentia

760 1782 915 1845 orta,
969 1767 1130 1832 clavi
1182 1767 1425 1853 figendi
1482 1790 1672 1832 causa
1727 1767 2104 1833 dictatorem
2154 1767 2418 1832 dictum.
2521 1764 2740 1831 Suessa
2785 1768 2862 1829 et:

758 1852 1029 1918 Pontiae
1092 1852 1322 1917 eodem
1388 1874 1560 1917 anno
1619 1853 1904 1918 coloniae
1965 1852 2278 1918 deductae
2343 1866 2522 1917 sunt.
2646 1850 2866 1913 sums

761 1940 1216 2004 Aunmcorum
1272 1938 1495 2003 fuerat.
1573 1938 1826 2004 ·Volsci
1883 1938 2164 2017 PontiaS,
2223 1938 2502 2005 insulam
2561 1936 2734 2002 sitam
2781 1930 2834 1992 in
2931 1934 2933 1985 ἶ

761 2036 1105 2111 conspectu
1146 2023 1347 2089 litoris
1386 2025 1505 2102 sui,
1535 2024 1950 2091 incoluerant.
2043 2025 2149 2103 Et,
2177 2025 2560 2091 Interamna
2591 2036 2659 2088 et
2685 2014 2834 2083 casi-

762 2134 921 2176 num
970 2124 1046 2176 ut
1096 2109 1568 2175 deducerentur
1617 2110 1921 2189 coloniae,
1969 2110 2592 2177 senatusconsultum
2633 2108 2832 2172 factum

765 2211 895 2263 est:
934 2197 1047 2263 sed
1076 2197 1438 2262 triumviros
1466 2219 1776 2275 creavere,
1805 2220 1881 2261 ac
1909 2198 2136 2262 misere
2165 2198 2544 2263 colonorum
2573 2202 2834 2282 quattuor

764 2284 964 2349 millia
990 2284 1398 2370 insequentes
1426 2282 1716 2347 consules
1746 2282 1842 2348 M.
1865 2282 2178 2361 Valerius,
2208 2283 2285 2348 P.
2311 2283 2582 2349 Decius.

853 2370 981 2435 Pro
1030 2370 1043 2383 ⁸
1093 2384 1197 2435 ato
1224 2369 1356 2434 fere
1396 2369 1777 2434 Samnitium
1817 2369 2003 2446 bello,
2033 2370 2402 2457 priusquam
2447 2393 2530 2435 ea
2571 2386 2714 2433 cura
2743 2358 2834 2423 dt*

765 2456 1024 2522 cederet
1123 2455 1362 2520 atribus
1409 2455 1738 2532 Romanis,
1787 2454 2038 2521 Etrusci
2084 2455 2236 2521 belli
2273 2456 2446 2521 fama
2490 2464 2710 2521 exorta
2741 2455 2832 2510 &¹-

768 2542 837 2609 N
840 2566 912 2608 ec
943 2554 1081 2607 erat
1108 2564 1185 2607 ea
1213 2554 1588 2629 tempestate
1616 2563 1774 2627 gens
1809 2540 1950 2619 alia,
1981 2541 2162 2606 cuius
2199 2542 2558 2607 secundum
2593 2533 2834 2603 Gallicos

2933 2024 2936 2129 l

2930 2362 2933 2427 ι

767 2627 1079 2694 tumultus
1106 2650 1281 2693 arma
1308 2626 1686 2693 terribiliora
1713 2640 1941 2704 essent,
1972 2650 2172 2715 quum
2253 2628 2680 2715 ropinquitate
2707 2614 2834 2715 ogisi,
2931 2630 2936 2687 ἴ.

767 2727 907 2780 tum
958 2713 1367 2780 multitudine
1421 2712 1773 2778 hominum.
1865 2712 2112 2801 Itaque,
2229 2728 2364 2779 tero
2415 2710 2738 2781 consulum
2779 2722 2832 2765 m

773 2800 1033 2867 Samnio
1068 2800 1365 2887 reliquias
1398 2799 1552 2864 belli
1586 2812 2030 2886 persequente,
2062 2799 2135 2864 P.
2163 2799 2426 2877 Decius,
2457 2800 2576 2887 qui
2703 2790 2836 2854 viter
2934 2837 2935 2857 ἢ

768 2908 958 3034 aBeger
977 2885 1226 2986 Romae
1242 2887 1576 2985 restiterat,
1595 2898 1852 2987 auctore
1875 2899 2103 2987 senatu
2118 2884 2497 2951 dictatorem
2519 2886 2598 2951 C.
2646 2877 2866 2947 unium

769 2969 1491 3121 iufflssssffiss‘znss’
1498 2984 1710 3145 ..¹:1¹⁹AE
1720 2973 2360 3145 2¹³²3r¹1¹1⁰53¹33¹33up⁰⁸0
2343 2973 2622 3124 .1‚.t¹·¹¹⁸¹}{{’
2645 2978 2834 3141 ffit?

772 3164 1023 3207 summa
1066 3141 1378 3208 industria
1420 3155 1640 3231 parat:
1687 3166 1810 3209 nec
1856 3144 2048 3209 tantis
2093 3168 2132 3209 a
2174 3146 2498 3233 paratibus
2545 3144 2731 3210 elatus
2765 3128 2832 3195 de

772 3228 1105 3295 inferendo
1132 3229 1303 3293 bello
1324 3229 1538 3317 agitat,
1564 3230 1896 3316 quieturus
1923 3230 2098 3296 haud
2165 3231 2334 3309 ubie,
2357 3232 2482 3297 nisi
2511 3230 2672 3295 ultm
2691 3236 2836 3288 arim

775 3316 1028 3381 Etrusci
1074 3315 1397 3382 inferrent.
1490 3314 1736 3381 Eadem
1787 3316 1858 3381 in
1908 3316 2335 3404 comparando
2385 3310 2830 3391 cohibendoque

834 3484 868 3536 6
899 3488 1055 3536 Novis
1084 3486 1387 3545 comibus]
1426 3484 1507 3533 Ad
1543 3483 1676 3531 hune
1706 3498 1790 3531 an·
1857 3490 2027 3533 contra
2049 3484 2376 3547 Agathoclem
2397 3486 2642 3537 miserant.
2702 3472 2832 3533 Quin·

772 3566 892 3598 num
916 3550 1073 3612 legem
1088 3551 1354 3598 Poetelium
1369 3550 1429 3597 de
1448 3549 1605 3606 nexis,
1617 3552 1793 3609 utpote
1856 3548 2005 3595 etiam
2048 3546 2244 3597 Etrusci
2284 3550 2492 3599 navibus
2537 3544 2762 3613 ponebant
2791 3538 2830 3583 οἳ

774 3627 901 3674 quae
932 3628 965 3660 a
995 3613 1233 3660 dictatore
1254 3610 1479 3661 Poetelio
1569 3611 1699 3659 rlata
1719 3624 1789 3659 es-
1853 3616 2048 3659 tantum
2081 3627 2182 3660 non
2213 3614 2402 3661 bellum
2435 3611 2666 3663 Romanis
2691 3604 2830 3654 infere-

773 3680 865 3733 set,
908 3676 1213 3725 referendam
1256 3680 1423 3725 censet
1519 3674 1673 3724 xebhr.
1728 3674 1790 3723 cf.
1853 3675 1988 3723 bant.
2025 3675 2318 3725 SedPomn'a
2335 3679 2463 3739 plur.
2473 3668 2828 3728 mmmm&

775 3752 907 3799 supr.
934 3737 1029 3785 viii.
1056 3741 1133 3787 28.
1933 3752 1966 3801 9
2003 3740 2305 3791 Dicmorem
2350 3742 2404 3791 Ο.
2443 3744 2643 3791 Iunium
2675 3726 2828 3783 ΒΜ

842 3810 869 3861 7
901 3800 1105 3861 Suessa]
1160 3800 1385 3849 Maxime
1421 3802 1652 3850 intererat
1689 3800 1791 3849 Ro-
1855 3804 1992 3863 cum]
2060 3802 2163 3850 Hic
2206 3804 2414 3853 miratur
2451 3806 2722 3855 Glareanus,
2755 3802 2828 3839 ¹³⁶⁰

772 3876 1049 3922 manorum,
1082 3868 1137 3911 ut
1180 3864 1425 3924 praesidia
1464 3864 1632 3913 valida
1672 3864 1795 3913 fines
1857 3863 1962 3913 sine
1983 3878 2148 3925 causa,
2168 3868 2410 3916 nominari
2441 3884 2477 3917 a
2505 3868 2641 3916 Livio
2661 3860 2828 3911 dim

775 3926 1071 3979 Samnitium
1094 3926 1357 3974 firmarent.
1857 3943 1960 3976 rem
1983 3929 2088 3977 sine
2107 3930 2338 3992 magistro
2361 3932 2596 3993 equitum.
2645 3924 2728 3977 Sed
2745 3930 2824 3987 ¹¹²⁰:

840 3992 871 4041 8
903 3992 1139 4051 Pontiae]
1184 3988 1383 4038 Insulae
1414 3994 1516 4037 tres
1544 3990 1622 4038 vel
1652 3996 1790 4053 quat-
1854 3996 1942 4041 net
1961 3991 2192 4054 Sigonius
2220 3994 2274 4042 in
2299 3994 2462 4043 Fastis
2481 3986 2747 4056 Capitolinis
2763 3979 2824 4028 ἰὼ

775 4062 889 4105 tuor
908 4055 960 4103 in
984 4054 1093 4103 sinu
1117 4052 1396 4113 Formiano,
1417 4067 1624 4114 quarum
1653 4068 1789 4102 max-
1853 4054 1908 4103 in
1936 4055 2072 4103 hunc
2103 4070 2289 4107 aunum
2319 4058 2606 4107 dictatorem
2623 4056 2676 4106 C.
2695 4041 2826 4105 sulpi-
2934 4046 2935 4050 ¹

775 4118 877 4167 ima
916 4118 1112 4179 Pontia,
1134 4118 1247 4167 hod.
1276 4119 1467 4167 Panna.
1537 4116 1649 4165 Has
1680 4132 1794 4166 vero
1859 4118 1989 4167 cium
2014 4118 2240 4183 Longum
2263 4136 2379 4169 cum
2404 4120 2628 4183 magistro
2646 4112 2820 4177 equitum

776 4182 960 4231 insulas
980 4180 1231 4243 praesidiis
1252 4182 1560 4255 occupabmt
1577 4181 1794 4230 Romani
1859 4182 1919 4233 C.
1957 4182 2104 4231 Iunio
2140 4182 2400 4235 Bubuiooz
2451 4190 2600 4246 atque
2631 4181 2688 4231 ad
2720 4176 2822 4241 hun?

776 4244 827 4291 in
854 4250 1041 4293 metum
1070 4244 1191 4292 belli
1219 4244 1450 4292 maritimi
1471 4259 1586 4293 cum
1609 4244 1792 4293 Taren·
1857 4246 2062 4294 modum
2103 4246 2442 4310 retingendum
2479 4263 2584 4297 esse
2619 4240 2730 4309 quod
2761 4235 2825 4283 ¹²¹⁰

776 4304 908 4378 titiis,
929 4306 1011 4366 qui
1039 4307 1183 4355 rebus
1204 4306 1402 4354 Siciliae
1434 4306 1533 4354 iam
1566 4322 1671 4355 sese
1703 4307 1791 4355 im-
1856 4306 1909 4356 in
1933 4308 2076 4357 Livio
2097 4310 2322 4371 peccavit
2349 4312 2652 4361 librariorum
2675 4310 2818 4356 mm·

776 4368 1045 4414 nuseebant
1072 4374 1123 4415 et
1152 4367 1323 4428 viginti
1353 4368 1553 4416 navium
1587 4370 1791 4419 classem
1855 4370 2020 4422 cuv.
