<?xml version="1.0" encoding="UTF-8"?>
<!DOCTYPE html PUBLIC "-//W3C//DTD XHTML 1.0 Transitional//EN"
    "http://www.w3.org/TR/xhtml1/DTD/xhtml1-transitional.dtd">
<html xmlns="http://www.w3.org/1999/xhtml" xml:lang="en" lang="en">
 <head>
  <title>
</title>
<meta http-equiv="Content-Type" content="text/html;charset=utf-8" />
  <meta name='ocr-system' content='tesseract 3.04.00' />
  <meta name='ocr-capabilities' content='ocr_page ocr_carea ocr_par ocr_line ocrx_word'/>
</head>
<body>
  <div class='ocr_page' id='page_1' title='image "./tliviipatavinih10unkngoog_0042.png"; bbox 0 0 3000 4784; ppageno 0'>
   <div class='ocr_carea' id='block_1_1' title="bbox 675 193 1985 261">
    <p class='ocr_par' dir='ltr' id='par_1_1' title="bbox 675 193 1985 261">
     <span class='ocr_line' id='line_1_1' title="bbox 675 193 1985 261; baseline 0.001 -3"><span class='ocrx_word' id='word_1_1' title='bbox 675 199 756 259; x_wconf 89' lang='grc'><strong>28</strong></span> <span class='ocrx_word' id='word_1_2' title='bbox 1431 193 1657 261; x_wconf 91' lang='grc' dir='ltr'>ΤῙΤΙ</span> <span class='ocrx_word' id='word_1_3' title='bbox 1717 193 1985 260; x_wconf 91' lang='lat' dir='ltr'><strong>LIVII</strong></span> 
     </span>
    </p>
   </div>
   <div class='ocr_carea' id='block_1_2' title="bbox 670 324 2819 3443">
    <p class='ocr_par' dir='ltr' id='par_1_2' title="bbox 670 324 2819 3443">
     <span class='ocr_line' id='line_1_2' title="bbox 673 324 2765 412; baseline -0.004 -16"><span class='ocrx_word' id='word_1_4' title='bbox 673 344 982 397; x_wconf 88' lang='lat' dir='ltr'><strong>certatum</strong></span> <span class='ocrx_word' id='word_1_5' title='bbox 1013 345 1143 409; x_wconf 82' lang='lat' dir='ltr'><strong>est3</strong></span> <span class='ocrx_word' id='word_1_6' title='bbox 1185 344 1268 408; x_wconf 89' lang='lat' dir='ltr'><strong>et,</strong></span> <span class='ocrx_word' id='word_1_7' title='bbox 1300 331 1482 396; x_wconf 85' lang='lat' dir='ltr'><strong>tectis</strong></span> <span class='ocrx_word' id='word_1_8' title='bbox 1512 332 1701 397; x_wconf 90' lang='lat' dir='ltr'><strong>modo</strong></span> <span class='ocrx_word' id='word_1_9' title='bbox 1730 332 1955 396; x_wconf 86' lang='lat' dir='ltr'><strong>dirutis</strong></span> <span class='ocrx_word' id='word_1_10' title='bbox 1984 328 2240 394; x_wconf 83' lang='lat' dir='ltr'><strong>alterius</strong></span> <span class='ocrx_word' id='word_1_11' title='bbox 2268 327 2457 402; x_wconf 74' lang='lat' dir='ltr'><strong>urbia,</strong></span> <span class='ocrx_word' id='word_1_12' title='bbox 2484 324 2615 389; x_wconf 89' lang='lat' dir='ltr'><strong>duo</strong></span> <span class='ocrx_word' id='word_1_13' title='bbox 2642 347 2765 412; x_wconf 91' lang='lat' dir='ltr'><strong>po-</strong></span> 
     </span>
     <span class='ocr_line' id='line_1_3' title="bbox 673 412 2767 518; baseline -0.003 -37"><span class='ocrx_word' id='word_1_14' title='bbox 673 417 808 518; x_wconf 88' lang='lat' dir='ltr'><strong>puli</strong></span> <span class='ocrx_word' id='word_1_15' title='bbox 838 419 906 481; x_wconf 91' lang='lat' dir='ltr'><strong>in</strong></span> <span class='ocrx_word' id='word_1_16' title='bbox 935 440 1134 482; x_wconf 89' lang='lat' dir='ltr'><strong>unum</strong></span> <span class='ocrx_word' id='word_1_17' title='bbox 1165 418 1405 482; x_wconf 86' lang='lat' dir='ltr'><strong>confusi</strong></span> <span class='ocrx_word' id='word_1_18' title='bbox 1435 434 1598 483; x_wconf 88' lang='lat' dir='ltr'><strong>sunt.</strong></span> <span class='ocrx_word' id='word_1_19' title='bbox 1675 419 1913 484; x_wconf 84' lang='lat' dir='ltr'><strong>Albani</strong></span> <span class='ocrx_word' id='word_1_20' title='bbox 1942 417 2179 505; x_wconf 82' lang='lat' dir='ltr'>priores</span> <span class='ocrx_word' id='word_1_21' title='bbox 2206 413 2451 500; x_wconf 84' lang='lat' dir='ltr'><strong>ingenti</strong></span> <span class='ocrx_word' id='word_1_22' title='bbox 2472 412 2767 476; x_wconf 79' lang='lat' dir='ltr'><strong>exercitu</strong></span> 
     </span>
     <span class='ocr_line' id='line_1_4' title="bbox 673 497 2763 592; baseline -0.003 -25"><span class='ocrx_word' id='word_1_23' title='bbox 673 527 743 567; x_wconf 92' lang='lat' dir='ltr'><strong>1n</strong></span> <span class='ocrx_word' id='word_1_24' title='bbox 766 527 984 591; x_wconf 84' lang='lat' dir='ltr'><strong>agrum</strong></span> <span class='ocrx_word' id='word_1_25' title='bbox 1009 504 1370 569; x_wconf 88' lang='lat' dir='ltr'><strong>Romanum</strong></span> <span class='ocrx_word' id='word_1_26' title='bbox 1399 505 1707 592; x_wconf 89' lang='lat' dir='ltr'><strong>impetum</strong></span> <span class='ocrx_word' id='word_1_27' title='bbox 1728 505 1952 570; x_wconf 87' lang='lat' dir='ltr'><strong>fecere.</strong></span> <span class='ocrx_word' id='word_1_28' title='bbox 2047 501 2271 568; x_wconf 81' lang='lat' dir='ltr'><strong>Castra</strong></span> <span class='ocrx_word' id='word_1_29' title='bbox 2298 501 2377 564; x_wconf 87' lang='lat' dir='ltr'><strong>ab</strong></span> <span class='ocrx_word' id='word_1_30' title='bbox 2405 500 2561 564; x_wconf 88' lang='lat' dir='ltr'><strong>urbe</strong></span> <span class='ocrx_word' id='word_1_31' title='bbox 2585 497 2763 562; x_wconf 83' lang='lat' dir='ltr'><strong>haud</strong></span> 
     </span>
     <span class='ocr_line' id='line_1_5' title="bbox 673 584 2765 678; baseline -0.002 -25"><span class='ocrx_word' id='word_1_32' title='bbox 673 590 815 676; x_wconf 88' lang='lat' dir='ltr'><strong>plus</strong></span> <span class='ocrx_word' id='word_1_33' title='bbox 845 591 1126 678; x_wconf 90' lang='lat' dir='ltr'><strong>quinque</strong></span> <span class='ocrx_word' id='word_1_34' title='bbox 1156 590 1353 655; x_wconf 90' lang='lat' dir='ltr'><strong>millia</strong></span> <span class='ocrx_word' id='word_1_35' title='bbox 1423 613 1673 656; x_wconf 83' lang='lat' dir='ltr'><strong>assuum</strong></span> <span class='ocrx_word' id='word_1_36' title='bbox 1703 592 1932 668; x_wconf 86' lang='lat' dir='ltr'><strong>locant,</strong></span> <span class='ocrx_word' id='word_1_37' title='bbox 1954 590 2119 654; x_wconf 86' lang='lat' dir='ltr'><strong>fossa</strong></span> <span class='ocrx_word' id='word_1_38' title='bbox 2146 586 2563 652; x_wconf 81' lang='lat' dir='ltr'><strong>circumdant:</strong></span> <span class='ocrx_word' id='word_1_39' title='bbox 2595 584 2765 649; x_wconf 81' lang='lat' dir='ltr'><strong>fossa</strong></span> 
     </span>
     <span class='ocr_line' id='line_1_6' title="bbox 679 614 2819 773; baseline -0.002 -34"><span class='ocrx_word' id='word_1_40' title='bbox 679 675 915 741; x_wconf 88' lang='lat' dir='ltr'><strong>Cluilia</strong></span> <span class='ocrx_word' id='word_1_41' title='bbox 953 679 1032 742; x_wconf 85' lang='lat' dir='ltr'><strong>ab</strong></span> <span class='ocrx_word' id='word_1_42' title='bbox 1067 678 1321 742; x_wconf 88' lang='lat' dir='ltr'><strong>nomine</strong></span> <span class='ocrx_word' id='word_1_43' title='bbox 1362 614 1541 742; x_wconf 57' lang='lat' dir='ltr'><strong>d’ucis</strong></span> <span class='ocrx_word' id='word_1_44' title='bbox 1579 701 1693 764; x_wconf 91' lang='lat' dir='ltr'><strong>per</strong></span> <span class='ocrx_word' id='word_1_45' title='bbox 1730 678 1971 765; x_wconf 82' lang='lat' dir='ltr'>aliquot</span> <span class='ocrx_word' id='word_1_46' title='bbox 2008 675 2256 740; x_wconf 84' lang='lat' dir='ltr'><strong>saecula</strong></span> <span class='ocrx_word' id='word_1_47' title='bbox 2287 671 2601 773; x_wconf 85' lang='lat' dir='ltr'><strong>appellata</strong></span> <span class='ocrx_word' id='word_1_48' title='bbox 2637 685 2757 749; x_wconf 82' lang='lat' dir='ltr'><strong>est,</strong></span> <span class='ocrx_word' id='word_1_49' title='bbox 2780 692 2819 724; x_wconf 72' lang='grc' dir='ltr'><strong><em>ἰ</em></strong></span> 
     </span>
     <span class='ocr_line' id='line_1_7' title="bbox 675 757 2763 851; baseline -0.002 -25"><span class='ocrx_word' id='word_1_50' title='bbox 675 764 879 827; x_wconf 92' lang='lat' dir='ltr'><strong>donec</strong></span> <span class='ocrx_word' id='word_1_51' title='bbox 923 786 1069 828; x_wconf 82' lang='lat' dir='ltr'><strong>cum</strong></span> <span class='ocrx_word' id='word_1_52' title='bbox 1112 785 1179 828; x_wconf 90' lang='lat' dir='ltr'><strong>re</strong></span> <span class='ocrx_word' id='word_1_53' title='bbox 1225 786 1459 828; x_wconf 89' lang='lat' dir='ltr'><strong>nomen</strong></span> <span class='ocrx_word' id='word_1_54' title='bbox 1504 787 1757 851; x_wconf 90' lang='lat' dir='ltr'><strong>quoque</strong></span> <span class='ocrx_word' id='word_1_55' title='bbox 1800 776 2111 828; x_wconf 85' lang='lat' dir='ltr'><strong>vetustate</strong></span> <span class='ocrx_word' id='word_1_56' title='bbox 2154 761 2443 826; x_wconf 79' lang='lat' dir='ltr'><strong>abolevlt.</strong></span> <span class='ocrx_word' id='word_1_57' title='bbox 2534 757 2617 822; x_wconf 87' lang='lat' dir='ltr'><strong>In</strong></span> <span class='ocrx_word' id='word_1_58' title='bbox 2658 757 2763 822; x_wconf 78' lang='lat' dir='ltr'><strong>his</strong></span> 
     </span>
     <span class='ocr_line' id='line_1_8' title="bbox 675 844 2759 926; baseline -0.002 -13"><span class='ocrx_word' id='word_1_59' title='bbox 675 850 892 914; x_wconf 78' lang='lat' dir='ltr'><strong>castris</strong></span> <span class='ocrx_word' id='word_1_60' title='bbox 943 848 1216 914; x_wconf 82' lang='lat' dir='ltr'><strong>Cluilius</strong></span> <span class='ocrx_word' id='word_1_61' title='bbox 1267 849 1558 916; x_wconf 83' lang='lat' dir='ltr'><strong>Albanus</strong></span> <span class='ocrx_word' id='word_1_62' title='bbox 1604 873 1717 916; x_wconf 84' lang='lat' dir='ltr'><strong>rex</strong></span> <span class='ocrx_word' id='word_1_63' title='bbox 1762 851 2051 926; x_wconf 90' lang='lat' dir='ltr'><strong>moritur;</strong></span> <span class='ocrx_word' id='word_1_64' title='bbox 2101 849 2471 912; x_wconf 87' lang='lat' dir='ltr'><strong>dictatorem</strong></span> <span class='ocrx_word' id='word_1_65' title='bbox 2518 844 2759 910; x_wconf 86' lang='lat' dir='ltr'><strong>Albani</strong></span> 
     </span>
     <span class='ocr_line' id='line_1_9' title="bbox 675 931 2819 1018; baseline -0.003 -18"><span class='ocrx_word' id='word_1_66' title='bbox 675 934 958 1000; x_wconf 89' lang='lat' dir='ltr'><strong>Mettum</strong></span> <span class='ocrx_word' id='word_1_67' title='bbox 1003 935 1343 1001; x_wconf 85' lang='lat' dir='ltr'><strong>Fuffetium</strong></span> <span class='ocrx_word' id='word_1_68' title='bbox 1382 951 1614 1001; x_wconf 82' lang='lat' dir='ltr'><strong>creant.</strong></span> <span class='ocrx_word' id='word_1_69' title='bbox 1705 934 1969 1001; x_wconf 87' lang='lat' dir='ltr'>Interim</span> <span class='ocrx_word' id='word_1_70' title='bbox 2010 935 2237 1000; x_wconf 84' lang='lat' dir='ltr'>Tullus</span> <span class='ocrx_word' id='word_1_71' title='bbox 2278 934 2474 1009; x_wconf 85' lang='lat' dir='ltr'><strong>ferox,</strong></span> <span class='ocrx_word' id='word_1_72' title='bbox 2514 931 2757 1018; x_wconf 86' lang='lat' dir='ltr'><strong>praeci-</strong></span> <span class='ocrx_word' id='word_1_73' title='bbox 2778 945 2819 995; x_wconf 79' lang='grc'><strong><em>3</em></strong></span> 
     </span>
     <span class='ocr_line' id='line_1_10' title="bbox 674 1018 2759 1110; baseline -0.002 -24"><span class='ocrx_word' id='word_1_74' title='bbox 674 1043 800 1108; x_wconf 91' lang='lat' dir='ltr'><strong>pue</strong></span> <span class='ocrx_word' id='word_1_75' title='bbox 831 1035 1032 1087; x_wconf 87' lang='lat' dir='ltr'><strong>morte</strong></span> <span class='ocrx_word' id='word_1_76' title='bbox 1062 1023 1247 1109; x_wconf 83' lang='lat' dir='ltr'><strong>regis,</strong></span> <span class='ocrx_word' id='word_1_77' title='bbox 1277 1045 1702 1110; x_wconf 85' lang='lat' dir='ltr'><strong>magnumque</strong></span> <span class='ocrx_word' id='word_1_78' title='bbox 1733 1023 1996 1088; x_wconf 88' lang='lat' dir='ltr'><strong>deorum</strong></span> <span class='ocrx_word' id='word_1_79' title='bbox 2014 1044 2271 1098; x_wconf 88' lang='lat' dir='ltr'><strong>numen,</strong></span> <span class='ocrx_word' id='word_1_80' title='bbox 2296 1020 2374 1084; x_wconf 89' lang='lat' dir='ltr'><strong>ab</strong></span> <span class='ocrx_word' id='word_1_81' title='bbox 2396 1019 2533 1106; x_wconf 89' lang='lat' dir='ltr'><strong>ipso</strong></span> <span class='ocrx_word' id='word_1_82' title='bbox 2550 1018 2759 1105; x_wconf 85' lang='lat' dir='ltr'><strong>capite</strong></span> 
     </span>
     <span class='ocr_line' id='line_1_11' title="bbox 677 1106 2759 1196; baseline -0.002 -24"><span class='ocrx_word' id='word_1_83' title='bbox 677 1131 906 1186; x_wconf 87' lang='lat' dir='ltr'><strong>orsum,</strong></span> <span class='ocrx_word' id='word_1_84' title='bbox 943 1109 1011 1172; x_wconf 91' lang='lat' dir='ltr'><strong>in</strong></span> <span class='ocrx_word' id='word_1_85' title='bbox 1054 1132 1240 1173; x_wconf 89' lang='lat' dir='ltr'><strong>omne</strong></span> <span class='ocrx_word' id='word_1_86' title='bbox 1286 1131 1520 1174; x_wconf 91' lang='lat' dir='ltr'><strong>nomen</strong></span> <span class='ocrx_word' id='word_1_87' title='bbox 1558 1109 1882 1174; x_wconf 87' lang='lat' dir='ltr'><strong>Albanum</strong></span> <span class='ocrx_word' id='word_1_88' title='bbox 1926 1109 2353 1196; x_wconf 82' lang='lat' dir='ltr'><strong>expetiturum</strong></span> <span class='ocrx_word' id='word_1_89' title='bbox 2394 1127 2631 1192; x_wconf 85' lang='lat' dir='ltr'><strong>poenas</strong></span> <span class='ocrx_word' id='word_1_90' title='bbox 2674 1106 2759 1169; x_wconf 94' lang='lat' dir='ltr'><strong>ob</strong></span> 
     </span>
     <span class='ocr_line' id='line_1_12' title="bbox 675 1191 2757 1282; baseline -0.002 -24"><span class='ocrx_word' id='word_1_91' title='bbox 675 1195 913 1259; x_wconf 89' lang='lat' dir='ltr'><strong>bellum</strong></span> <span class='ocrx_word' id='word_1_92' title='bbox 941 1196 1204 1282; x_wconf 90' lang='lat' dir='ltr'><strong>impium</strong></span> <span class='ocrx_word' id='word_1_93' title='bbox 1235 1195 1550 1274; x_wconf 77' lang='lat' dir='ltr'><strong>dictitanS,</strong></span> <span class='ocrx_word' id='word_1_94' title='bbox 1581 1209 1787 1272; x_wconf 88' lang='lat' dir='ltr'><strong>nocte,</strong></span> <span class='ocrx_word' id='word_1_95' title='bbox 1828 1195 2179 1282; x_wconf 81' lang='lat' dir='ltr'><strong>praeteritis</strong></span> <span class='ocrx_word' id='word_1_96' title='bbox 2213 1193 2488 1258; x_wconf 88' lang='lat' dir='ltr'><strong>hostium</strong></span> <span class='ocrx_word' id='word_1_97' title='bbox 2518 1191 2757 1268; x_wconf 65' lang='lat' dir='ltr'><strong>casti-isi,</strong></span> 
     </span>
     <span class='ocr_line' id='line_1_13' title="bbox 674 1277 2760 1370; baseline -0.001 -26"><span class='ocrx_word' id='word_1_98' title='bbox 674 1280 903 1347; x_wconf 84' lang='lat' dir='ltr'><strong>infesto</strong></span> <span class='ocrx_word' id='word_1_99' title='bbox 949 1283 1231 1347; x_wconf 83' lang='lat' dir='ltr'><strong>exercitu</strong></span> <span class='ocrx_word' id='word_1_100' title='bbox 1281 1283 1349 1345; x_wconf 90' lang='lat' dir='ltr'><strong>in</strong></span> <span class='ocrx_word' id='word_1_101' title='bbox 1407 1305 1627 1370; x_wconf 87' lang='lat' dir='ltr'><strong>agrum</strong></span> <span class='ocrx_word' id='word_1_102' title='bbox 1678 1282 2003 1347; x_wconf 88' lang='lat' dir='ltr'><strong>Albanum</strong></span> <span class='ocrx_word' id='word_1_103' title='bbox 2059 1280 2281 1369; x_wconf 65' lang='lat' dir='ltr'><strong>pergit„</strong></span> <span class='ocrx_word' id='word_1_104' title='bbox 2391 1277 2489 1343; x_wconf 85' lang='lat' dir='ltr'><strong>Ea</strong></span> <span class='ocrx_word' id='word_1_105' title='bbox 2532 1300 2634 1342; x_wconf 84' lang='lat' dir='ltr'><strong>res</strong></span> <span class='ocrx_word' id='word_1_106' title='bbox 2675 1279 2760 1342; x_wconf 87' lang='lat' dir='ltr'><strong>ab</strong></span> 
     </span>
     <span class='ocr_line' id='line_1_14' title="bbox 675 1365 2761 1456; baseline -0.002 -24"><span class='ocrx_word' id='word_1_107' title='bbox 675 1369 914 1433; x_wconf 85' lang='lat' dir='ltr'><strong>stativis</strong></span> <span class='ocrx_word' id='word_1_108' title='bbox 943 1369 1174 1434; x_wconf 84' lang='lat' dir='ltr'><strong>excivit</strong></span> <span class='ocrx_word' id='word_1_109' title='bbox 1205 1367 1505 1434; x_wconf 88' lang='lat' dir='ltr'><strong>Mettum.</strong></span> <span class='ocrx_word' id='word_1_110' title='bbox 1596 1368 1814 1445; x_wconf 85' lang='lat' dir='ltr'><strong>Ducit,</strong></span> <span class='ocrx_word' id='word_1_111' title='bbox 1862 1392 2051 1456; x_wconf 86' lang='lat' dir='ltr'><strong>quam</strong></span> <span class='ocrx_word' id='word_1_112' title='bbox 2080 1368 2365 1455; x_wconf 85' lang='lat' dir='ltr'><strong>proxime</strong></span> <span class='ocrx_word' id='word_1_113' title='bbox 2394 1365 2477 1429; x_wconf 89' lang='lat' dir='ltr'><strong>ad</strong></span> <span class='ocrx_word' id='word_1_114' title='bbox 2504 1365 2761 1428; x_wconf 86' lang='lat' dir='ltr'><strong>hostem</strong></span> 
     </span>
     <span class='ocr_line' id='line_1_15' title="bbox 675 1451 2760 1544; baseline -0.002 -24"><span class='ocrx_word' id='word_1_115' title='bbox 675 1469 911 1542; x_wconf 85' lang='lat' dir='ltr'><strong>potest3</strong></span> <span class='ocrx_word' id='word_1_116' title='bbox 971 1455 1121 1519; x_wconf 91' lang='lat' dir='ltr'><strong>inde</strong></span> <span class='ocrx_word' id='word_1_117' title='bbox 1179 1455 1455 1544; x_wconf 84' lang='lat' dir='ltr'><strong>legatum</strong></span> <span class='ocrx_word' id='word_1_118' title='bbox 1514 1455 1921 1542; x_wconf 84' lang='lat' dir='ltr'><strong>praemissum</strong></span> <span class='ocrx_word' id='word_1_119' title='bbox 1970 1455 2261 1519; x_wconf 83' lang='lat' dir='ltr'><strong>nuntiare</strong></span> <span class='ocrx_word' id='word_1_120' title='bbox 2312 1451 2505 1517; x_wconf 93' lang='lat' dir='ltr'><strong>Tullo</strong></span> <span class='ocrx_word' id='word_1_121' title='bbox 2554 1451 2760 1528; x_wconf 87' lang='lat' dir='ltr'><strong>iubet,</strong></span> 
     </span>
     <span class='ocr_line' id='line_1_16' title="bbox 673 1540 2763 1628; baseline -0.002 -24"><span class='ocrx_word' id='word_1_122' title='bbox 673 1543 1041 1628; x_wconf 84' lang='lat' dir='ltr'><strong>priusquam</strong></span> <span class='ocrx_word' id='word_1_123' title='bbox 1091 1540 1414 1618; x_wconf 86' lang='lat' dir='ltr'><strong>dimicent,</strong></span> <span class='ocrx_word' id='word_1_124' title='bbox 1459 1565 1617 1628; x_wconf 79' lang='lat' dir='ltr'><strong>opus</strong></span> <span class='ocrx_word' id='word_1_125' title='bbox 1668 1565 1800 1606; x_wconf 86' lang='lat' dir='ltr'><strong>esse</strong></span> <span class='ocrx_word' id='word_1_126' title='bbox 1846 1541 2191 1628; x_wconf 85' lang='lat' dir='ltr'><strong>colloquio:</strong></span> <span class='ocrx_word' id='word_1_127' title='bbox 2248 1541 2301 1604; x_wconf 88' lang='lat' dir='ltr'><strong>si</strong></span> <span class='ocrx_word' id='word_1_128' title='bbox 2342 1561 2557 1604; x_wconf 84' lang='lat' dir='ltr'><strong>secum</strong></span> <span class='ocrx_word' id='word_1_129' title='bbox 2602 1559 2763 1601; x_wconf 88' lang='lat' dir='ltr'><strong>con-</strong></span> 
     </span>
     <span class='ocr_line' id='line_1_17' title="bbox 674 1624 2761 1714; baseline -0.001 -23"><span class='ocrx_word' id='word_1_130' title='bbox 674 1649 920 1713; x_wconf 78' lang='lat' dir='ltr'><strong>gressus</strong></span> <span class='ocrx_word' id='word_1_131' title='bbox 963 1628 1061 1704; x_wconf 74' lang='lat' dir='ltr'><strong>sit,</strong></span> <span class='ocrx_word' id='word_1_132' title='bbox 1093 1627 1240 1690; x_wconf 86' lang='lat' dir='ltr'><strong>satis</strong></span> <span class='ocrx_word' id='word_1_133' title='bbox 1277 1627 1454 1704; x_wconf 85' lang='lat' dir='ltr'><strong>scire,</strong></span> <span class='ocrx_word' id='word_1_134' title='bbox 1497 1651 1575 1692; x_wconf 88' lang='lat' dir='ltr'><strong>ea</strong></span> <span class='ocrx_word' id='word_1_135' title='bbox 1612 1651 1677 1692; x_wconf 85' lang='lat' dir='ltr'><strong>se</strong></span> <span class='ocrx_word' id='word_1_136' title='bbox 1718 1626 2072 1706; x_wconf 88' lang='lat' dir='ltr'><strong>allaturum,</strong></span> <span class='ocrx_word' id='word_1_137' title='bbox 2102 1650 2266 1714; x_wconf 86' lang='lat' dir='ltr'><strong>quae</strong></span> <span class='ocrx_word' id='word_1_138' title='bbox 2303 1625 2504 1690; x_wconf 88' lang='lat' dir='ltr'><strong>nihilo</strong></span> <span class='ocrx_word' id='word_1_139' title='bbox 2544 1624 2761 1689; x_wconf 87' lang='lat' dir='ltr'><strong>minus</strong></span> 
     </span>
     <span class='ocr_line' id='line_1_18' title="bbox 673 1709 2762 1802; baseline -0.001 -25"><span class='ocrx_word' id='word_1_140' title='bbox 673 1713 758 1777; x_wconf 87' lang='lat' dir='ltr'><strong>ad</strong></span> <span class='ocrx_word' id='word_1_141' title='bbox 793 1736 926 1778; x_wconf 90' lang='lat' dir='ltr'><strong>rem</strong></span> <span class='ocrx_word' id='word_1_142' title='bbox 958 1713 1332 1790; x_wconf 79' lang='lat' dir='ltr'><strong>Romanam,</strong></span> <span class='ocrx_word' id='word_1_143' title='bbox 1380 1737 1571 1802; x_wconf 89' lang='lat' dir='ltr'><strong>quam</strong></span> <span class='ocrx_word' id='word_1_144' title='bbox 1607 1714 1688 1778; x_wconf 92' lang='lat' dir='ltr'><strong>ad</strong></span> <span class='ocrx_word' id='word_1_145' title='bbox 1716 1713 2054 1792; x_wconf 80' lang='lat' dir='ltr'><strong>Albanam,</strong></span> <span class='ocrx_word' id='word_1_146' title='bbox 2090 1714 2464 1801; x_wconf 84' lang='lat' dir='ltr'><strong>pertineant.</strong></span> <span class='ocrx_word' id='word_1_147' title='bbox 2557 1709 2762 1775; x_wconf 87' lang='lat' dir='ltr'><strong>Haud</strong></span> 
     </span>
     <span class='ocr_line' id='line_1_19' title="bbox 673 1797 2761 1878; baseline -0.002 -14"><span class='ocrx_word' id='word_1_148' title='bbox 673 1821 743 1864; x_wconf 80' lang='lat' dir='ltr'><strong>as</strong></span> <span class='ocrx_word' id='word_1_149' title='bbox 825 1813 1039 1865; x_wconf 84' lang='lat' dir='ltr'><strong>matus</strong></span> <span class='ocrx_word' id='word_1_150' title='bbox 1097 1799 1342 1878; x_wconf 88' lang='lat' dir='ltr'><strong>Tullus,</strong></span> <span class='ocrx_word' id='word_1_151' title='bbox 1404 1800 1652 1865; x_wconf 88' lang='lat' dir='ltr'><strong>tametsi</strong></span> <span class='ocrx_word' id='word_1_152' title='bbox 1710 1823 1871 1866; x_wconf 86' lang='lat' dir='ltr'><strong>vana</strong></span> <span class='ocrx_word' id='word_1_153' title='bbox 1927 1801 2365 1877; x_wconf 84' lang='lat' dir='ltr'><strong>afferebantur,</strong></span> <span class='ocrx_word' id='word_1_154' title='bbox 2426 1799 2495 1862; x_wconf 91' lang='lat' dir='ltr'><strong>in</strong></span> <span class='ocrx_word' id='word_1_155' title='bbox 2552 1797 2761 1862; x_wconf 84' lang='lat' dir='ltr'><strong>aciem</strong></span> 
     </span>
     <span class='ocr_line' id='line_1_20' title="bbox 673 1823 2762 1974; baseline -0.002 -24"><span class='ocrx_word' id='word_1_156' title='bbox 673 1823 906 1951; x_wconf 52' lang='lat' dir='ltr'><strong>etiiiizit.</strong></span> <span class='ocrx_word' id='word_1_157' title='bbox 1000 1885 1259 1950; x_wconf 87' lang='lat' dir='ltr'><strong>Exeunt</strong></span> <span class='ocrx_word' id='word_1_158' title='bbox 1315 1900 1536 1952; x_wconf 90' lang='lat' dir='ltr'><strong>contra</strong></span> <span class='ocrx_word' id='word_1_159' title='bbox 1591 1901 1658 1951; x_wconf 91' lang='lat' dir='ltr'><strong>et</strong></span> <span class='ocrx_word' id='word_1_160' title='bbox 1716 1887 1969 1954; x_wconf 87' lang='lat' dir='ltr'><strong>Albani.</strong></span> <span class='ocrx_word' id='word_1_161' title='bbox 2060 1887 2405 1974; x_wconf 83' lang='lat' dir='ltr'><strong>Postquam</strong></span> <span class='ocrx_word' id='word_1_162' title='bbox 2462 1884 2762 1948; x_wconf 84' lang='lat' dir='ltr'><strong>instructi</strong></span> 
     </span>
     <span class='ocr_line' id='line_1_21' title="bbox 670 1971 2760 2062; baseline -0.001 -26"><span class='ocrx_word' id='word_1_163' title='bbox 670 1973 864 2036; x_wconf 89' lang='lat' dir='ltr'><strong>utrim</strong></span> <span class='ocrx_word' id='word_1_164' title='bbox 912 1995 992 2037; x_wconf 91' lang='lat' dir='ltr'><strong>ue</strong></span> <span class='ocrx_word' id='word_1_165' title='bbox 1033 1973 1300 2050; x_wconf 80' lang='lat' dir='ltr'><strong>stabant,</strong></span> <span class='ocrx_word' id='word_1_166' title='bbox 1337 1996 1483 2038; x_wconf 90' lang='lat' dir='ltr'><strong>cum</strong></span> <span class='ocrx_word' id='word_1_167' title='bbox 1566 1974 1735 2038; x_wconf 85' lang='lat' dir='ltr'><strong>aucis</strong></span> <span class='ocrx_word' id='word_1_168' title='bbox 1774 1996 2106 2062; x_wconf 89' lang='lat' dir='ltr'><strong>procerum</strong></span> <span class='ocrx_word' id='word_1_169' title='bbox 2141 1973 2210 2036; x_wconf 94' lang='lat' dir='ltr'><strong>in</strong></span> <span class='ocrx_word' id='word_1_170' title='bbox 2245 1972 2527 2036; x_wconf 85' lang='lat' dir='ltr'><strong>medium</strong></span> <span class='ocrx_word' id='word_1_171' title='bbox 2557 1971 2760 2034; x_wconf 85' lang='lat' dir='ltr'><strong>duces</strong></span> 
     </span>
     <span class='ocr_line' id='line_1_22' title="bbox 671 2056 2762 2146; baseline -0.001 -24"><span class='ocrx_word' id='word_1_172' title='bbox 671 2081 862 2146; x_wconf 90' lang='lat' dir='ltr'><strong>proce</strong></span> <span class='ocrx_word' id='word_1_173' title='bbox 908 2072 1040 2123; x_wconf 79' lang='lat' dir='ltr'><strong>unt.</strong></span> <span class='ocrx_word' id='word_1_174' title='bbox 1132 2057 1234 2124; x_wconf 89' lang='lat' dir='ltr'><strong>Ibi</strong></span> <span class='ocrx_word' id='word_1_175' title='bbox 1278 2059 1421 2136; x_wconf 80' lang='lat' dir='ltr'><strong>infit</strong></span> <span class='ocrx_word' id='word_1_176' title='bbox 1467 2061 1531 2126; x_wconf 90' lang='lat' dir='ltr'>A</span> <span class='ocrx_word' id='word_1_177' title='bbox 1559 2062 1789 2125; x_wconf 87' lang='lat' dir='ltr'><strong>banus:</strong></span> <span class='ocrx_word' id='word_1_178' title='bbox 1840 2068 1860 2098; x_wconf 87' lang='lat'>‘</span> <span class='ocrx_word' id='word_1_179' title='bbox 1876 2059 2144 2125; x_wconf 70' lang='lat' dir='ltr'><strong>Iniuriae</strong></span> <span class='ocrx_word' id='word_1_180' title='bbox 2191 2072 2256 2124; x_wconf 89' lang='lat' dir='ltr'><strong>et</strong></span> <span class='ocrx_word' id='word_1_181' title='bbox 2300 2080 2432 2123; x_wconf 91' lang='lat' dir='ltr'><strong>non</strong></span> <span class='ocrx_word' id='word_1_182' title='bbox 2475 2056 2762 2122; x_wconf 82' lang='lat' dir='ltr'><strong>redditas</strong></span> 
     </span>
     <span class='ocr_line' id='line_1_23' title="bbox 676 2145 2759 2234; baseline -0.001 -25"><span class='ocrx_word' id='word_1_183' title='bbox 676 2154 698 2183; x_wconf 91' lang='lat'>‘</span> <span class='ocrx_word' id='word_1_184' title='bbox 718 2167 816 2210; x_wconf 88' lang='lat' dir='ltr'><strong>res</strong></span> <span class='ocrx_word' id='word_1_185' title='bbox 845 2168 928 2210; x_wconf 88' lang='lat' dir='ltr'><strong>ex</strong></span> <span class='ocrx_word' id='word_1_186' title='bbox 966 2145 1238 2223; x_wconf 88' lang='lat' dir='ltr'><strong>foedere,</strong></span> <span class='ocrx_word' id='word_1_187' title='bbox 1271 2169 1432 2233; x_wconf 80' lang='lat' dir='ltr'><strong>quae</strong></span> <span class='ocrx_word' id='word_1_188' title='bbox 1463 2147 1765 2233; x_wconf 86' lang='lat' dir='ltr'><strong>repetitae</strong></span> <span class='ocrx_word' id='word_1_189' title='bbox 1794 2147 1941 2224; x_wconf 88' lang='lat' dir='ltr'><strong>sint,</strong></span> <span class='ocrx_word' id='word_1_190' title='bbox 1972 2160 2036 2211; x_wconf 91' lang='lat' dir='ltr'><strong>et</strong></span> <span class='ocrx_word' id='word_1_191' title='bbox 2072 2169 2193 2234; x_wconf 85' lang='lat' dir='ltr'><strong>ego</strong></span> <span class='ocrx_word' id='word_1_192' title='bbox 2226 2167 2440 2232; x_wconf 82' lang='lat' dir='ltr'><strong>regem</strong></span> <span class='ocrx_word' id='word_1_193' title='bbox 2468 2157 2759 2208; x_wconf 86' lang='lat' dir='ltr'><strong>nostrum</strong></span> 
     </span>
     <span class='ocr_line' id='line_1_24' title="bbox 677 2229 2811 2311; baseline -0.001 -16"><span class='ocrx_word' id='word_1_194' title='bbox 677 2241 699 2269; x_wconf 92' lang='lat'>‘</span> <span class='ocrx_word' id='word_1_195' title='bbox 721 2230 1049 2309; x_wconf 90' lang='lat' dir='ltr'><strong>Cluilium,</strong></span> <span class='ocrx_word' id='word_1_196' title='bbox 1080 2255 1331 2296; x_wconf 86' lang='lat' dir='ltr'><strong>causam</strong></span> <span class='ocrx_word' id='word_1_197' title='bbox 1369 2232 1631 2297; x_wconf 81' lang='lat' dir='ltr'><strong>huiusce</strong></span> <span class='ocrx_word' id='word_1_198' title='bbox 1671 2256 1805 2298; x_wconf 87' lang='lat' dir='ltr'><strong>esse</strong></span> <span class='ocrx_word' id='word_1_199' title='bbox 1842 2233 2018 2311; x_wconf 87' lang='lat' dir='ltr'><strong>belli,</strong></span> <span class='ocrx_word' id='word_1_200' title='bbox 2054 2233 2299 2296; x_wconf 85' lang='lat' dir='ltr'><strong>audisse</strong></span> <span class='ocrx_word' id='word_1_201' title='bbox 2334 2229 2585 2296; x_wconf 87' lang='lat' dir='ltr'><strong>videor:</strong></span> <span class='ocrx_word' id='word_1_202' title='bbox 2632 2251 2759 2294; x_wconf 86' lang='lat' dir='ltr'><strong>nec</strong></span> <span class='ocrx_word' id='word_1_203' title='bbox 2777 2250 2811 2293; x_wconf 85' lang='grc'><strong>4</strong></span> 
     </span>
     <span class='ocr_line' id='line_1_25' title="bbox 670 2317 2757 2417; baseline -0.001 -35"><span class='ocrx_word' id='word_1_204' title='bbox 670 2327 699 2358; x_wconf 66' lang='lat'><em>⁴</em></span> <span class='ocrx_word' id='word_1_205' title='bbox 720 2331 782 2382; x_wconf 80' lang='lat' dir='ltr'><strong>te</strong></span> <span class='ocrx_word' id='word_1_206' title='bbox 813 2318 1057 2396; x_wconf 90' lang='lat' dir='ltr'><strong>dubito,</strong></span> <span class='ocrx_word' id='word_1_207' title='bbox 1083 2318 1292 2396; x_wconf 91' lang='lat' dir='ltr'><strong>Tulle,</strong></span> <span class='ocrx_word' id='word_1_208' title='bbox 1323 2319 1547 2383; x_wconf 86' lang='lat' dir='ltr'><strong>eadem</strong></span> <span class='ocrx_word' id='word_1_209' title='bbox 1574 2341 1724 2406; x_wconf 89' lang='lat' dir='ltr'><strong>prae</strong></span> <span class='ocrx_word' id='word_1_210' title='bbox 1754 2333 1816 2384; x_wconf 80' lang='lat' dir='ltr'><strong>te</strong></span> <span class='ocrx_word' id='word_1_211' title='bbox 1844 2319 2024 2384; x_wconf 89' lang='lat' dir='ltr'><strong>ferre.</strong></span> <span class='ocrx_word' id='word_1_212' title='bbox 2097 2318 2244 2395; x_wconf 89' lang='lat' dir='ltr'><strong>Sed,</strong></span> <span class='ocrx_word' id='word_1_213' title='bbox 2268 2319 2319 2383; x_wconf 88' lang='lat' dir='ltr'><strong>si</strong></span> <span class='ocrx_word' id='word_1_214' title='bbox 2350 2340 2499 2382; x_wconf 86' lang='lat' dir='ltr'><strong>vera</strong></span> <span class='ocrx_word' id='word_1_215' title='bbox 2522 2317 2757 2417; x_wconf 76' lang='lat' dir='ltr'><strong>potine,</strong></span> 
     </span>
     <span class='ocr_line' id='line_1_26' title="bbox 677 2402 2759 2493; baseline -0.001 -24"><span class='ocrx_word' id='word_1_216' title='bbox 677 2415 698 2444; x_wconf 89' lang='lat'>‘</span> <span class='ocrx_word' id='word_1_217' title='bbox 719 2428 912 2492; x_wconf 84' lang='lat' dir='ltr'><strong>quam</strong></span> <span class='ocrx_word' id='word_1_218' title='bbox 949 2405 1128 2470; x_wconf 90' lang='lat' dir='ltr'><strong>dictu</strong></span> <span class='ocrx_word' id='word_1_219' title='bbox 1161 2405 1458 2493; x_wconf 87' lang='lat' dir='ltr'><strong>speciosa,</strong></span> <span class='ocrx_word' id='word_1_220' title='bbox 1504 2406 1777 2471; x_wconf 88' lang='lat' dir='ltr'><strong>dicenda</strong></span> <span class='ocrx_word' id='word_1_221' title='bbox 1817 2421 1983 2484; x_wconf 85' lang='lat' dir='ltr'><strong>sunt,</strong></span> <span class='ocrx_word' id='word_1_222' title='bbox 2030 2405 2263 2493; x_wconf 90' lang='lat' dir='ltr'><strong>cupido</strong></span> <span class='ocrx_word' id='word_1_223' title='bbox 2302 2403 2549 2492; x_wconf 81' lang='lat' dir='ltr'><strong>imperil</strong></span> <span class='ocrx_word' id='word_1_224' title='bbox 2594 2402 2759 2467; x_wconf 82' lang='lat' dir='ltr'><strong>duos</strong></span> 
     </span>
     <span class='ocr_line' id='line_1_27' title="bbox 676 2487 2757 2580; baseline -0.002 -23"><span class='ocrx_word' id='word_1_225' title='bbox 676 2501 698 2531; x_wconf 93' lang='lat'>‘</span> <span class='ocrx_word' id='word_1_226' title='bbox 717 2505 1014 2580; x_wconf 82' lang='lat' dir='ltr'><strong>cognatos</strong></span> <span class='ocrx_word' id='word_1_227' title='bbox 1058 2492 1421 2580; x_wconf 86' lang='lat' dir='ltr'><strong>vicinosque</strong></span> <span class='ocrx_word' id='word_1_228' title='bbox 1467 2492 1734 2580; x_wconf 86' lang='lat' dir='ltr'><strong>populos</strong></span> <span class='ocrx_word' id='word_1_229' title='bbox 1777 2493 1860 2557; x_wconf 87' lang='lat' dir='ltr'><strong>ad</strong></span> <span class='ocrx_word' id='word_1_230' title='bbox 1898 2515 2071 2558; x_wconf 89' lang='lat' dir='ltr'><strong>arma</strong></span> <span class='ocrx_word' id='word_1_231' title='bbox 2112 2491 2404 2556; x_wconf 84' lang='lat' dir='ltr'><strong>stimulat.</strong></span> <span class='ocrx_word' id='word_1_232' title='bbox 2497 2487 2757 2576; x_wconf 86' lang='lat' dir='ltr'><strong>Neque,</strong></span> 
     </span>
     <span class='ocr_line' id='line_1_28' title="bbox 675 2576 2756 2667; baseline -0.002 -24"><span class='ocrx_word' id='word_1_233' title='bbox 675 2590 902 2657; x_wconf 90' lang='lat' dir='ltr'><strong>‘recte,</strong></span> <span class='ocrx_word' id='word_1_234' title='bbox 926 2602 1009 2643; x_wconf 89' lang='lat' dir='ltr'><strong>an</strong></span> <span class='ocrx_word' id='word_1_235' title='bbox 1037 2602 1383 2667; x_wconf 87' lang='lat' dir='ltr'><strong>perperam,</strong></span> <span class='ocrx_word' id='word_1_236' title='bbox 1415 2580 1828 2667; x_wconf 86' lang='lat' dir='ltr'><strong>interpretor:</strong></span> <span class='ocrx_word' id='word_1_237' title='bbox 1860 2579 2052 2644; x_wconf 87' lang='lat' dir='ltr'><strong>fuerit</strong></span> <span class='ocrx_word' id='word_1_238' title='bbox 2072 2579 2191 2643; x_wconf 87' lang='lat' dir='ltr'><strong>ista</strong></span> <span class='ocrx_word' id='word_1_239' title='bbox 2210 2579 2345 2642; x_wconf 85' lang='lat' dir='ltr'><strong>eius</strong></span> <span class='ocrx_word' id='word_1_240' title='bbox 2362 2576 2756 2653; x_wconf 85' lang='lat' dir='ltr'><strong>deliberatio,</strong></span> 
     </span>
     <span class='ocr_line' id='line_1_29' title="bbox 675 2663 2759 2753; baseline -0.002 -23"><span class='ocrx_word' id='word_1_241' title='bbox 675 2676 696 2705; x_wconf 89' lang='lat'>‘</span> <span class='ocrx_word' id='word_1_242' title='bbox 715 2667 828 2753; x_wconf 89' lang='lat' dir='ltr'><strong>qui</strong></span> <span class='ocrx_word' id='word_1_243' title='bbox 877 2665 1114 2731; x_wconf 90' lang='lat' dir='ltr'><strong>bellum</strong></span> <span class='ocrx_word' id='word_1_244' title='bbox 1159 2667 1447 2753; x_wconf 65' lang='lat' dir='ltr'><strong>suscepit„</strong></span> <span class='ocrx_word' id='word_1_245' title='bbox 1555 2665 1672 2731; x_wconf 91' lang='lat' dir='ltr'><strong>Me</strong></span> <span class='ocrx_word' id='word_1_246' title='bbox 1713 2665 1949 2730; x_wconf 91' lang='lat' dir='ltr'><strong>Albani</strong></span> <span class='ocrx_word' id='word_1_247' title='bbox 1993 2663 2271 2753; x_wconf 85' lang='lat' dir='ltr'><strong>gerendo</strong></span> <span class='ocrx_word' id='word_1_248' title='bbox 2314 2663 2481 2728; x_wconf 85' lang='lat' dir='ltr'><strong>bello</strong></span> <span class='ocrx_word' id='word_1_249' title='bbox 2524 2663 2759 2727; x_wconf 89' lang='lat' dir='ltr'><strong>ducem</strong></span> 
     </span>
     <span class='ocr_line' id='line_1_30' title="bbox 674 2749 2753 2829; baseline -0.002 -13"><span class='ocrx_word' id='word_1_250' title='bbox 674 2761 696 2791; x_wconf 92' lang='lat'>‘</span> <span class='ocrx_word' id='word_1_251' title='bbox 716 2774 1023 2817; x_wconf 86' lang='lat' dir='ltr'><strong>creavere.</strong></span> <span class='ocrx_word' id='word_1_252' title='bbox 1125 2750 1296 2817; x_wconf 91' lang='lat' dir='ltr'><strong>Illud</strong></span> <span class='ocrx_word' id='word_1_253' title='bbox 1335 2764 1418 2828; x_wconf 92' lang='lat' dir='ltr'><strong>te,</strong></span> <span class='ocrx_word' id='word_1_254' title='bbox 1463 2750 1673 2829; x_wconf 88' lang='lat' dir='ltr'><strong>Tulle,</strong></span> <span class='ocrx_word' id='word_1_255' title='bbox 1714 2752 2027 2816; x_wconf 85' lang='lat' dir='ltr'><strong>monitum</strong></span> <span class='ocrx_word' id='word_1_256' title='bbox 2063 2751 2280 2816; x_wconf 84' lang='lat' dir='ltr'><strong>velim:</strong></span> <span class='ocrx_word' id='word_1_257' title='bbox 2326 2749 2595 2814; x_wconf 84' lang='lat' dir='ltr'><strong>Etrusca</strong></span> <span class='ocrx_word' id='word_1_258' title='bbox 2632 2771 2753 2826; x_wconf 79' lang='lat' dir='ltr'><strong>res„</strong></span> 
     </span>
     <span class='ocr_line' id='line_1_31' title="bbox 675 2834 2805 2926; baseline 0 -24"><span class='ocrx_word' id='word_1_259' title='bbox 675 2847 697 2878; x_wconf 89' lang='lat'>‘</span> <span class='ocrx_word' id='word_1_260' title='bbox 718 2851 957 2924; x_wconf 84' lang='lat' dir='ltr'><strong>quanta</strong></span> <span class='ocrx_word' id='word_1_261' title='bbox 983 2837 1150 2901; x_wconf 86' lang='lat' dir='ltr'><strong>circa</strong></span> <span class='ocrx_word' id='word_1_262' title='bbox 1177 2860 1292 2901; x_wconf 87' lang='lat' dir='ltr'><strong>nos</strong></span> <span class='ocrx_word' id='word_1_263' title='bbox 1322 2850 1513 2923; x_wconf 91' lang='lat' dir='ltr'><strong>teque</strong></span> <span class='ocrx_word' id='word_1_264' title='bbox 1544 2838 1815 2901; x_wconf 79' lang='lat' dir='ltr'><strong>maxime</strong></span> <span class='ocrx_word' id='word_1_265' title='bbox 1844 2837 1945 2916; x_wconf 84' lang='lat' dir='ltr'><strong>sit,</strong></span> <span class='ocrx_word' id='word_1_266' title='bbox 1987 2861 2115 2926; x_wconf 93' lang='lat' dir='ltr'><strong>quo</strong></span> <span class='ocrx_word' id='word_1_267' title='bbox 2152 2835 2407 2925; x_wconf 91' lang='lat' dir='ltr'><strong>propior</strong></span> <span class='ocrx_word' id='word_1_268' title='bbox 2434 2859 2502 2900; x_wconf 84' lang='lat' dir='ltr'><strong>es</strong></span> <span class='ocrx_word' id='word_1_269' title='bbox 2532 2834 2757 2900; x_wconf 83' lang='lat' dir='ltr'><strong>Etrus-</strong></span> <span class='ocrx_word' id='word_1_270' title='bbox 2774 2852 2805 2903; x_wconf 83' lang='lat'><strong>5</strong></span> 
     </span>
     <span class='ocr_line' id='line_1_32' title="bbox 676 2921 2755 3011; baseline -0 -24"><span class='ocrx_word' id='word_1_271' title='bbox 676 2933 698 2963; x_wconf 92' lang='lat'>‘</span> <span class='ocrx_word' id='word_1_272' title='bbox 718 2924 827 3001; x_wconf 76' lang='lat' dir='ltr'><strong>cie,</strong></span> <span class='ocrx_word' id='word_1_273' title='bbox 876 2923 998 2987; x_wconf 92' lang='lat' dir='ltr'><strong>hoc</strong></span> <span class='ocrx_word' id='word_1_274' title='bbox 1044 2924 1240 3009; x_wconf 81' lang='lat' dir='ltr'><strong>magis</strong></span> <span class='ocrx_word' id='word_1_275' title='bbox 1287 2923 1422 2987; x_wconf 77' lang='lat' dir='ltr'><strong>scis,</strong></span> <span class='ocrx_word' id='word_1_276' title='bbox 1515 2922 1798 2988; x_wconf 89' lang='lat' dir='ltr'><strong>Multum</strong></span> <span class='ocrx_word' id='word_1_277' title='bbox 1845 2924 1937 2989; x_wconf 85' lang='lat' dir='ltr'><strong>illi</strong></span> <span class='ocrx_word' id='word_1_278' title='bbox 1984 2937 2167 3002; x_wconf 81' lang='lat' dir='ltr'><strong>terra,</strong></span> <span class='ocrx_word' id='word_1_279' title='bbox 2207 2923 2549 3011; x_wconf 89' lang='lat' dir='ltr'><strong>plurimum</strong></span> <span class='ocrx_word' id='word_1_280' title='bbox 2596 2921 2755 2986; x_wconf 89' lang='lat' dir='ltr'><strong>mari</strong></span> 
     </span>
     <span class='ocr_line' id='line_1_33' title="bbox 676 3007 2751 3098; baseline -0 -25"><span class='ocrx_word' id='word_1_281' title='bbox 676 3020 697 3049; x_wconf 89' lang='lat'>‘</span> <span class='ocrx_word' id='word_1_282' title='bbox 763 3008 975 3073; x_wconf 79' lang='lat' dir='ltr'><strong>ollent.</strong></span> <span class='ocrx_word' id='word_1_283' title='bbox 1069 3007 1323 3074; x_wconf 88' lang='lat' dir='ltr'><strong>Memor</strong></span> <span class='ocrx_word' id='word_1_284' title='bbox 1361 3021 1515 3087; x_wconf 87' lang='lat' dir='ltr'><strong>esto,</strong></span> <span class='ocrx_word' id='word_1_285' title='bbox 1546 3009 1693 3088; x_wconf 89' lang='lat' dir='ltr'><strong>iam,</strong></span> <span class='ocrx_word' id='word_1_286' title='bbox 1734 3033 1933 3096; x_wconf 90' lang='lat' dir='ltr'><strong>quum</strong></span> <span class='ocrx_word' id='word_1_287' title='bbox 1971 3011 2221 3098; x_wconf 86' lang='lat' dir='ltr'><strong>signum</strong></span> <span class='ocrx_word' id='word_1_288' title='bbox 2258 3031 2508 3098; x_wconf 78' lang='lat' dir='ltr'><strong>pugnae</strong></span> <span class='ocrx_word' id='word_1_289' title='bbox 2551 3008 2751 3086; x_wconf 87' lang='lat' dir='ltr'><strong>dabis,</strong></span> 
     </span>
     <span class='ocr_line' id='line_1_34' title="bbox 675 3033 2749 3182; baseline 0 -23"><span class='ocrx_word' id='word_1_290' title='bbox 675 3105 697 3136; x_wconf 90' lang='lat'>‘</span> <span class='ocrx_word' id='word_1_291' title='bbox 717 3033 828 3160; x_wconf 63' lang='lat' dir='ltr'><strong>Eas</strong></span> <span class='ocrx_word' id='word_1_292' title='bbox 874 3095 1031 3160; x_wconf 84' lang='lat' dir='ltr'><strong>duas</strong></span> <span class='ocrx_word' id='word_1_293' title='bbox 1077 3095 1241 3159; x_wconf 88' lang='lat' dir='ltr'><strong>acies</strong></span> <span class='ocrx_word' id='word_1_294' title='bbox 1287 3095 1643 3182; x_wconf 78' lang='lat' dir='ltr'><strong>spectaculo</strong></span> <span class='ocrx_word' id='word_1_295' title='bbox 1700 3095 1863 3174; x_wconf 84' lang='lat' dir='ltr'><strong>fore3</strong></span> <span class='ocrx_word' id='word_1_296' title='bbox 1924 3112 1999 3162; x_wconf 91' lang='lat' dir='ltr'><strong>ut</strong></span> <span class='ocrx_word' id='word_1_297' title='bbox 2046 3097 2237 3162; x_wconf 83' lang='lat' dir='ltr'><strong>fessos</strong></span> <span class='ocrx_word' id='word_1_298' title='bbox 2286 3097 2749 3182; x_wconf 88' lang='lat' dir='ltr'><strong>confectosque,</strong></span> 
     </span>
     <span class='ocr_line' id='line_1_35' title="bbox 676 3181 2755 3270; baseline -0 -24"><span class='ocrx_word' id='word_1_299' title='bbox 676 3193 697 3222; x_wconf 87' lang='lat'>‘</span> <span class='ocrx_word' id='word_1_300' title='bbox 715 3182 903 3247; x_wconf 87' lang='lat' dir='ltr'><strong>simul</strong></span> <span class='ocrx_word' id='word_1_301' title='bbox 943 3182 1243 3248; x_wconf 87' lang='lat' dir='ltr'><strong>victorem</strong></span> <span class='ocrx_word' id='word_1_302' title='bbox 1287 3205 1360 3247; x_wconf 85' lang='lat' dir='ltr'><strong>ac</strong></span> <span class='ocrx_word' id='word_1_303' title='bbox 1401 3183 1658 3261; x_wconf 88' lang='lat' dir='ltr'><strong>victum,</strong></span> <span class='ocrx_word' id='word_1_304' title='bbox 1704 3183 2163 3270; x_wconf 82' lang='lat' dir='ltr'><strong>aggrediantur.</strong></span> <span class='ocrx_word' id='word_1_305' title='bbox 2255 3181 2499 3269; x_wconf 85' lang='lat' dir='ltr'><strong>Itaque,</strong></span> <span class='ocrx_word' id='word_1_306' title='bbox 2544 3183 2599 3246; x_wconf 84' lang='lat' dir='ltr'><strong>si</strong></span> <span class='ocrx_word' id='word_1_307' title='bbox 2636 3204 2755 3246; x_wconf 83' lang='lat' dir='ltr'><strong>nos</strong></span> 
     </span>
     <span class='ocr_line' id='line_1_36' title="bbox 675 3268 2753 3356; baseline 0 -23"><span class='ocrx_word' id='word_1_308' title='bbox 675 3280 695 3308; x_wconf 90' lang='lat'>‘</span> <span class='ocrx_word' id='word_1_309' title='bbox 716 3269 807 3333; x_wconf 92' lang='lat' dir='ltr'><strong>dii</strong></span> <span class='ocrx_word' id='word_1_310' title='bbox 825 3283 1054 3346; x_wconf 86' lang='lat' dir='ltr'><strong>amant,</strong></span> <span class='ocrx_word' id='word_1_311' title='bbox 1077 3269 1395 3356; x_wconf 89' lang='lat' dir='ltr'><strong>quoniam,</strong></span> <span class='ocrx_word' id='word_1_312' title='bbox 1419 3292 1551 3334; x_wconf 91' lang='lat' dir='ltr'><strong>non</strong></span> <span class='ocrx_word' id='word_1_313' title='bbox 1573 3271 1858 3335; x_wconf 89' lang='lat' dir='ltr'><strong>contenti</strong></span> <span class='ocrx_word' id='word_1_314' title='bbox 1886 3270 2171 3334; x_wconf 88' lang='lat' dir='ltr'><strong>libertate</strong></span> <span class='ocrx_word' id='word_1_315' title='bbox 2201 3283 2389 3346; x_wconf 88' lang='lat' dir='ltr'><strong>certa,</strong></span> <span class='ocrx_word' id='word_1_316' title='bbox 2409 3269 2476 3332; x_wconf 89' lang='lat' dir='ltr'><strong>in</strong></span> <span class='ocrx_word' id='word_1_317' title='bbox 2494 3268 2753 3334; x_wconf 86' lang='lat' dir='ltr'><strong>dubiam</strong></span> 
     </span>
     <span class='ocr_line' id='line_1_37' title="bbox 677 3354 2748 3443; baseline -0 -22"><span class='ocrx_word' id='word_1_318' title='bbox 677 3355 966 3442; x_wconf 87' lang='lat' dir='ltr'><strong>‘imperii</strong></span> <span class='ocrx_word' id='word_1_319' title='bbox 1015 3354 1378 3442; x_wconf 87' lang='lat' dir='ltr'><strong>servitiique</strong></span> <span class='ocrx_word' id='word_1_320' title='bbox 1425 3356 1625 3420; x_wconf 89' lang='lat' dir='ltr'><strong>aleam</strong></span> <span class='ocrx_word' id='word_1_321' title='bbox 1671 3357 1856 3434; x_wconf 78' lang='lat' dir='ltr'><strong>imuS,</strong></span> <span class='ocrx_word' id='word_1_322' title='bbox 1908 3357 2193 3421; x_wconf 87' lang='lat' dir='ltr'><strong>ineamus</strong></span> <span class='ocrx_word' id='word_1_323' title='bbox 2238 3355 2513 3443; x_wconf 87' lang='lat' dir='ltr'><strong>aliquam</strong></span> <span class='ocrx_word' id='word_1_324' title='bbox 2560 3355 2748 3433; x_wconf 82' lang='lat' dir='ltr'><strong>viam,</strong></span> 
     </span>
    </p>
   </div>
   <div class='ocr_carea' id='block_1_3' title="bbox 609 3507 2752 4405">
    <p class='ocr_par' dir='ltr' id='par_1_3' title="bbox 609 3507 2752 3956">
     <span class='ocr_line' id='line_1_38' title="bbox 737 3507 2750 3573; baseline -0.001 -17"><span class='ocrx_word' id='word_1_325' title='bbox 737 3523 764 3557; x_wconf 74' lang='grc' dir='ltr'>α</span> <span class='ocrx_word' id='word_1_326' title='bbox 798 3511 948 3556; x_wconf 69' lang='lat' dir='ltr'><strong>Fossa</strong></span> <span class='ocrx_word' id='word_1_327' title='bbox 969 3508 1173 3568; x_wconf 73' lang='lat' dir='ltr'><strong>Cluilia]</strong></span> <span class='ocrx_word' id='word_1_328' title='bbox 1238 3507 1404 3564; x_wconf 81' lang='lat' dir='ltr'><strong>Quam</strong></span> <span class='ocrx_word' id='word_1_329' title='bbox 1436 3508 1677 3558; x_wconf 81' lang='lat' dir='ltr'><strong>Cloeliam</strong></span> <span class='ocrx_word' id='word_1_330' title='bbox 1743 3509 1971 3569; x_wconf 65' lang='lat' dir='ltr'><strong>Medum,</strong></span> <span class='ocrx_word' id='word_1_331' title='bbox 2014 3511 2143 3572; x_wconf 87' lang='lat' dir='ltr'><strong>quod</strong></span> <span class='ocrx_word' id='word_1_332' title='bbox 2184 3525 2265 3573; x_wconf 83' lang='lat' dir='ltr'><strong>ap.</strong></span> <span class='ocrx_word' id='word_1_333' title='bbox 2311 3509 2446 3573; x_wconf 79' lang='lat' dir='ltr'><strong>Virg.</strong></span> <span class='ocrx_word' id='word_1_334' title='bbox 2486 3510 2609 3558; x_wconf 83' lang='lat' dir='ltr'><strong>Aen.</strong></span> <span class='ocrx_word' id='word_1_335' title='bbox 2654 3509 2750 3560; x_wconf 78' lang='lat' dir='ltr'><strong>viii.</strong></span> 
     </span>
     <span class='ocr_line' id='line_1_39' title="bbox 671 3571 2752 3637; baseline 0 -15"><span class='ocrx_word' id='word_1_336' title='bbox 671 3573 892 3636; x_wconf 83' lang='lat' dir='ltr'><strong>appellat</strong></span> <span class='ocrx_word' id='word_1_337' title='bbox 913 3573 1102 3632; x_wconf 73' lang='lat' dir='ltr'><strong>Festus,</strong></span> <span class='ocrx_word' id='word_1_338' title='bbox 1126 3578 1176 3621; x_wconf 88' lang='lat' dir='ltr'><strong>et</strong></span> <span class='ocrx_word' id='word_1_339' title='bbox 1199 3572 1331 3621; x_wconf 87' lang='lat' dir='ltr'><strong>Plut.</strong></span> <span class='ocrx_word' id='word_1_340' title='bbox 1361 3573 1410 3621; x_wconf 86' lang='lat' dir='ltr'><strong>in</strong></span> <span class='ocrx_word' id='word_1_341' title='bbox 1434 3572 1679 3623; x_wconf 85' lang='lat' dir='ltr'><strong>Coriolan.</strong></span> <span class='ocrx_word' id='word_1_342' title='bbox 1742 3571 1854 3633; x_wconf 77' lang='lat'><strong>642,</strong></span> <span class='ocrx_word' id='word_1_343' title='bbox 1896 3572 2117 3636; x_wconf 73' lang='lat' dir='ltr'><strong>legimus,</strong></span> <span class='ocrx_word' id='word_1_344' title='bbox 2155 3589 2300 3622; x_wconf 76' lang='lat' dir='ltr'><strong>causa</strong></span> <span class='ocrx_word' id='word_1_345' title='bbox 2340 3572 2481 3622; x_wconf 82' lang='lat' dir='ltr'><strong>metri</strong></span> <span class='ocrx_word' id='word_1_346' title='bbox 2517 3573 2752 3637; x_wconf 78' lang='lat' dir='ltr'><strong>scriptum</strong></span> 
     </span>
     <span class='ocr_line' id='line_1_40' title="bbox 674 3637 2750 3687; baseline -0 0"><span class='ocrx_word' id='word_1_347' title='bbox 674 3639 726 3687; x_wconf 83' lang='lat' dir='ltr'>N</span> <span class='ocrx_word' id='word_1_348' title='bbox 729 3637 973 3685; x_wconf 76' lang='lat' dir='ltr'><strong>iebuhrius</strong></span> <span class='ocrx_word' id='word_1_349' title='bbox 1002 3637 1130 3685; x_wconf 86' lang='lat' dir='ltr'><strong>hanc</strong></span> <span class='ocrx_word' id='word_1_350' title='bbox 1159 3637 1334 3685; x_wconf 77' lang='lat' dir='ltr'><strong>fossam</strong></span> <span class='ocrx_word' id='word_1_351' title='bbox 1369 3637 1547 3685; x_wconf 81' lang='lat' dir='ltr'><strong>limites</strong></span> <span class='ocrx_word' id='word_1_352' title='bbox 1580 3638 1679 3685; x_wconf 88' lang='lat' dir='ltr'><strong>Ro·</strong></span> <span class='ocrx_word' id='word_1_353' title='bbox 1742 3637 1889 3686; x_wconf 72' lang='lat' dir='ltr'><strong>filinae</strong></span> <span class='ocrx_word' id='word_1_354' title='bbox 1921 3643 2091 3686; x_wconf 78' lang='lat' dir='ltr'><strong>auctor</strong></span> <span class='ocrx_word' id='word_1_355' title='bbox 2120 3644 2194 3687; x_wconf 81' lang='lat' dir='ltr'><strong>est</strong></span> <span class='ocrx_word' id='word_1_356' title='bbox 2227 3637 2419 3687; x_wconf 78' lang='lat' dir='ltr'><strong>Servius</strong></span> <span class='ocrx_word' id='word_1_357' title='bbox 2450 3637 2513 3686; x_wconf 80' lang='lat' dir='ltr'><strong>ad</strong></span> <span class='ocrx_word' id='word_1_358' title='bbox 2548 3639 2640 3687; x_wconf 89' lang='lat' dir='ltr'><strong>loc.</strong></span> <span class='ocrx_word' id='word_1_359' title='bbox 2668 3639 2750 3687; x_wconf 81' lang='lat' dir='ltr'><strong>cit.</strong></span> 
     </span>
     <span class='ocr_line' id='line_1_41' title="bbox 609 3701 2751 3764; baseline 0 -15"><span class='ocrx_word' id='word_1_360' title='bbox 609 3741 636 3762; x_wconf 74' lang='grc'><em>,</em></span> <span class='ocrx_word' id='word_1_361' title='bbox 672 3701 805 3750; x_wconf 81' lang='lat' dir='ltr'><strong>mani</strong></span> <span class='ocrx_word' id='word_1_362' title='bbox 830 3707 880 3748; x_wconf 85' lang='lat' dir='ltr'><strong>et</strong></span> <span class='ocrx_word' id='word_1_363' title='bbox 901 3701 1079 3748; x_wconf 82' lang='lat' dir='ltr'><strong>Albani</strong></span> <span class='ocrx_word' id='word_1_364' title='bbox 1107 3701 1208 3762; x_wconf 85' lang='lat' dir='ltr'><strong>agri</strong></span> <span class='ocrx_word' id='word_1_365' title='bbox 1229 3701 1500 3763; x_wconf 77' lang='lat' dir='ltr'><strong>designasse</strong></span> <span class='ocrx_word' id='word_1_366' title='bbox 1524 3707 1679 3762; x_wconf 79' lang='lat' dir='ltr'><strong>putat,</strong></span> <span class='ocrx_word' id='word_1_367' title='bbox 1742 3703 1967 3750; x_wconf 78' lang='lat' dir='ltr'><strong>Mettum.</strong></span> <span class='ocrx_word' id='word_1_368' title='bbox 1993 3701 2335 3750; x_wconf 72' lang='lat' dir='ltr'><strong>Wachsmuth.</strong></span> <span class='ocrx_word' id='word_1_369' title='bbox 2370 3717 2417 3764; x_wconf 88' lang='lat' dir='ltr'><strong>p.</strong></span> <span class='ocrx_word' id='word_1_370' title='bbox 2453 3703 2558 3762; x_wconf 81' lang='lat'>148.</span> <span class='ocrx_word' id='word_1_371' title='bbox 2620 3704 2751 3751; x_wconf 74' lang='lat' dir='ltr'><strong>Met·</strong></span> 
     </span>
     <span class='ocr_line' id='line_1_42' title="bbox 671 3763 2544 3826; baseline -0.001 -12"><span class='ocrx_word' id='word_1_372' title='bbox 671 3769 821 3826; x_wconf 84' lang='lat' dir='ltr'><strong>atque</strong></span> <span class='ocrx_word' id='word_1_373' title='bbox 853 3779 940 3826; x_wconf 86' lang='lat' dir='ltr'><strong>per</strong></span> <span class='ocrx_word' id='word_1_374' title='bbox 966 3763 1092 3812; x_wconf 88' lang='lat' dir='ltr'><strong>hanc</strong></span> <span class='ocrx_word' id='word_1_375' title='bbox 1118 3779 1269 3826; x_wconf 76' lang='lat' dir='ltr'><strong>aquas</strong></span> <span class='ocrx_word' id='word_1_376' title='bbox 1297 3781 1327 3812; x_wconf 85' lang='lat' dir='ltr'><strong>a</strong></span> <span class='ocrx_word' id='word_1_377' title='bbox 1355 3765 1466 3813; x_wconf 85' lang='lat' dir='ltr'><strong>lacu</strong></span> <span class='ocrx_word' id='word_1_378' title='bbox 1488 3766 1681 3813; x_wconf 77' lang='lat' dir='ltr'><strong>Albano</strong></span> <span class='ocrx_word' id='word_1_379' title='bbox 1743 3767 1864 3814; x_wconf 69' lang='lat' dir='ltr'><strong>tium</strong></span> <span class='ocrx_word' id='word_1_380' title='bbox 1884 3766 2136 3826; x_wconf 59' lang='lat' dir='ltr'><strong>Fufetium</strong></span> <span class='ocrx_word' id='word_1_381' title='bbox 2156 3768 2263 3815; x_wconf 88' lang='lat' dir='ltr'><strong>cod.</strong></span> <span class='ocrx_word' id='word_1_382' title='bbox 2288 3765 2475 3814; x_wconf 85' lang='lat' dir='ltr'><strong>Harlei.</strong></span> <span class='ocrx_word' id='word_1_383' title='bbox 2505 3780 2544 3814; x_wconf 89' lang='lat'><strong>1.</strong></span> 
     </span>
     <span class='ocr_line' id='line_1_43' title="bbox 671 3827 2747 3891; baseline 0.001 -15"><span class='ocrx_word' id='word_1_384' title='bbox 671 3829 725 3876; x_wconf 90' lang='lat' dir='ltr'><strong>in</strong></span> <span class='ocrx_word' id='word_1_385' title='bbox 747 3829 988 3891; x_wconf 82' lang='lat' dir='ltr'><strong>regionem</strong></span> <span class='ocrx_word' id='word_1_386' title='bbox 1014 3828 1286 3876; x_wconf 77' lang='lat' dir='ltr'><strong>inferiorem</strong></span> <span class='ocrx_word' id='word_1_387' title='bbox 1309 3827 1446 3891; x_wconf 84' lang='lat' dir='ltr'><strong>(hod.</strong></span> <span class='ocrx_word' id='word_1_388' title='bbox 1469 3831 1521 3878; x_wconf 81' lang='lat' dir='ltr'><strong>la</strong></span> <span class='ocrx_word' id='word_1_389' title='bbox 1544 3830 1678 3877; x_wconf 81' lang='lat' dir='ltr'><strong>Cam·</strong></span> <span class='ocrx_word' id='word_1_390' title='bbox 1807 3847 1839 3890; x_wconf 88' lang='lat'>4</span> <span class='ocrx_word' id='word_1_391' title='bbox 1878 3831 2108 3878; x_wconf 72' lang='lat' dir='ltr'><strong>OEuilium</strong></span> <span class='ocrx_word' id='word_1_392' title='bbox 2140 3865 2303 3880; x_wconf 92' lang='grc'><strong>.....</strong></span> <span class='ocrx_word' id='word_1_393' title='bbox 2336 3833 2528 3878; x_wconf 71' lang='lat' dir='ltr'><strong>audisse</strong></span> <span class='ocrx_word' id='word_1_394' title='bbox 2556 3831 2747 3890; x_wconf 69' lang='lat' dir='ltr'><strong>videor]</strong></span> 
     </span>
     <span class='ocr_line' id='line_1_44' title="bbox 669 3890 2751 3956; baseline 0 -14"><span class='ocrx_word' id='word_1_395' title='bbox 669 3890 863 3956; x_wconf 68' lang='lat' dir='ltr'><strong>pamm)</strong></span> <span class='ocrx_word' id='word_1_396' title='bbox 885 3893 1120 3940; x_wconf 80' lang='lat' dir='ltr'><strong>deductas</strong></span> <span class='ocrx_word' id='word_1_397' title='bbox 1139 3892 1298 3940; x_wconf 77' lang='lat' dir='ltr'><strong>fuisse.</strong></span> <span class='ocrx_word' id='word_1_398' title='bbox 1714 3892 1991 3956; x_wconf 83' lang='lat' dir='ltr'><strong>·Intellige‚</strong></span> <span class='ocrx_word' id='word_1_399' title='bbox 2024 3909 2173 3956; x_wconf 91' lang='lat' dir='ltr'><strong>quum</strong></span> <span class='ocrx_word' id='word_1_400' title='bbox 2206 3894 2400 3943; x_wconf 83' lang='lat' dir='ltr'><strong>diceret.</strong></span> <span class='ocrx_word' id='word_1_401' title='bbox 2467 3893 2650 3943; x_wconf 72' lang='lat' dir='ltr'><strong>Similis</strong></span> <span class='ocrx_word' id='word_1_402' title='bbox 2680 3895 2751 3942; x_wconf 91' lang='lat' dir='ltr'><strong>lo-</strong></span> 
     </span>
    </p>

    <p class='ocr_par' dir='ltr' id='par_1_4' title="bbox 671 3957 2751 4405">
     <span class='ocr_line' id='line_1_45' title="bbox 749 3957 2751 4022; baseline 0.002 -18"><span class='ocrx_word' id='word_1_403' title='bbox 749 3971 776 4019; x_wconf 84' lang='lat'>3</span> <span class='ocrx_word' id='word_1_404' title='bbox 815 3959 1028 4004; x_wconf 72' lang='lat' dir='ltr'><strong>Mettum</strong></span> <span class='ocrx_word' id='word_1_405' title='bbox 1068 3959 1148 4004; x_wconf 77' lang='lat' dir='ltr'><strong>Fu</strong></span> <span class='ocrx_word' id='word_1_406' title='bbox 1187 3957 1358 4016; x_wconf 74' lang='lat' dir='ltr'><strong>etium]</strong></span> <span class='ocrx_word' id='word_1_407' title='bbox 1435 3959 1680 4006; x_wconf 71' lang='lat' dir='ltr'><strong>Mettium.</strong></span> <span class='ocrx_word' id='word_1_408' title='bbox 1746 3957 1952 4006; x_wconf 84' lang='lat' dir='ltr'><strong>cutionis</strong></span> <span class='ocrx_word' id='word_1_409' title='bbox 1984 3960 2265 4022; x_wconf 86' lang='lat' dir='ltr'><strong>exemplum</strong></span> <span class='ocrx_word' id='word_1_410' title='bbox 2299 3959 2393 4008; x_wconf 80' lang='lat' dir='ltr'><strong>vid.</strong></span> <span class='ocrx_word' id='word_1_411' title='bbox 2424 3958 2551 4006; x_wconf 81' lang='lat' dir='ltr'><strong>infra</strong></span> <span class='ocrx_word' id='word_1_412' title='bbox 2580 3958 2643 4007; x_wconf 79' lang='lat' dir='ltr'><strong>iv.</strong></span> <span class='ocrx_word' id='word_1_413' title='bbox 2673 3972 2751 4008; x_wconf 63' lang='grc' dir='ltr'><strong>το.</strong></span> 
     </span>
     <span class='ocr_line' id='line_1_46' title="bbox 675 4020 1987 4081; baseline -0.001 -10"><span class='ocrx_word' id='word_1_414' title='bbox 675 4022 778 4072; x_wconf 82' lang='lat' dir='ltr'><strong>Iac.</strong></span> <span class='ocrx_word' id='word_1_415' title='bbox 815 4020 1027 4069; x_wconf 79' lang='lat' dir='ltr'><strong>Gronov.</strong></span> <span class='ocrx_word' id='word_1_416' title='bbox 1062 4024 1111 4068; x_wconf 85' lang='lat' dir='ltr'><strong>et</strong></span> <span class='ocrx_word' id='word_1_417' title='bbox 1223 4020 1358 4067; x_wconf 87' lang='lat' dir='ltr'><strong>kker.</strong></span> <span class='ocrx_word' id='word_1_418' title='bbox 1394 4021 1525 4081; x_wconf 86' lang='lat' dir='ltr'><strong>quod</strong></span> <span class='ocrx_word' id='word_1_419' title='bbox 1564 4021 1681 4069; x_wconf 85' lang='lat' dir='ltr'><strong>Nie-</strong></span> <span class='ocrx_word' id='word_1_420' title='bbox 1746 4022 1905 4070; x_wconf 73' lang='lat' dir='ltr'><strong>Can.</strong></span> <span class='ocrx_word' id='word_1_421' title='bbox 1976 4027 1987 4036; x_wconf 78' lang='grc'><strong><em>’</em></strong></span> 
     </span>
     <span class='ocr_line' id='line_1_47' title="bbox 673 4081 2749 4148; baseline 0.001 -14"><span class='ocrx_word' id='word_1_422' title='bbox 673 4085 846 4134; x_wconf 89' lang='lat' dir='ltr'><strong>buhrio</strong></span> <span class='ocrx_word' id='word_1_423' title='bbox 883 4083 1078 4142; x_wconf 83' lang='lat' dir='ltr'><strong>arridet,</strong></span> <span class='ocrx_word' id='word_1_424' title='bbox 1114 4081 1220 4144; x_wconf 81' lang='lat' dir='ltr'><strong>qui&#39;</strong></span> <span class='ocrx_word' id='word_1_425' title='bbox 1229 4086 1549 4146; x_wconf 75' lang='lat' dir='ltr'><strong>praenomina</strong></span> <span class='ocrx_word' id='word_1_426' title='bbox 1588 4085 1678 4133; x_wconf 81' lang='lat' dir='ltr'><strong>La-</strong></span> <span class='ocrx_word' id='word_1_427' title='bbox 1816 4098 1844 4148; x_wconf 85' lang='lat'>5</span> <span class='ocrx_word' id='word_1_428' title='bbox 1882 4087 2129 4148; x_wconf 69' lang='lat' dir='ltr'><strong>Etruscis]</strong></span> <span class='ocrx_word' id='word_1_429' title='bbox 2204 4087 2288 4137; x_wconf 76' lang='lat' dir='ltr'><strong>Ita</strong></span> <span class='ocrx_word' id='word_1_430' title='bbox 2330 4087 2435 4136; x_wconf 83' lang='lat' dir='ltr'><strong>cod.</strong></span> <span class='ocrx_word' id='word_1_431' title='bbox 2476 4085 2667 4136; x_wconf 79' lang='lat' dir='ltr'><strong>Harlei.</strong></span> <span class='ocrx_word' id='word_1_432' title='bbox 2704 4101 2749 4136; x_wconf 78' lang='lat'><strong>2.</strong></span> 
     </span>
     <span class='ocr_line' id='line_1_48' title="bbox 671 4147 2751 4214; baseline 0.001 -16"><span class='ocrx_word' id='word_1_433' title='bbox 671 4150 793 4210; x_wconf 86' lang='lat' dir='ltr'><strong>tina,</strong></span> <span class='ocrx_word' id='word_1_434' title='bbox 801 4147 1208 4211; x_wconf 86' lang='lat' dir='ltr'><strong>quemadmodum</strong></span> <span class='ocrx_word' id='word_1_435' title='bbox 1223 4151 1420 4196; x_wconf 76' lang='lat' dir='ltr'><strong>nomina</strong></span> <span class='ocrx_word' id='word_1_436' title='bbox 1437 4149 1680 4209; x_wconf 83' lang='lat' dir='ltr'><strong>Romana,</strong></span> <span class='ocrx_word' id='word_1_437' title='bbox 1744 4154 1795 4198; x_wconf 85' lang='lat' dir='ltr'><strong>et</strong></span> <span class='ocrx_word' id='word_1_438' title='bbox 1818 4149 1949 4212; x_wconf 78' lang='lat' dir='ltr'><strong>Lips.</strong></span> <span class='ocrx_word' id='word_1_439' title='bbox 1996 4153 2180 4200; x_wconf 56' lang='lat' dir='ltr'><strong>Vulso&amp;</strong></span> <span class='ocrx_word' id='word_1_440' title='bbox 2195 4150 2367 4200; x_wconf 83' lang='lat' dir='ltr'><strong>Harlei</strong></span> <span class='ocrx_word' id='word_1_441' title='bbox 2396 4167 2436 4201; x_wconf 83' lang='lat'><strong>1.</strong></span> <span class='ocrx_word' id='word_1_442' title='bbox 2458 4156 2514 4199; x_wconf 80' lang='lat' dir='ltr'><strong>ut</strong></span> <span class='ocrx_word' id='word_1_443' title='bbox 2530 4151 2751 4214; x_wconf 88' lang='lat' dir='ltr'><strong>plerique</strong></span> 
     </span>
     <span class='ocr_line' id='line_1_49' title="bbox 671 4212 2750 4280; baseline 0.001 -18"><span class='ocrx_word' id='word_1_444' title='bbox 671 4228 863 4276; x_wconf 72' lang='lat' dir='ltr'><strong>semper</strong></span> <span class='ocrx_word' id='word_1_445' title='bbox 883 4213 932 4260; x_wconf 88' lang='lat' dir='ltr'><strong>in</strong></span> <span class='ocrx_word' id='word_1_446' title='bbox 955 4215 1033 4260; x_wconf 72' lang='lat' dir='ltr'><strong>ius</strong></span> <span class='ocrx_word' id='word_1_447' title='bbox 1053 4212 1298 4260; x_wconf 79' lang='lat' dir='ltr'><strong>terminari</strong></span> <span class='ocrx_word' id='word_1_448' title='bbox 1333 4218 1487 4274; x_wconf 84' lang='lat' dir='ltr'><strong>putat.</strong></span> <span class='ocrx_word' id='word_1_449' title='bbox 1552 4213 1681 4262; x_wconf 83' lang='lat' dir='ltr'><strong>Con·</strong></span> <span class='ocrx_word' id='word_1_450' title='bbox 1745 4215 1884 4264; x_wconf 85' lang='lat' dir='ltr'><strong>codd.</strong></span> <span class='ocrx_word' id='word_1_451' title='bbox 1936 4215 2123 4266; x_wconf 64' lang='lat' dir='ltr'><strong>Volscis.</strong></span> <span class='ocrx_word' id='word_1_452' title='bbox 2153 4219 2431 4280; x_wconf 68' lang='lat' dir='ltr'><strong>propriores</strong></span> <span class='ocrx_word' id='word_1_453' title='bbox 2462 4231 2557 4265; x_wconf 72' lang='lat' dir='ltr'><strong>vos.</strong></span> <span class='ocrx_word' id='word_1_454' title='bbox 2594 4215 2750 4265; x_wconf 82' lang='lat' dir='ltr'><strong>Drak.</strong></span> 
     </span>
     <span class='ocr_line' id='line_1_50' title="bbox 673 4277 2750 4338; baseline 0.002 -13"><span class='ocrx_word' id='word_1_455' title='bbox 673 4285 748 4325; x_wconf 82' lang='lat' dir='ltr'><strong>tra</strong></span> <span class='ocrx_word' id='word_1_456' title='bbox 766 4277 1012 4326; x_wconf 84' lang='lat' dir='ltr'><strong>Drakenb.</strong></span> <span class='ocrx_word' id='word_1_457' title='bbox 1028 4277 1260 4334; x_wconf 81' lang='lat' dir='ltr'><strong>Mettum,</strong></span> <span class='ocrx_word' id='word_1_458' title='bbox 1273 4277 1355 4324; x_wconf 89' lang='lat' dir='ltr'><strong>ubi</strong></span> <span class='ocrx_word' id='word_1_459' title='bbox 1370 4291 1683 4338; x_wconf 79' lang='lat' dir='ltr'><strong>praenomen,</strong></span> <span class='ocrx_word' id='word_1_460' title='bbox 1755 4280 1880 4327; x_wconf 67' lang='lat' dir='ltr'><strong>Veiis</strong></span> <span class='ocrx_word' id='word_1_461' title='bbox 1900 4295 1961 4327; x_wconf 84' lang='lat' dir='ltr'><strong>ex</strong></span> <span class='ocrx_word' id='word_1_462' title='bbox 1984 4281 2223 4330; x_wconf 77' lang='lat' dir='ltr'><strong>emendat.</strong></span> <span class='ocrx_word' id='word_1_463' title='bbox 2248 4281 2460 4332; x_wconf 78' lang='lat' dir='ltr'><strong>Gronov,</strong></span> <span class='ocrx_word' id='word_1_464' title='bbox 2482 4279 2533 4328; x_wconf 87' lang='lat' dir='ltr'><strong>in</strong></span> <span class='ocrx_word' id='word_1_465' title='bbox 2558 4285 2750 4330; x_wconf 77' lang='lat' dir='ltr'><strong>textum</strong></span> 
     </span>
     <span class='ocr_line' id='line_1_51' title="bbox 674 4340 2272 4405; baseline 0 -14"><span class='ocrx_word' id='word_1_466' title='bbox 674 4343 925 4401; x_wconf 85' lang='lat' dir='ltr'><strong>Mettium,</strong></span> <span class='ocrx_word' id='word_1_467' title='bbox 979 4343 1060 4390; x_wconf 88' lang='lat' dir='ltr'><strong>ubi</strong></span> <span class='ocrx_word' id='word_1_468' title='bbox 1120 4356 1314 4401; x_wconf 87' lang='lat' dir='ltr'><strong>nomen,</strong></span> <span class='ocrx_word' id='word_1_469' title='bbox 1367 4340 1506 4390; x_wconf 76' lang='lat' dir='ltr'><strong>scribi</strong></span> <span class='ocrx_word' id='word_1_470' title='bbox 1562 4342 1680 4390; x_wconf 85' lang='lat' dir='ltr'><strong>vult.</strong></span> <span class='ocrx_word' id='word_1_471' title='bbox 1745 4343 1928 4405; x_wconf 83' lang='lat' dir='ltr'><strong>recepit</strong></span> <span class='ocrx_word' id='word_1_472' title='bbox 1947 4343 2160 4394; x_wconf 87' lang='lat' dir='ltr'><strong>Bekker.</strong></span> <span class='ocrx_word' id='word_1_473' title='bbox 2265 4349 2272 4356; x_wconf 86' lang='grc'><strong><em>’</em></strong></span> 
     </span>
    </p>
   </div>
  </div>
 </body>
</html>
