3000 4784
413 348 483 399 U.
507 348 567 398 C.
594 362 686 411 374

413 416 476 463 Δ.
509 414 569 465 C.
595 426 622 473 3

420 880 479 927 L.
505 877 639 953 Fufii

417 948 676 991 tomenta.

417 2608 620 2659 Camilli

416 2674 700 2725 moderatio.

415 3567 589 3629 Pugna

413 3644 526 3705 cum
552 3630 670 3679 vol-

413 3708 520 3744 sels.

515 3996 619 4055 24.

629 414 704 475 78.

738 214 864 278 374
1512 208 1739 277 ΤῙΤΙ
1798 208 2073 275 LIVII

741 344 1026 409 exercitu
1055 354 1208 419 erat,
1239 354 1306 406 et
1334 343 1404 405 in
1433 343 1633 407 altero
1656 342 1849 408 duce:
1898 366 2019 409 nec
2048 343 2396 431 praesentis
2416 341 2847 409 dimicationis

742 429 1059 493 fortunam
1103 427 1236 493 ulla
1267 450 1386 505 res,
1417 443 1864 517 praeterquam
1910 430 2101 495 unius
2129 429 2249 495 viri
2278 429 2623 495 consilium
2664 444 2847 515 atque

741 514 1102 616 imperium,
1133 516 1533 580 morabatur:
1580 517 1695 603 qui
1722 518 2119 583 occasionem
2150 516 2575 583 iuvandamm
2606 518 2847 583 ratione
2937 588 2939 593 ,

741 602 973 665 vinum
993 602 1306 667 tmhendo
1334 601 1503 668 bello
1532 604 1895 690 quaerebat.
1987 603 2087 669 Eo
2116 604 2317 691 magis
2344 602 2545 669 hostis
2574 603 2845 676 instare3

743 710 864 753 nec
893 689 1020 752 iam
1049 710 1166 775 pro
1193 689 1412 753 castris
1441 704 1693 755 tantum
1720 691 1851 755 suis
1878 690 2197 779 explicare
2228 690 2447 767 aciem,
2480 690 2605 755 sed
2633 712 2851 777 pmoe-

744 776 894 839 dere
936 775 1004 839 in
1035 776 1320 841 medium
1355 776 1585 864 campi,
1614 790 1683 841 et
1720 778 1885 843 vallo
1922 800 2123 866 prope
2152 777 2431 843 hostium
2475 777 2671 863 signa
2696 777 2851 843 ina»

741 862 962 939 rend0‚
986 884 1062 926 su
1145 864 1322 927 rbam
1360 863 1661 929 fiduciam
1690 864 1921 929 virium
1959 877 2293 930 ostentare.
2384 862 2467 929 Id
2508 886 2707 951 aegre
2744 886 2849 950 pa-

741 948 1018 1013 tiebatur
1127 972 1393 1014 omanus
1437 950 1655 1027 miles;
1700 951 1907 1017 multo
1950 952 2201 1039 aegrius
2242 950 2403 1017 alter
2442 972 2531 1015 ex
2576 950 2848 1015 tribunis

744 1035 1020 1099 militum
1050 1035 1127 1100 L.
1151 1036 1398 1113 FuriuS,
1425 1038 1609 1101 ferox
1639 1059 1841 1124 quum
1870 1052 2077 1104 aetate
2106 1050 2175 1102 et
2200 1036 2483 1124 ingenio,
2516 1050 2665 1103 tum
2696 1036 2850 1101 mul-

743 1120 1055 1199 titudinis,
1113 1145 1198 1187 ex
1247 1123 1664 1188 incertissimo
1710 1126 2019 1190 sumentis
2075 1124 2337 1199 animos,
2396 1145 2513 1209 spe
2573 1123 2845 1187 inflams

745 1206 876 1273 Hic
903 1230 1022 1297 per
1047 1231 1114 1274 se
1143 1210 1272 1273 iam
1299 1208 1533 1273 milites
1550 1210 1845 1311 incitatos
1870 1211 2129 1298 insuper
2156 1210 2499 1297 instigabat
2516 1208 2848 1309 elevando,

745 1307 1575 1461 flffinffiffleiffi'fiffss‘?
1597 1295 2403 1471 25¹{ss03‘2‘5r303‘1333229‘
2431 1294 2849 1447 ῼῙὲἶᾞὲῗ

745 1477 765 1507 6
784 1490 1028 1535 rescere
1073 1469 1351 1545 animos3
1413 1482 1851 1535 cunctatorem
1894 1492 1977 1535 ex
2020 1470 2325 1535 acerrimo
2452 1468 2686 1535 llatore
2728 1469 2851 1533 fie-

746 1564 764 1593 ‘
785 1568 957 1633 tum3
1005 1568 1090 1633 et,
1122 1557 1236 1642 qui
1263 1554 1615 1620 adveniens
1644 1568 1847 1622 castra
1872 1556 2187 1643 urbesque
2216 1556 2425 1644 primo
2464 1556 2723 1643 impetu
2756 1578 2851 1619 ra-

747 1650 766 1681 ‘
781 1662 933 1729 pere
971 1643 1054 1706 sit
1091 1642 1332 1720 solitus
1363 1664 1515 1707 eum
1544 1644 1816 1709 residem
1846 1644 2015 1708 intra
2040 1644 2275 1708 vallum
2306 1657 2565 1730 tempus
2604 1654 2843 1707 terere:

746 1736 766 1767 6
783 1726 944 1813 quid
1015 1750 1412 1793 accessurum
1485 1730 1635 1807 suis,
1704 1729 2189 1796 decessurumve
2260 1730 2543 1795 hostium
2608 1728 2849 1793 viribus

745 1822 764 1853 6
787 1815 1192 1900 sperantem?
1236 1836 1428 1901 quam
1453 1816 1867 1895 occasionem,
1893 1816 2068 1905 quod
2092 1829 2361 1904 tempuS,
2385 1837 2584 1902 quem
2601 1815 2850 1881 insidiis

747 1900 1170 1964 ‘instruendis
1191 1900 1404 1964 locum
1419 1903 1449 1965 ?
1495 1902 1751 1990 Frigere
1774 1926 1848 1968 ac
1877 1916 2127 2003 torpere
2149 1903 2319 1968 senis
2340 1902 2621 1967 consilia.
2722 1901 2847 1967 Sed

749 1994 768 2025 ‘
795 1985 1070 2051 Camillo
1093 2010 1292 2075 quum
1309 1988 1476 2053 vitae
1499 1990 1668 2067 satis,
1688 2002 1827 2055 tum
1847 1990 2084 2077 glonae
2102 2012 2257 2055 esse.
2352 1988 2533 2065 Quid
2551 1988 2845 2063 attinere,

748 2083 767 2114 6
789 2096 938 2139 cum
967 2074 1218 2139 mortali
1246 2096 1510 2163 corpore
1542 2098 1691 2153 unu,
1712 2076 2001 2155 civitatis,
2032 2100 2223 2164 quam
2254 2075 2683 2141 immortalem
2714 2098 2845 2141 esse

749 2170 769 2201 ‘
789 2160 1032 2239 deceat,
1057 2162 1189 2249 pati
1219 2184 1669 2228 consenescere
1686 2163 1852 2228 vires
1866 2165 1925 2229 ’.θ’
1970 2162 2095 2228 His
2112 2163 2507 2229 sermonibus
2524 2174 2663 2228 tota
2692 2162 2765 2227 in
2780 2185 2844 2227 se

743 2260 1056 2313 averterat
1083 2260 1318 2313 castra:
1367 2263 1451 2327 et,
1530 2272 1686 2315 uum
1714 2250 2010 2316 omnibus
2036 2249 2192 2315 locis
2218 2262 2587 2339 posceretur
2606 2271 2843 2337 pugna,

746 2342 767 2372 ‘
793 2332 1160 2413 Sustinere,’
1189 2335 1420 2421 inquit,
1453 2272 1593 2401 “il.
1618 2336 1790 2415 Furi,
1822 2360 1955 2403 non
1982 2358 2315 2425 possumus
2336 2338 2649 2423 impetum
2678 2336 2847 2401 mili·

747 2429 766 2459 ‘
790 2433 962 2487 tum:
1025 2434 1093 2487 et
1149 2422 1366 2499 hostis,
1414 2422 1595 2488 cuius
1648 2424 1893 2489 animos
1938 2423 2301 2490 cunctando
2350 2424 2664 2499 auximus,
2720 2424 2845 2487 iam

746 2516 767 2546 ‘
787 2508 1052 2574 min-ime
1083 2509 1411 2575 toleranda
1427 2511 1723 2597 superbia
1750 2510 2031 2577 insultat.
2126 2510 2309 2577 Cede
2332 2533 2499 2575 unus
2526 2509 2843 2586 omnibus,

746 2604 767 2635 6
783 2608 850 2660 et
961 2610 1094 2661 tere
1135 2608 1199 2661 te
1228 2596 1396 2661 vinci
1428 2596 1713 2676 consilio,
1744 2610 1819 2662 ut
1856 2597 2165 2663 maturius
2192 2597 2363 2662 bello
2390 2598 2643 2661 vincas!
2736 2596 2843 2661 Ad

741 2704 822 2747 ea
852 2618 1198 2747 &millum
1250 2691 1269 2721 ‘
1298 2683 1482 2757 Quae
1512 2683 1683 2749 bella
1708 2706 1825 2749 suo
1855 2685 2045 2749 unius
2072 2684 2355 2771 auspicio
2382 2698 2561 2771 gesm
2588 2682 2671 2749 ad
2702 2706 2841 2749 eam
2941 2686 2942 2747 ἶ

745 2777 766 2807 6
781 2768 955 2832 diem
993 2782 1224 2845 essent,
1256 2790 1488 2856 negare
1529 2769 1597 2833 in
1626 2770 1705 2834 iis
1732 2792 1944 2857 neque
1986 2793 2073 2848 se,
2106 2792 2318 2857 neque
2353 2770 2665 2870 populum
2708 2769 2841 2835 Ro·
2941 2788 2942 2803 ¹

744 2862 764 2891 ‘
783 2876 1064 2931 manum,
1105 2866 1218 2918 aut
1258 2855 1507 2919 consilii
1550 2857 1668 2934 sui,
1710 2868 1822 2921 aut
1861 2857 2153 2922 fortunae
2198 2857 2620 2944 poemtuisse:
2666 2878 2839 2923 nunc

741 2947 762 2977 ‘
777 2938 958 3015 scire,
995 2962 1062 3003 se
1107 2938 1414 3026 collegam
1458 2941 1694 3008 habere
1734 2943 1871 3007 iure
1915 2943 2312 3031 imperioque
2354 2964 2595 3030 parem,
2628 2944 2837 3031 vigore
2941 2940 2942 2949 ’

741 3034 760 3065 6
783 3024 1008 3091 aetatis
1045 3037 1488 3113 praestantem.
1580 3026 1808 3117 Itaque
1849 3052 1936 3107 se,
1969 3030 2143 3118 quod
2178 3030 2263 3095 ad
2302 3030 2657 3095 exercitum
2694 3031 2837 3095 atti-

743 3120 763 3153 ‘
784 3125 954 3191 neat,
1001 3134 1219 3202 regere
1263 3134 1619 3192 consuesse,
1666 3139 1797 3182 non
1836 3117 2006 3204 regi:
2065 3116 2345 3204 collegae
2388 3116 2731 3203 imperium
2772 3140 2833 3181 se

743 3208 764 3239 6
783 3222 917 3267 non
1159 3200 1487 3289 impedire.
1581 3201 1728 3267 Diis
1748 3204 1912 3269 bene
1942 3204 2309 3269 iuvantibus
2328 3217 2564 3291 ageret,
2598 3204 2773 3291 quod
2798 3227 2831 3267 e

741 3298 761 3326 ‘
783 3310 944 3376 repu
987 3288 1111 3353 lica
1151 3288 1432 3354 duceret.
1529 3290 1751 3354 Aetati
1788 3312 1939 3355 suae
1974 3314 2043 3355 se
2071 3291 2323 3355 veniam
2368 3290 2565 3355 etiam
2598 3304 2827 3392 petere,

740 3383 759 3414 6
782 3397 866 3440 ne
895 3376 964 3439 in
993 3376 1200 3465 prima
1226 3376 1360 3440 acie
1391 3388 1589 3441 esset:
1638 3398 1801 3463 quae
1832 3378 2001 3442 senis
2031 3377 2250 3443 munia
2287 3378 2357 3441 in
2386 3374 2556 3442 bello
2584 3390 2735 3455 amr,
2762 3378 2829 3443 iis

741 3470 844 3527 ‘se
867 3484 1000 3527 nou
1031 3462 1415 3528 defuturum.
1511 3461 1591 3527 Id
1618 3486 1658 3528 a
1678 3462 1799 3528 diis
1830 3463 2288 3529 immortalibus
2315 3464 2583 3552 precari,
2612 3487 2699 3530 ne
2728 3464 2827 3551 qui

741 3558 761 3587 ‘
783 3570 962 3615 casus
981 3572 1166 3614 suum
1185 3550 1525 3615 consilium
1544 3548 1859 3615 laudabile
1878 3550 2148 3615 efficiat?
2209 3550 2355 3615 Nec
2373 3551 2453 3615 ab
2474 3550 2829 3615 hominibus

735 3635 1025 3700 salutaris
1053 3637 1387 3715 sententia,
1419 3659 1543 3701 nec
1572 3659 1610 3700 a
1638 3636 1761 3701 diis
1794 3650 1921 3703 tam
1961 3637 2105 3724 piae
2134 3660 2357 3727 preces
2384 3636 2642 3702 auditae
2670 3654 2825 3703 sunt.

736 3718 1020 3785 Primam
1063 3722 1265 3787 aciem
1317 3736 1539 3788 auctor
1587 3746 1839 3811 pugnae
1884 3724 2157 3802 instruit,
2202 3724 2483 3789 subsidia
2530 3722 2829 3789 Camillus

737 3805 968 3883 firmat,
987 3806 1389 3896 validamque
1419 3810 1757 3876 stationem
1780 3834 1897 3898 pro
1920 3811 2136 3875 castris
2154 3810 2455 3913 opponit:
2502 3810 2641 3897 ipse
2665 3810 2830 3877 edito

735 3893 878 3959 loco
907 3904 1224 3981 spectator
1265 3896 1551 3961 intentus
1590 3898 1661 3962 in
1690 3911 1990 3963 eventum
2033 3896 2225 3963 aliem
2254 3896 2501 3963 consilii
2532 3898 2865 3967 constitit-5

739 3979 942 4049 Simul
983 3978 1192 4069 primo
1221 4004 1533 4049 concursu
1576 4008 1802 4051 concre
1849 4007 1999 4049 uere
2044 4007 2236 4063 arma,
2268 3984 2465 4049 hostis
2504 3983 2675 4063 dolo,
2706 4008 2827 4049 non

733 4079 930 4149 metu,
949 4066 1182 4157 pedem
1212 4068 1445 4135 retulit.
1540 4070 1738 4137 Lenis
1760 4006 1848 4137 ag
1864 4086 2041 4159 tergo
2064 4071 2263 4136 clivus
2284 4083 2419 4137 erat
2446 4069 2621 4136 inter
2636 4072 2825 4137 aciem

723 4323 732 4329 -
797 4306 824 4352 5
859 4296 1087 4344 Intentus
1107 4295 1163 4341 in
1177 4294 1432 4353 comum]
1473 4296 1540 4342 In
1568 4302 1745 4342 eventu
1812 4296 2047 4353 immun,
2068 4297 2153 4345 aed
2176 4298 2239 4346 ad
2260 4304 2503 4359 spectator
2524 4300 2823 4351 referendum

729 4358 921 4402 tantum
946 4372 1044 4405 non
1067 4371 1235 4404 omnes
1257 4357 1385 4413 edtl.⁹
1408 4358 1537 4417 quod
1563 4372 1659 4403 non
1682 4359 1745 4405 ad
1810 4374 1915 4406 esse
1938 4367 2105 4408 censet
2128 4360 2503 4413 Drakenborch.
