3000 4784
304 261 373 313 U.
396 262 457 312 0.

300 326 365 377 A.
398 327 457 377 C.

308 864 396 915 Tr.
404 863 617 913 militum
634 856 776 921 silia
832 880 909 921 eo

309 929 552 977 consulari

308 998 572 1055 potestate.

315 1990 387 2106 KG

408 1991 469 2105 ,ορ

492 2004 555 2116 te

625 123 752 183 232

1395 116 1624 185 TITI
1682 117 1956 185 L1V11

482 277 590 325 310·
628 252 793 317 nihil
818 254 923 340 agi
965 267 1197 341 posset,
1226 254 1491 321 consilia
1531 254 1896 342 principum
1935 253 2114 319 domi
2152 254 2493 320 habebant.
2583 252 2728 341 Ap-
2751 270 2798 317 8

480 342 592 388 44²·
628 340 910 425 parebat,
942 354 1055 405 aut
1080 342 1385 419 hostibus,
1414 354 1527 407 aut
1555 341 1800 406 civibus
1837 340 1920 405 de
1948 340 2213 405 victoria
2237 338 2730 405 concedendum

630 448 782 491 esse.
878 424 1011 491 Soli
1054 450 1137 492 ex
1180 428 1612 493 consularibus
1655 425 1950 492 Valerius
1999 440 2192 513 atque
2240 426 2551 491 Horatius
2593 448 2732 489 non

630 512 981 577 intererant
1008 514 1302 578 consiliis.
1384 514 1462 579 C.
1502 513 1761 579 Claudii
1789 512 2105 579 sententia
2123 512 2418 577 consules
2443 513 2734 576 armabat

632 597 704 661 in
760 598 1086 663 tribunos:
1154 600 1628 677 Quinctiorum,
1687 598 2184 685 Cincinnatique
2235 612 2302 663 et
2351 597 2728 684 Capitolini,

632 685 981 749 sententiae
1011 686 1437 753 abhorrebant
1464 710 1506 751 a
1543 686 1738 751 caede
1768 686 2226 771 violandisque,
2257 706 2438 771 quos,
2467 683 2730 749 foedere

633 770 761 835 icto
804 792 953 835 cum
966 772 1203 923 dplebe,
1248 786 1672 839 sacrosanctos
1705 773 2110 859 accepissent.
2201 772 2330 837 Per
2371 771 2534 835 haec
2577 794 2736 835 eon-

1012 858 1245 924 educta
1300 882 1399 925 res
1456 872 1574 936 est,
1625 874 1700 925 ut
1745 859 2034 925 tribunos
2089 857 2367 923 militum
2413 856 2732 922 consulari
2755 883 2804 931 9

681 956 947 1009 otestate
1026 946 1335 1011 romiscue
1376 968 1459 1011 ex
1499 946 1796 1011 Patribus
1835 968 1910 1009 ac
1947 944 2136 1031 plebe
2165 944 2366 1009 creari
2403 944 2730 1020 sinerent3

680 1053 719 1093 e
770 1053 969 1095 consu
1015 1031 1135 1097 bus
1180 1033 1469 1097 creandis
1515 1032 1678 1097 nihil
1723 1044 2076 1096 mutaretur
2092 1054 2112 1095 z
2173 1052 2382 1117 eoque
2441 1032 2734 1096 contenti

637 1117 896 1193 tribuni,
946 1130 1247 1183 contenta
1294 1118 1474 1206 plebs
1530 1118 1669 1182 fuit.
1765 1118 2048 1183 Comitia
2093 1117 2364 1182 tribunis
2413 1116 2734 1181 consulari

636 1216 947 1290 potestate
988 1204 1185 1270 tribus
1218 1206 1508 1270 creandis
1547 1204 1933 1269 indicuntur.

2027 1203 2282 1278 Quibus
2308 1204 2591 1281 indictis,
2621 1224 2738 1267 ex-

640 1289 898 1377 templo,
945 1291 1313 1393 quicunque
1358 1290 1604 1393 aliquid
1645 1291 1943 1356 seditiose
1992 1290 2260 1389 dix-erat,
2309 1304 2424 1354 aut
2471 1290 2734 1365 fecerat,

636 1380 1604 1559 tfflossffizffizffizssss
1617 1376 2738 1551 ξ’ῗῗρᾙῑῗῗὲἓῖἑρίξέἓὲἶᾚ

636 1546 879 1611 nritata
934 1547 1138 1632 plebe,
1192 1546 1584 1636 adipiscendi
1641 1550 1916 1629 honoris,
1967 1549 2202 1613 deinde
2253 1548 2637 1635 indignatio,
2687 1548 2742 1612 si

640 1656 786 1698 cum
826 1633 926 1697 his
953 1636 1271 1735 gerendus
1298 1649 1463 1701 esset
1486 1635 1722 1737 ‘honos
1751 1637 2102 1737 deterreret
2115 1660 2134 1699 ε
2181 1650 2500 1738 postremo
2527 1634 2742 1735 coacti

640 1733 857 1785 tamen
884 1742 923 1783 a
938 1722 1634 1873 (prunonbusEpeuere,
1671 1746 1756 1787 ne
1797 1744 2052 1787 cessisse
2089 1742 2480 1809 pooeesslone
2518 1743 2618 1785 rel
2663 1744 2742 1785 u-

641 1806 843 1873 blicae
874 1806 939 1871 vi
986 1820 1259 1873 crentur.

1384 1822 1610 1873 ventus
1631 1830 1853 1873 eorum
1881 1809 2283 1873 comitiorum
2309 1807 2549 1885 docuit,
2649 1808 2745 1872 ‘os

642 1893 885 1957 animos
914 1894 982 1957 in
1012 1894 1421 1959 contentione
1462 1894 1768 1959 libertatis
1797 1895 2270 1981 dignitatisque,
2301 1893 2476 1970 alios,
2505 1914 2746 1958 secun-

588 2026 603 2041 .
632 1980 801 2053 ⁴dum
838 1978 1126 2067 deposita
1162 1981 1528 2057 certamina,
1559 1981 1924 2067 incorrupto
1957 1981 2195 2046 iudicio
2229 2002 2398 2045 esset
2445 1979 2746 2045 tribunos

590 2090 605 2106 ·
642 2066 817 2130 enim
860 2089 1081 2131 omnes
1118 2068 1413 2154 patricios
1446 2068 1682 2132 creavit
1719 2088 1806 2153 po
1849 2066 2012 2144 ulus,
2053 2078 2390 2131 contentus
2429 2088 2527 2142 eo,
2559 2064 2746 2151 quod
2765 2090 2792 2123 ι

642 2152 804 2217 ratio
820 2190 825 2197 -
846 2152 1063 2217 habita

644 2252 903 2324 temque
948 2252 1017 2303 et

1145 2153 1493 2219 lebeiorum
1533 2166 1716 2218 esset.

1879 2175 1998 2217 anc
2039 2152 2416 2253 modestiam
2447 2153 2747 2237 aequitar—
2763 2175 2796 2209 τ

1122 2239 1462 2305 titudinem
1505 2240 1698 2304 animi
1745 2239 1860 2304 ubi
1895 2262 2069 2303 nunc
2111 2240 2179 2303 in
2223 2260 2356 2303 uno
2397 2239 2746 2316 inveneris,

642 2347 809 2411 quae
840 2337 977 2389 tum
1005 2326 1227 2413 populi
1255 2326 1536 2391 universi
1561 2325 1727 2389 fuit?

732 2411 931 2476 Anno
982 2413 1425 2478 trecentesimo
1468 2412 1738 2489 decim0,

1784 2433 1978 2497 quam
2021 2412 2174 2476 urbs
2224 2410 2438 2476 Roma
2481 2410 2749 2477 condita
2765 2430 2798 2478 3

644 2510 800 2577 erat,
841 2498 1117 2585 primum
1152 2500 1393 2564 tribuni
1430 2498 1708 2563 militum
1745 2520 1863 2585 pm
1899 2497 2264 2562 consulibus
2303 2498 2747 2584 magistratum
2761 2526 2796 2569 4

710 2708 742 2755 8
774 2708 992 2756 Gonu-’lia
1010 2704 1319 2768 principum]
1358 2706 1576 2754 Concilio
1597 2720 1661 2753 ex

646 2770 991 2819 emendatione
1012 2769 1249 2818 Gronovii
1280 2768 1331 2815 in
1362 2774 1558 2817 textum
1589 2782 1662 2815 re-

648 2834 812 2895 posuit
834 2832 1067 2891 Bekker„
1088 2832 1205 2881 licet
1226 2833 1367 2879 codd.
1388 2833 1574 2881 advers.

712 2912 743 2961 9
775 2898 853 2944 Eo
873 2896 1102 2955 deducta]
1141 2896 1359 2942 Foedere
1380 2910 1492 2942 cum
1517 2896 1663 2957 plebe

646 2960 747 3008 icto
778 2959 960 3008 tribuni
990 2958 1206 3007 militum
1244 2957 1486 3005 consulari
1525 2964 1664 3019 pote-

638 3030 775 3073 state
808 3023 973 3082 creati,
994 3022 1078 3083 qui
1106 3028 1274 3071 tamen
1294 3020 1558 3071 honoribus
1577 3038 1661 3071 cu-

649 3088 836 3137 rulibus
876 3086 1079 3136 minime
1122 3090 1424 3145 ornarentur,
1462 3092 1513 3135 et
1553 3101 1662 3149 pro-

650 3158 819 3216 pterea
842 3152 1093 3213 triumpho
1126 3150 1261 3227 digni
1287 3164 1539 3212 nunquam
1569 3148 1666 3199 sint

648 3217 819 3266 habiti.
864 3218 925 3265 cf.
950 3214 1126 3264 Zonar.
1151 3216 1231 3264 vii.
1261 3230 1357 3326 xgi·

720 3296 741 3331 1
780 3284 959 3329 omes
982 3281 1241 3342 patricios]
1342 3292 1384 3326 :s
1416 3278 1574 3327 verbis
1605 3278 1660 3325 fi-

649 3345 763 3392 dem
778 3344 978 3392 minime
992 3344 1267 3392 habendam
1282 3348 1447 3391 censet
1456 3342 1663 3392 Niebhr.

646 3408 770 3521 {31¹3
794 3406 1662 3533 3323‘13510322.¹¹⁰;‘2203¹„5333.‘¹0⁰31

916 3506 934 3531 ‚
1158 3506 1169 3519 .
1226 3506 1238 3520 .

646 3542 1006 3650 ''Kscpggcilium
1029 3535 1665 3673 plebefflblt‘tiiisslertexoeiit

648 3664 781 3712 mine
805 3663 1110 3711 verisimilius
1125 3667 1214 3711 est.

714 3742 743 3775 α
780 3728 919 3785 Quod
940 3729 1068 3775 rasio
1087 3727 1255 3774 habita
1278 3726 1574 3787 plebeiorum
1593 3740 1663 3773 es-

648 3793 745 3850 set]
784 3790 936 3846 Quod
959 3789 1139 3852 plebeii
1164 3788 1365 3837 admissi
1394 3788 1460 3836 ad
1492 3794 1663 3851 peten-

650 3856 767 3904 dum
792 3854 1125 3917 magistratum
1144 3858 1322 3911 essent,
1337 3858 1572 3914 tanquam
1593 3852 1662 3899 le-

646 3918 807 3982 gitimi
830 3916 1092 3967 candidati.
1126 3916 1290 3965 (ἷκεν.

716 3998 746 4046 3
775 3984 927 4031 Anno
958 3982 1283 4031 mmmm
1312 3976 1517 4042 decim]
1560 3978 1665 4027 Hic

648 4062 837 4097 turmam
859 4044 1093 4094 dissident
1124 4042 1311 4092 numen‘
1344 4044 1494 4092 nostri
1522 4058 1556 4091 a
1581 4041 1660 4090 Li-

652 4111 823 4161 vinnis.
886 4108 998 4158 Hos
1017 4107 1237 4156 tribunos
1262 4106 1475 4156 militum
1500 4106 1664 4155 iniisse

650 4175 849 4235 quidem
892 4170 1227 4234 magistratum
1264 4186 1395 4219 anno
1430 4184 1554 4243 3¹92.
1575 4170 1661 4218 sed

652 4250 763 4283 eum
816 4235 1014 4297 gessisse
1066 4247 1195 4281 anno
1249 4248 1359 4295 311.
1414 4238 1662 4281 existimat

1726 2702 2027 2754 Dodvellus.
2089 2704 2223 2753 Dim.
2277 2704 2341 2754 de
2393 2706 2536 2767 Cyel.
2591 2704 2748 2757 num.

1725 2782 1774 2817 x.
1805 2770 1849 2827 Β.
1884 2766 1960 2817 86.
2029 2769 2229 2829 Parum,
2263 2774 2324 2817 ut
2353 2770 2494 2817 nobis
2531 2770 2749 2831 videtur,

1725 2834 1790 2881 sd
1832 2832 1962 2881 Livii
2003 2838 2242 2893 mentem,
2273 2833 2360 2895 qui
2401 2848 2648 2895 nusquam
2695 2835 2747 2883 in

1727 2896 2005 2945 consulibus
2035 2903 2087 2945 et
2117 2896 2218 2944 illis
2245 2896 2606 2959 magistratibus
2626 2914 2749 2960 quo-

1725 2974 1834 3008 rum
1866 2960 2065 3008 nomine
2095 2976 2254 3008 annus
2285 2960 2653 3022 insigniebam,
2675 2962 2748 3010 di-

1723 3023 1926 3086 stinguit
1943 3038 2130 3073 annum
2147 3023 2259 3071 initi
2273 3024 2338 3071 ab
2353 3038 2486 3072 anno
2499 3026 2627 3086 gesti
2641 3040 2750 3074 nn-

1725 3088 1966 3150 gistmtus
2033 3088 2131 3137 Sed
2151 3093 2204 3137 et
2224 3087 2264 3136 si
2292 3102 2450 3136 annus
2469 3092 2748 3139 ενα-Μαί·

1727 3168 1835 3199 mm
1855 3154 1982 3200 alter
2002 3152 2148 3199 debet
2176 3150 2404 3214 intelligi,
2431 3156 2490 3199 ut
2522 3152 2748 3215 probavi·

1725 3228 1835 3262 mus
1864 3214 1916 3263 in
1943 3220 2046 3263 not.
2073 3215 2136 3262 ad
2163 3213 2232 3265 iii.
2263 3229 2338 3277 33.
2372 3216 2748 3265 trecentesimus

1725 3278 1927 3341 primus,
1959 3280 2048 3327 sed
2085 3278 2269 3338 exiens,
2303 3279 2374 3329 ita
2409 3285 2469 3327 ut
2504 3284 2746 3329 mante-

1727 3343 1850 3390 simo
1887 3343 2102 3391 secundo
2255 3342 2267 3353 '
2389 3358 2476 3391 um
2509 3344 2750 3407 gesserint

1727 3405 1871 3467 primi
1905 3404 2202 3465 Decemviri,
2273 3406 2315 3454 ’c
2352 3422 2529 3465 annus,
2561 3424 2662 3469 quo
2695 3412 2748 3456 et

1725 3470 1906 3581 {iffi
1933 3472 2194 3593 effi?
2207 3470 2748 3597 gimiffummffi

1725 3611 1836 3645 mus
1858 3596 2090 3645 decimus.
2155 3598 2464 3647 servavimus
2493 3604 2665 3647 tamen
2693 3599 2748 3647 in

1727 3660 1942 3721 margine
1962 3676 2147 3709 annum
2168 3676 2282 3709 eum
2304 3676 2453 3723 quem
2477 3662 2582 3710 vult
2605 3662 2750 3711 Dod-

1727 3724 1914 3838 gellus,
1955 3723 2184 3773 vitandae
2233 3724 2532 3774 confusionis
2579 3740 2748 3775 caum.

1773 3801 1890 3837 nav,

1791 3868 1822 3911 4
1859 3852 2065 3901 Tribuni
2085 3853 2296 3901 militm
2317 3868 2415 3915 pro
2433 3854 2742 3915 malibus]

1725 3916 1968 3974 Militum,
1989 3930 2048 3963 eo
2069 3916 2202 3977 quod
2223 3917 2288 3964 ab
2307 3916 2528 3965 exemssu
2555 3924 2748 3977 vocato,

1727 3992 1793 4027 sc.
1821 3994 1854 4027 a
1886 3978 2074 4027 civibus
2105 3980 2416 4028 centuriatim
2448 3982 2748 4039 convocatis,

1725 4041 1875 4091 creati
1917 4048 2048 4092 sunt.
2133 4042 2331 4093 Horum
2372 4043 2744 4106 magistratuum

1725 4120 1958 4155 numanis
2004 4106 2127 4155 mire
2170 4107 2401 4181 veniatur,
2441 4106 2632 4170 quippe
2681 4109 2746 4157 ab

1725 4170 2744 4298 :messuisssssssmss
