3000 4784
689 215 770 275 26
1456 210 1684 277 ΤΙΤΙ
1744 211 2015 277 LIVII

687 367 862 410 sacra
905 347 1153 423 fierent,
1191 359 1383 433 atque
1429 347 1601 410 unde
1642 347 1711 410 in
1756 371 1865 412 eos
1911 358 2198 434 sumptus
2236 348 2511 435 pecunia
2558 371 2779 436 eroga-

687 446 877 497 retur.
950 431 1188 497 Cetera
1215 455 1470 520 quoque
1502 433 1717 498 omnia
1744 433 1997 521 publica
2022 435 2388 522 privataque
2418 457 2593 500 sacra
2620 459 2780 536 pon—

688 517 875 584 tificis
903 519 1073 583 scitis
1101 519 1393 584 subiecit:
1428 533 1503 584 ut
1531 533 1713 598 esset,
1738 544 1867 607 quo
1889 521 2247 586 consultum
2268 520 2485 608 plebes
2504 537 2777 598 vemret3

687 627 772 668 ne
803 606 960 692 quid
989 605 1188 670 divini
1217 607 1386 684 iuriS,
1413 630 1541 694 neg
1566 607 1579 620 '
1628 607 1797 672 endo
1826 608 2060 694 patrios
2088 608 2263 684 ritus,
2286 609 2779 709 peregrinosque

366 705 612 768 Prodigio-
689 692 1068 770 asciscendo,
1120 694 1490 758 turbaretur.
1655 717 1727 758 ec
1774 694 2076 758 coelestes
2120 695 2309 758 modo
2348 695 2779 771 caerimonias,

364 784 472 881 ’Ἣ
501 786 670 832 procu-
689 778 802 842 sed
821 779 986 844 iusta
1002 802 1258 866 quoque
1276 779 1567 844 funebria
1581 779 2045 867 placandosque
2068 780 2315 857 ManeS,
2334 795 2405 844 ut
2423 781 2599 845 idem
2618 805 2782 868 pon—

364 848 418 881 ra
457 849 500 884 ⁰·
691 864 847 928 tifex
891 865 1222 942 edoceret3
1277 889 1569 953 quaeque
1622 865 1926 953 prodigia,
1974 866 2342 931 fulminibus
2394 867 2595 932 aliove
2646 891 2779 967 quo

689 952 828 1016 visu
857 953 1060 1030 missa,
1085 953 1552 1038 susciperentur
1578 966 1644 1017 at
1690 975 1771 1018 ue
1799 966 2303 1053 procurarentur.
2372 953 2485 1017 Ad
2507 977 2583 1019 ea
2604 954 2779 1018 ehci-
2797 966 2828 1013 3

689 1037 856 1102 enda
901 1061 981 1102 ex
1027 1039 1346 1103 mentibus
1384 1039 1633 1117 divinis,
1716 1061 1817 1104 ovi
1866 1039 2069 1104 Elicio
2118 1061 2289 1102 aram
2332 1041 2403 1104 in
2450 1040 2779 1106 Aventino
2796 1065 2826 1107 4

687 1123 938 1202 dicavit,
959 1125 1279 1212 deumque
1299 1125 1616 1190 consuluit
1634 1127 1927 1212 auguriis,
1949 1149 2111 1213 quae
2130 1126 2531 1212 suscipienda
2544 1141 2775 1192 essent.

469 1212 571 1272 21.
773 1211 885 1274 Ad
925 1211 1082 1276 haec
1121 1211 1536 1276 consultanda
1573 1213 2111 1312 procurandaque,
2154 1212 2561 1277 multitudine
2602 1215 2781 1277 omni

363 1295 635 1370 Pop-‚1292
685 1321 724 1362 a
759 1298 824 1362 vi
871 1311 938 1364 et
981 1300 1170 1363 armis
1213 1321 1531 1375 conversa,
1573 1311 1641 1363 et
1686 1300 1881 1363 animi
1924 1299 2164 1386 ahquid
2198 1299 2445 1386 agendo
2484 1301 2779 1386 occupati

360 1361 669 1486 ἓαᾷἳέιῇῗ
685 1398 882 1461 erant,
933 1398 1000 1449 et
1057 1386 1320 1450 deorum
1374 1385 1623 1450 assidua
1671 1385 1950 1450 insidens
1996 1408 2165 1461 cura,
2215 1407 2414 1472 quum
2472 1386 2777 1451 interesse

359 1485 485 1536 litas.
683 1473 869 1536 rebus
897 1471 1194 1536 humanis
1215 1472 1485 1536 coeleste
1510 1495 1751 1536 numen
1772 1471 2109 1548 videretur,
2134 1494 2213 1536 ea
2232 1472 2463 1558 pietate
2487 1473 2779 1536 omniurn

683 1571 940 1644 pectora
967 1559 1297 1635 imbuerat,
1329 1571 1402 1622 ut
1431 1557 1589 1622 fides
1628 1581 1701 1622 ac
1744 1558 2197 1635 iusiurandum,
2236 1559 2525 1645 proximo
2558 1558 2777 1646 legum

683 1665 756 1707 ac
803 1665 1151 1729 poenarum
1195 1656 1390 1720 metu,
1428 1644 1747 1708 civitatem
1782 1658 2091 1730 regerent.
2184 1644 2270 1710 Et
2303 1667 2501 1732 quum
2546 1645 2669 1732 ipsi
2706 1669 2775 1710 se
2796 1665 2825 1716 s

681 1729 971 1793 homines
1017 1730 1086 1792 in
1137 1730 1320 1816 regie,
1374 1730 1549 1794 velut
1590 1731 1761 1794 unici
1806 1731 2101 1818 exempli,
2146 1753 2351 1796 mores
2396 1731 2773 1810 formarent3

681 1829 820 1878 tum
871 1815 1125 1879 finitimi
1177 1816 1368 1880 etiam
1504 1817 1658 1903 puli,
1708 1818 1819 1904 qui
1870 1831 2037 1896 ante,
2090 1831 2309 1894 castra,
2358 1841 2491 1882 non
2546 1820 2777 1882 urbem

679 1902 950 2051 gositam
984 1903 1054 1966 in
1094 1903 1306 1968 medio
1350 1839 1923 1970 adpssollicitandam
1968 1905 2253 1968 omnium
2282 1927 2523 1991 pacem,
2566 1905 2777 1970 credi-

725 2001 923 2065 erant,
977 1989 1044 2052 in
1091 2011 1232 2052 eam
1278 1991 1727 2054 verecundiam
1776 1989 2037 2056 adducti
2083 2003 2251 2066 sunt,
2306 2005 2379 2055 ut
2426 1991 2775 2069 civitatem,

681 2087 880 2139 totam
925 2076 994 2138 in
1044 2075 1286 2140 cultum
1329 2099 1570 2141 versam
1614 2076 1899 2154 deorum,
1944 2077 2165 2142 violari
2209 2076 2516 2142 ducerent
2574 2077 2771 2143 nefas-

680 2160 896 2225 Lucus
939 2176 1092 2239 erat,
1139 2185 1330 2249 quem
1375 2163 1659 2227 medium
1702 2187 1783 2232 ex
1827 2187 2025 2251 opaco
2216 2186 2261 2226 u
2301 2163 2443 2228 sons
2498 2165 2775 2251 perenni

679 2248 732 2310 ri
813 2249 924 2312 bat
967 2271 1146 2335 aqua.
1245 2250 1394 2325 Quo
1483 2251 1590 2314 uia
1630 2273 1696 2314 se
1824 2273 2042 2337 rsaepe
2144 2272 2293 2314 uma
2326 2251 2461 2314 sine
2502 2251 2775 2329 arbitris,

678 2269 854 2398 νεεῗιῐ
889 2335 969 2398 ad
1005 2357 1406 2422 congressum
1437 2273 1617 2414 deae,
1664 2338 1684 2399 i
1758 2338 1990 2414 erebat,
2028 2335 2327 2405 Camenis
2365 2359 2514 2401 eum
2554 2336 2775 2402 lucum

679 2422 969 2498 sacravit3
1058 2423 1187 2486 uod
1229 2445 1447 2487 earum
1485 2423 1577 2486 ibi
1612 2422 1881 2488 concilia
1918 2447 2065 2488 cum
2094 2423 2363 2510 coniuge
2394 2447 2509 2488 sua
2536 2423 2777 2510 Egeria
2978 2393 2981 2500 i

678 2522 902 2572 essent.
1065 2521 1090 2575 t
1117 2509 1232 2574 soli
1264 2507 1444 2573 Fidei
1473 2509 1756 2574 sollenne
1788 2511 2077 2575 instituit.
2172 2509 2283 2574 Ad
2322 2509 2391 2573 id
2428 2511 2771 2574 sacrarium
2788 2522 2823 2574 6

675 2595 962 2660 flamines
1027 2595 1208 2683 bigis,
1262 2619 1452 2660 curru
1512 2611 1786 2674 arcuato,
1848 2597 1997 2661 vehi
2052 2596 2249 2674 iussit,
2303 2620 2497 2661 manu
2543 2620 2622 2662 ue
2684 2597 2773 2662 ad
2795 2623 2821 2671 ⁷
2978 2535 2980 2692 Ι

675 2681 906 2831 dffitos
957 2705 1157 2770 usque
1203 2683 1489 2748 involuta
1530 2706 1666 2747 rem
1717 2684 1995 2747 divinam
2045 2682 2287 2748 facere:
2342 2684 2395 2747 si
2488 2684 2499 2696 '
2552 2697 2773 2749 cantes
2978 2695 2980 2764 1

676 2767 720 2830 fi
768 2790 870 2832 em
915 2769 1267 2844 tutandam,
1308 2768 1654 2854 sedemque
1694 2768 1829 2834 eius
1869 2770 2061 2833 etiarn
2100 2769 2165 2832 in
2196 2770 2435 2833 dextris
2464 2783 2770 2834 sacratam

677 2875 828 2918 esse.
921 2853 1135 2917 Multa
1181 2853 1304 2918 alia
1345 2854 1650 2919 sacrificia
1694 2854 1956 2941 locaque
2002 2855 2189 2921 sacris
2232 2855 2555 2933 faciendiS,
2602 2880 2768 2944 quae

1750 3075 1913 3138 legum
1950 3091 2010 3124 ac
2048 3091 2313 3138 poenarum
2348 3083 2525 3126 metum
2568 3075 2769 3128 coniicit

739 3090 768 3136 3
799 3077 1220 3134 Ponam-arentur]
1269 3075 1581 3124 Cur-arentur
1618 3076 1685 3123 le-

1752 3139 1991 3188 Muretus.

671 3138 801 3200 gitur
829 3139 878 3186 in
904 3139 1011 3188 MS.
1038 3139 1250 3187 Vindob.
1281 3141 1411 3200 quod
1436 3139 1685 3188 Drakenb-

672 3203 900 3264 sequitur.
970 3203 1030 3251 In
1065 3205 1186 3253 Cod.
1229 3204 1417 3252 Harlei.
1456 3217 1498 3252 α.
1540 3219 1687 3266 quem

673 3267 854 3316 Stroth.
880 3273 929 3316 et
958 3267 1168 3317 Bekker.
1202 3273 1486 3329 sequuntur,
1514 3285 1685 3330 procu-

671 3339 923 3388 rarentur,
957 3333 1086 3392 quod
1121 3347 1152 3380 a
1189 3331 1400 3382 Crevier.
1439 3333 1686 3394 probatur.

1822 3203 1853 3252 6
1890 3207 1960 3252 Et
1992 3206 2080 3252 soli
2116 3207 2257 3253 Fidei
2289 3206 2483 3254 solenne
2520 3205 2763 3265 insanit]

1752 3267 1815 3316 Ei
1840 3283 1955 3331 prae
1972 3267 2142 3316 ceteris
2162 3268 2442 3316 numinibus
2464 3267 2673 3316 instituit
2688 3285 2765 3318 sa—

1751 3348 1833 3380 cra
1854 3331 2043 3380 solenni
2068 3338 2118 3380 et
2149 3333 2377 3394 singulari
2398 3332 2493 3380 ritu
2516 3333 2765 3381 celebran-

673 3395 750 3444 Sc.
775 3396 1100 3457 expiarentur.
1241 3460 1252 3472 .
1471 3459 1484 3470 ·

671 3460 1686 3586 fflafflss'zffl.‚¹fzf;¹ffi.021”<ffia

673 3587 842 3635 Burm.
868 3588 1009 3636 docte
1031 3589 1128 3651 egit
1155 3588 1208 3636 in
1237 3588 1466 3650 singulari
1489 3586 1686 3651 libello)

671 3651 764 3700 nisi
791 3653 921 3713 quod
951 3651 1039 3700 ille
1070 3652 1140 3700 ita
1171 3651 1330 3700 dictus
1361 3657 1434 3700 est
1465 3667 1497 3700 a
1530 3652 1686 3714 prisca

671 3715 900 3776 opinione
923 3715 1234 3764 Etruscorum
1259 3722 1308 3764 et
1331 3717 1685 3774 Romanorum,

671 3795 770 3841 qua
792 3779 983 3842 Iupiter
1013 3785 1062 3827 et
1089 3779 1298 3828 fulmina
1325 3780 1470 3827 sacris
1490 3780 1683 3840 quibus—

671 3843 786 3890 dam
829 3849 878 3891 et
920 3843 1276 3905 precationibus
1315 3859 1344 3892 e
1385 3843 1524 3892 coelo
1560 3845 1685 3901 elici,

671 3905 823 3970 (quae
844 3909 966 3955 ratio
987 3908 1213 3966 nominis,
1228 3909 1291 3955 ab
1309 3907 1452 3956 ovid.
1471 3908 1603 3955 Fast.
1618 3908 1684 3956 iii.

677 3983 785 4034 327,
821 3973 927 4032 328.
961 3977 1244 4030 memorata,
1283 3971 1577 4034 probabilior
1612 3979 1687 4020 est

672 4051 749 4095 ea,
765 4049 910 4096 quam
935 4035 983 4082 h.
1007 4035 1040 4082 1.
1064 4035 1232 4083 Livius
1250 4033 1441 4098 attulit)
1465 4036 1541 4083 vel
1565 4037 1683 4098 οορί,

670 4102 860 4149 evocari
889 4104 938 4147 et
969 4101 1222 4160 impetrari
1239 4113 1395 4160 posse
1425 4099 1682 4147 credeban-

669 4171 767 4223 tur,
783 4165 912 4226 quod
935 4179 966 4211 a
989 4163 1254 4222 Porsenna,
1273 4163 1444 4212 Numa
1463 4169 1515 4210 et
1532 4163 1683 4212 Tullo

673 4228 891 4278 Hostilio
911 4227 1095 4276 factum
1125 4227 1267 4274 refert
1292 4227 1420 4276 Plin.
1446 4227 1516 4276 Η.
1542 4227 1607 4276 N.
1630 4227 1679 4276 ii.

674 4305 752 4353 52,
775 4305 851 4354 53.
875 4291 1039 4340 xxviii.
1063 4306 1107 4340 α.
1143 4291 1272 4340 Rur.

741 4369 771 4417 5
813 4359 1044 4406 Prom'mo
1066 4392 1079 4405 .
1103 4391 1116 4406 .
1141 4391 1154 4406 .
1176 4392 1189 4406 .
1211 4358 1366 4417 mem]
1453 4355 1682 4408 Pro-rime

1751 3397 1833 3456 da,
1866 3403 2058 3458 putans,
2090 3402 2146 3443 ut
2174 3399 2289 3443 ante
2322 3398 2507 3445 dictum
2541 3403 2633 3456 est,
2654 3399 2765 3458 fide

1752 3461 2053 3522 potissimum
2076 3477 2136 3508 ao
2154 3463 2265 3509 iure
2291 3462 2501 3509 iurando
2520 3463 2765 3512 civitam

1748 3525 2213 3636 iffifflmfflffissz
2239 3523 2763 3650 ’ἒωζᾈέὅὼηὲ

1978 3623 1993 3646 9
2216 3622 2232 3646 9

1748 3652 1882 3700 modi
1920 3652 2199 3700 numinibus
2232 3652 2437 3700 honores
2466 3651 2656 3702 divinos
2684 3658 2762 3702 nat

1748 3717 2001 3828 :mim
2032 3716 2309 3828 mss:
2342 3717 2641 3830 {im-³32·
2656 3731 2763 3832 ἓξὲξ

1750 3850 1911 3905 posset
1946 3849 2033 3892 aut
2068 3844 2295 3903 sanctior,
2322 3845 2515 3894 nullum
2554 3845 2760 3904 cultum,

1750 3923 1841 3956 nec
1878 3908 2075 3969 publice
2110 3923 2201 3956 nec
2245 3908 2486 3969 privatim,
2522 3907 2759 3958 tributum

1750 3987 1866 4020 esse.
1904 3973 2032 4021 Rur.
2097 3971 2224 4020 Fieri
2246 3978 2421 4033 potest,
2438 3978 2492 4020 ut
2516 3971 2703 4032 Numa,
2718 3972 2759 4022 ιι·

1748 4041 1845 4083 tres
1864 4035 1975 4083 illas
1994 4042 2177 4098 gentes,
2192 4037 2245 4084 id
2260 4038 2391 4097 quod
2410 4036 2757 4086 Waehsmuth.

1748 4100 1928 4161 placet,
1959 4100 2012 4147 in
2049 4115 2195 4148 unam
2232 4099 2654 4162 coagmentaverit,
2684 4116 2757 4150 so-

1746 4164 1892 4212 lenne
1926 4164 2065 4212 Fidei
2097 4164 2373 4229 instituerit,
2398 4165 2527 4226 quod
2562 4179 2757 4214 eoncor-

1746 4227 1857 4276 diae
1878 4227 2125 4276 vinculum
2148 4243 2337 4276 sacrum
2358 4229 2509 4278 fieret.

1813 4304 1841 4352 7
1874 4292 2041 4340 Ourna
2060 4295 2283 4352 arcuato]
2326 4293 2483 4342 Curru
2514 4299 2647 4342 tecto
2678 4309 2755 4344 su·

1746 4371 1913 4419 perne,
1933 4363 1985 4406 et
2004 4371 2224 4406 camene
2244 4355 2296 4406 in
2317 4356 2533 4408 modum.
2560 4358 2723 4409 Cur.
