3000 4784
721 224 850 284 432
1489 216 1719 285 ΤῙΤΙ
1776 214 2052 284 LIVII

489 352 550 402 C.
573 364 685 413 4η.
726 344 747 374 ‘
765 338 1125 425 conscripti,
1158 348 1388 403 nutum
1417 360 1791 426 numenque
1820 350 2101 403 vestrum
2126 334 2433 400 invictum
2462 330 2831 419 Campanis,

489 418 547 467 ⁰·
573 430 683 479 340·
727 430 747 461 ‘
767 436 834 489 et
861 424 1076 489 iubete
1107 446 1377 511 sperare,
1411 424 1797 489 incolumem
1834 424 2126 510 Capuam
2154 422 2453 486 fiituram.
2528 418 2697 493 Qua
2720 418 2833 481 fre-

727 517 747 547 ‘
815 510 1032 575 nentia
1075 510 1363 575 omnium
1406 532 1715 598 generum
1760 509 2187 575 multitudinis
2228 517 2669 595 prosequente
2710 526 2833 567 cre-

726 602 747 632 ‘
767 532 918 661 ditis
957 619 1073 661 nos
1111 596 1286 661 illinc
1328 596 1643 683 profectos
1663 597 1693 659 Ρ
1736 618 1930 683 quam
1975 594 2190 660 omnia
2216 606 2513 659 votorum
2544 590 2837 654 lacrima-

726 689 747 719 ‘
767 704 1037 769 rumque
1083 682 1274 769 plena
1312 682 1688 770 reliquisse?
1732 684 1801 746 in
1831 706 1961 770 qua
2002 704 2173 745 nunc
2214 678 2708 766 exspectatione
2746 698 2837 739 se-

725 775 746 804 ‘
767 783 990 833 natum
1060 769 1500 856 populumque
1572 768 1997 855 Campanum,
2071 768 2392 853 coniuges,
2470 764 2835 849 liberosque

727 861 748 891 ‘
771 868 1013 919 nostros
1071 856 1256 919 esse?
1361 855 1539 920 Stare
1600 878 1857 919 omnem
1919 852 2393 918 multitudinem
2456 850 2543 914 ad
2606 866 2835 937 portae,

728 948 749 977 ‘
769 942 937 1005 viam
987 940 1140 1005 hinc
1186 942 1496 1006 ferentem
1548 954 2039 1029 prospectante&
2093 954 2337 1004 certum
2388 936 2630 1013 habet),
2688 935 2835 1023 quid

727 1035 746 1063 ‘
769 1026 892 1092 illis
920 1050 1056 1104 nos,
1087 1027 1308 1091 Patres
1337 1028 1581 1092 conseri
1632 1028 1699 1104 ti,
1730 1027 2011 1092 sollicitis
2052 1050 2125 1091 ac
2164 1024 2605 1113 pendentibus
2646 1022 2839 1087 animi

728 1120 747 1149 ‘
771 1114 1134 1178 renuntiare
1174 1114 1462 1179 iubentis,
1623 1114 1855 1178 lterum
1894 1135 2266 1200 responsum
2310 1110 2609 1187 salutem,
2644 1110 2839 1173 victo·

731 1208 750 1236 ‘
773 1200 952 1277 riam,
1002 1199 1232 1278 lucem,
1285 1222 1358 1264 ac
1417 1200 1815 1277 libertatem3
1891 1200 2160 1264 alterum
2234 1196 2507 1262 ominari
2580 1196 2837 1271 horreo,

728 1294 749 1324 ‘
769 1309 933 1373 quae
963 1286 1136 1351 ferat.
1229 1286 1509 1351 Proinde
1551 1300 1625 1350 ut
1662 1299 1773 1351 aut
1800 1286 1884 1349 de
1912 1286 2133 1350 vestris
2161 1283 2388 1348 futuris
2414 1282 2614 1347 sociis
2644 1296 2837 1369 atque

728 1380 748 1409 ‘
769 1374 1006 1449 amicis,
1037 1386 1149 1437 aut
1171 1395 1484 1459 nusquam
1517 1372 1663 1436 ullis
1690 1372 1919 1437 futuris
1946 1371 2149 1447 nobie,
2180 1368 2533 1434 consulite!

502 1466 608 1525 31.
817 1458 1164 1523 Summotis
1191 1457 1426 1523 deinde
1465 1457 1707 1543 legatiS,
1740 1480 1942 1557 quum
1980 1455 2305 1521 consultus
2344 1467 2605 1521 senatus
2649 1471 2835 1531 esset,

725 1545 844 1609 etsi
891 1567 1154 1632 magnae
1202 1544 1366 1631 parti
1414 1544 1563 1609 urbs
1612 1565 1891 1607 mamma
1936 1541 2541 1629 opulentissimaque
2582 1540 2837 1619 Italiae,

723 1632 1078 1696 uberrimus
1113 1653 1263 1717 ager
1296 1630 1583 1717 marique
1666 1630 1853 1717 ropin
1898 1651 2019 1693 uus
2060 1628 2145 1693 ad
2170 1628 2505 1691 varietates
2534 1650 2835 1693 annonae

724 1715 1022 1801 horreum
1049 1716 1272 1805 populi
1306 1716 1587 1782 Romani
1640 1738 1747 1781 ore
1776 1715 1839 1779 vi
1886 1717 2151 1791 ebatur3
2198 1733 2413 1779 tamen
2446 1726 2633 1777 tanta
2660 1714 2837 1779 utili-

724 1812 854 1866 tate
883 1802 1044 1866 fides
1073 1802 1395 1888 antiquior
1421 1801 1563 1879 fuit,
1594 1801 2047 1889 responditque
2083 1801 2175 1865 ita
2206 1823 2289 1865 ex
2324 1800 2709 1865 auctoritate
2736 1823 2837 1865 se·

395 1903 621 1978 Negatur
723 1898 910 1951 natus
956 1886 1213 1951 consul:
1266 1895 1286 1925 ‘
1307 1887 1578 1953 Auxilio
1622 1910 1751 1965 vos,
1805 1886 2141 1974 Campani,
2188 1886 2416 1973 dignos
2460 1902 2691 1952 censet
2736 1909 2837 1951 se-

392 1970 637 2081 zffihuu!
727 1980 747 2011 ⁶
767 1985 991 2038 natus:
1039 1973 1154 2038 sed
1181 1973 1272 2038 ita
1299 1974 1627 2039 vobiscum
1655 1973 1995 2038 amicitiam
2026 1972 2273 2037 institui
2300 1994 2415 2059 par
2440 1985 2560 2050 est,
2584 1994 2675 2037 ne
2708 1997 2836 2060 qua

522 2046 678 2094 μω·
726 2068 747 2098 ‘
765 2059 1073 2125 vetustior
1099 2059 1378 2126 amicitia
1405 2083 1479 2125 ac
1510 2060 1773 2125 societas
1794 2058 2083 2123 violetur.
2148 2058 2463 2124 Samnites
2490 2059 2835 2125 nobiscum

726 2155 745 2184 ‘
764 2146 1020 2212 foedere
1063 2146 1268 2211 iuncti
1305 2158 1470 2211 sunt.
1566 2145 1791 2233 Itaque
1832 2168 2025 2221 arma,
2056 2146 2209 2209 deos
2246 2144 2441 2231 priuS,
2473 2168 2675 2231 quam
2716 2145 2835 2211 ho-

725 2241 746 2271 ‘
765 2232 988 2312 mines,
1019 2233 1346 2311 violatura,
1377 2232 1676 2297 adversus
1720 2231 2035 2297 Samnites
2063 2231 2241 2297 vobis
2279 2253 2603 2317 negamus
2702 2232 2835 2297 Le-

723 2326 744 2357 ‘
763 2331 962 2405 gatos,
1003 2320 1168 2383 sicut
1207 2318 1299 2383 fas
1339 2319 1566 2405 iusque
1613 2332 1728 2395 est,
1778 2318 1861 2382 ad
1910 2318 2114 2383 socios
2161 2330 2353 2405 atque
2398 2318 2635 2382 amicos
2683 2341 2833 2406 pre-

721 2413 742 2442 ‘
763 2416 976 2469 catum
1021 2406 1364 2482 mittemus,
1397 2427 1479 2469 ne
1511 2426 1641 2491 qua
1674 2404 1853 2469 vobis
1886 2404 1979 2467 vis
2015 2404 2165 2469 fiat!
2252 2403 2365 2468 Ad
2406 2427 2485 2467 ea
2524 2404 2835 2494 princeps

719 2490 780 2555 le
865 2492 1071 2569 tionis,
1109 2490 1230 2606 (sic
1271 2492 1444 2556 enim
1481 2489 1673 2555 domo
1716 2489 2088 2554 mandatum
2132 2488 2505 2577 attulerant)
2552 2498 2573 2529 ‘
2600 2490 2831 2567 Quan-

722 2585 742 2615 ‘
763 2514 1132 2678 Quidem,
1189 2578 1419 2665 inquit,
1468 2585 1488 2615 ‘
1510 2591 1725 2641 nostra
1769 2575 1933 2640 tueri
1976 2576 2273 2641 adversus
2311 2576 2440 2640 vim
2486 2591 2553 2642 at
2600 2600 2683 2642 ue
2731 2578 2830 2645 in-

721 2672 742 2701 ‘
762 2664 990 2729 iurlam
1017 2664 1184 2729 iusta
1210 2664 1273 2729 vi
1302 2686 1434 2727 non
1461 2662 1673 2740 vultiS,
1703 2674 1913 2728 vestra
1938 2676 2109 2728 certe
2138 2661 2515 2727 defendetis·
2552 2600 2825 2752 {taque

721 2756 742 2787 ‘
847 2750 1070 2837 pulum
1104 2749 1268 2814 Cam
1314 2772 1527 2827 anum,
1570 2747 1921 2835 urbemque
1970 2748 2282 2837 Capuam,
2324 2771 2527 2835 agros,
2558 2750 2825 2815 delubra

721 2843 741 2873 ‘
806 2857 975 2911 eum,
1007 2836 1224 2899 divina
1313 2858 1671 2921 umanaque
1717 2836 1935 2899 omnia
1974 2835 2043 2898 in
2077 2847 2369 2912 νεεῐτειω,
2401 2834 2629 2900 Patres
2670 2860 2821 2901 con-

720 2926 741 2956 ‘
761 2920 997 3003 scripti,
1045 2919 1393 3017 populique
1437 2920 1715 2985 Romani
1762 2920 2072 2985 ditionem
2119 2920 2453 2997 dedimus3
2512 2922 2665 3007 quic
2714 2922 2823 2987 uid

721 3011 742 3040 ‘
761 3002 997 3068 deinde
1025 3016 1361 3089 patlemur,
1392 3006 1681 3070 dediticii
1708 3006 1901 3070 vestri
1928 3006 2210 3093 passuri.’
2302 3006 2435 3071 Sub
2463 3005 2627 3072 haec
2725 3022 2823 3074 cta

719 3110 959 3167 omnes,
991 3111 1215 3153 manus
1257 3090 1340 3153 ad
1383 3090 1672 3155 consules
1709 3091 2063 3168 tendentes,
2094 3090 2270 3178 pleni
2305 3092 2713 3159 lacrimarum
2754 3095 2817 3159 in

716 3174 1028 3242 vestibulo
1067 3176 1279 3242 curiae
1318 3176 1810 3264 procubuerunt.
1906 3176 2231 3242 Commoti
2260 3177 2485 3242 Patres
2513 3179 2657 3245 vice
2700 3180 2819 3245 for·

717 3276 1016 3328 tunarum
1073 3263 1514 3340 humanarum,
1555 3262 1609 3326 si
1660 3262 1767 3327 ille
1814 3276 2194 3351 praepotens
2247 3264 2474 3351 opibus
2525 3267 2816 3353 populu&

713 3348 968 3415 luxuria
994 3350 1414 3438 superbiaque
1439 3348 1661 3425 clame,
1686 3372 1726 3413 a
1746 3372 1876 3437 quo
1905 3349 2119 3437 paullo
2148 3362 2297 3415 ante
2338 3349 2656 3416 auxilium
2678 3353 2818 3417 fini-

716 3436 856 3501 timi
902 3437 1226 3523 petissent,
1277 3436 1436 3502 adeo
1485 3435 1783 3499 infractos
1834 3448 2086 3522 gereret
2134 3437 2399 3515 animos,
2445 3450 2521 3502 ut
2566 3460 2638 3503 se
2686 3440 2816 3527 ipse

388 3534 644 3599 Accipitur
717 3545 956 3609 suaque
986 3523 1201 3588 omnia
1237 3522 1565 3609 potestatis
1604 3520 1845 3585 alienae
1874 3521 2150 3586 faceret:
2200 3534 2339 3586 tum
2368 3522 2497 3587 iam
2526 3524 2693 3590 fides
2721 3526 2817 3613 agi
2836 3556 2857 3589 2

387 3601 587 3675 ¹¹.¹‘3¹'¹¹¹¹²
603 3600 686 3647 ‘¹⁰'
715 3608 866 3685 visa,
915 3608 1164 3673 deditos
1214 3632 1346 3673 non
1397 3606 1600 3694 prodi,
1644 3629 1763 3671 nec
1809 3606 2124 3671 facturum
2176 3630 2381 3695 aequa
2435 3608 2819 3677 Samnitium

386 3666 523 3715 ‘mm‘
801 3691 1022 3778 pulum
1069 3695 1428 3769 censebant,
1471 3694 1525 3757 si
1572 3714 1795 3779 agrum
1837 3694 2210 3779 urbemque,
2258 3716 2377 3780 per
2420 3694 2820 3763 deditionem

713 3714 940 3841 getam
970 3778 1190 3863 populi
1221 3778 1519 3855 Romani,
1561 3790 2018 3865 oppugnarent.
2112 3778 2391 3865 Legatos
2438 3782 2661 3869 itaque
2710 3807 2818 3849 ex-

713 3860 951 3949 templo
1010 3862 1176 3926 mitti
1233 3861 1318 3927 ad
1379 3861 1694 3929 Samnites
1752 3863 2027 3951 placuit:
2106 3863 2256 3929 data
2312 3868 2635 3945 mandata,
2708 3878 2731 3908 ‘
2750 3886 2819 3935 ut

399 351 466 402 U.

395 418 456 467 A.

709 4082 892 4140 strum]
929 4077 1010 4129 Sic
1032 4079 1332 4140 compellant
1352 4079 1599 4141 Campani
1624 4081 1723 4130 Ro-
1789 4098 1961 4143 nuere,
1988 4088 2039 4132 et
2072 4082 2289 4131 divinam
2318 4084 2731 4146 gubernationem
2760 4102 2817 4135 ac

712 4160 884 4195 manos
919 4148 1150 4205 tanquam
1186 4144 1303 4191 deos
1333 4144 1587 4205 quosdam,
1620 4151 1725 4193 tan—
1790 4146 2097 4195 voluntatem
2120 4148 2339 4197 denotat.
2373 4147 2540 4197 Cam.

711 4224 860 4270 quam
885 4208 1054 4257 Iovem
1087 4205 1266 4270 ipsum,
1299 4206 1438 4256 cuius
1467 4214 1595 4256 nutu
1623 4223 1724 4256 ver-
1854 4224 1883 4259 2
1918 4212 2065 4261 Fides
2084 4212 2195 4273 αφ’]
2236 4210 2379 4261 Fidei
2401 4211 2641 4263 interesse
2663 4214 2813 4264 visum

609 4304 616 4318 .
711 4278 883 4319 tuntur
917 4286 977 4320 ac
1015 4277 1244 4333 reguntur
1281 4272 1459 4321 omnia.
1526 4274 1727 4321 Numen
1790 4280 1878 4323 est.
1912 4274 2075 4323 θην.

711 4334 776 4379 ab
805 4334 976 4381 eadem
1010 4334 1192 4395 origine
1213 4339 1302 4393 est,
1323 4350 1356 4382 a
1378 4336 1524 4382 verbo
1548 4349 1727 4396 nempe
