3000 4784
921 229 1114 295 LIB.
1163 230 1250 295 X.

1317 230 1540 295 CAP.
1588 232 1692 296 47.
2210 238 2331 301 611

221 362 436 426 mium
481 360 761 449 legatum
805 363 976 427 eius:
1033 364 1164 463 qui,
1211 363 1384 429 dicta
1423 364 1530 429 die
1576 388 1615 428 a
1659 362 1755 429 Μ.
1794 364 2032 430 Cautio
2074 367 2333 433 tribuno
2356 384 2423 434 U.
2448 386 2507 435 c.
2532 400 2643 451 459·

159 476 188 510 1
219 448 456 547 plebis,
489 449 742 549 fugerat
770 450 838 512 in
877 448 1260 549 legationem
1289 450 1396 537 (ut
1421 450 1591 515 fama
1616 450 1888 551 ferebat)
1914 452 2139 552 populi
2164 454 2334 553 iuffi‘
2352 450 2413 499 A.
2447 451 2506 500 C·
2534 464 2641 513 293·

219 556 438 599 cmm:
515 548 862 621 iactarique
939 558 1157 622 magis,
1235 558 1430 623 quam
1497 558 1735 623 peragi,
1813 550 2128 602 accusano
2196 562 2333 605 elus

216 632 495 707 poterat.

322 706 568 771 Exacto
613 707 742 771 iam
787 729 976 784 anno,
1017 708 1167 772 novi
1215 708 1452 772 tribuni
1499 708 1703 795 plebis
1750 709 2185 797 magistratum
2232 710 2334 774 in-

219 793 470 857 ierant:
517 794 722 879 iisque
767 793 938 892 ipsis,
984 794 1136 879 quia
1178 794 1332 858 vitio
1375 795 1573 857 creati
1616 808 1815 872 erant,
1858 796 2144 882 quinque
2188 810 2333 884 post

151 906 192 940 2
221 877 370 942 dies
419 879 526 943 alii
575 880 844 944 suffecti.

2454 718 2559 782 47.

936 878 1242 943 Lustrum
1293 878 1624 944 conditum
1676 904 1753 945 eo
1804 904 1974 946 anno
2022 896 2117 947 est
2164 906 2203 947 a
2252 882 2325 947 P.
2350 902 2581 951 Lustrum

227 962 542 1029 Cornelio
566 965 829 1042 Arvina,
866 963 945 1029 C.
973 964 1220 1029 Marcio
1253 964 1476 1029 Rutilo
1499 966 1897 1031 censoribus:
1946 989 2137 1032 censa
2158 969 2332 1055 capi·
2348 965 2617 1015 eonditum.

223 1062 372 1114 tum
423 1050 624 1115 millia
673 1050 950 1115 ducenta
999 1050 1328 1137 sexaginta
1377 1048 1509 1115 duo
1560 1063 1845 1115 trecenta
1892 1053 2119 1139 viginti
2179 1054 2326 1119 due.

153 1162 198 1210 3
228 1136 553 1201 Censores
592 1136 874 1201 vicesimi
917 1137 1081 1200 sexti
1125 1160 1164 1200 a
1204 1136 1424 1224 primis
1467 1137 1831 1202 censoribus
1848 1159 1866 1213 3
1914 1136 2180 1202 lustrum
2212 1162 2331 1203 un-

223 1222 688 1287 devicesimum
726 1222 863 1286 fuit.
958 1220 1207 1287 Eodem
1247 1244 1416 1287 anno
1457 1223 1741 1286 coronati
1780 1224 2077 1309 primum,
2110 1224 2193 1289 ob
2232 1247 2331 1290 res

223 1308 402 1373 bello
429 1309 596 1373 bene
617 1322 842 1395 gestaS,
866 1307 1050 1373 ludos
1083 1308 1408 1373 Romanos
1428 1320 1907 1394 spectaverunt:

2002 1310 2331 1397 almaeque

225 1406 372 1459 tum
414 1394 710 1481 primum,
757 1394 1056 1459 translato
1099 1417 1136 1459 e
1186 1393 1456 1459 Graecia
1499 1416 1694 1471 more,
1740 1395 1961 1459 victori
2006 1419 2081 1459 us
2126 1395 2327 1462 datae.

227 1479 485 1545 Eodem
514 1503 684 1545 anno
711 1481 794 1545 ab
822 1480 1132 1545 aedilibus
1160 1480 1500 1555 curulibus,
1528 1481 1641 1565 qui
1670 1503 1779 1545 eos
1808 1480 1993 1545 ludos
2021 1481 2331 1561 fecerunt,

221 1566 548 1631 damnatis
591 1566 834 1653 aliquot
877 1566 1205 1653 pecuariiS‚
1236 1566 1340 1630 via
1373 1588 1412 1629 a
1451 1565 1681 1630 Martis
1724 1566 1899 1631 silice
1943 1566 2025 1631 ad
2055 1567 2333 1633 Bovillas

149 1686 198 1729 4
221 1664 538 1739 perstrata
571 1666 682 1719 est.

324 1736 604 1803 Comitia
631 1739 984 1805 consularia
1013 1740 1089 1804 L.
1124 1738 1218 1804 Pa
1263 1739 1416 1804 irius
1445 1740 1686 1805 habuit.
1752 1738 2015 1806 Creavit
2041 1740 2333 1806 eonsules

225 1824 322 1899 Q.
356 1824 622 1890 Fabium
653 1825 928 1891 Maximi
955 1826 1160 1890 filium

225 1910 575 1975 Scaevam:
623 1912 646 1975 i

1253 1826 1527 1913 urgitem
1552 1838 1617 1891 et
1647 1826 1732 1890 D.
1766 1826 2027 1891 Iunium
2057 1826 2332 1891 Brutum

789 1911 1082 1999 Papirius
1108 1926 1362 1999 praetor
1387 1912 1607 1977 factus·

321 1996 550 2061 Multis
593 2020 660 2062 re
705 2020 780 2061 us
821 1997 1024 2061 laetus
1067 2020 1272 2061 annus
1317 1998 1425 2061 vix
1467 1998 1549 2061 ad
1593 1998 1885 2062 solatium
1930 2000 2121 2063 unius
2160 2001 2330 2079 mali,

151 2104 194 2150 5
218 2081 628 2170 pestilentiae
657 2084 900 2148 urentis
929 2081 1118 2147 simul
1157 2082 1380 2146 urbem
1419 2095 1612 2167 atque
1644 2104 1825 2181 agros
1854 2084 2137 2175 suffecit3
2183 2108 2335 2171 por-

147 2184 198 2234 6
219 2182 540 2255 tentoque
583 2170 710 2233 iam
753 2168 972 2233 similis
1015 2166 1228 2231 clades
1271 2180 1420 2231 erat.
1532 2166 1620 2231 Et
1661 2167 1807 2231 hbri
1850 2168 2024 2245 aditi,
2070 2171 2333 2254 quinam

219 2254 397 2331 finis,
428 2267 538 2319 aut

627 2255 756 2319 uod
800 2252 1154 2318 remedium
1200 2254 1337 2317 eius
1380 2252 1531 2316 mali
1574 2253 1655 2317 ab
1690 2252 1812 2316 diis
1856 2254 2129 2318 daretur.
2222 2254 2335 2320 In-

153 2358 194 2408 7
217 2352 494 2405 ventum
525 2341 592 2405 in
645 2341 814 2418 ibris,
847 2338 1302 2426 Aesculapium
1332 2339 1410 2402 ab
1443 2337 1770 2425 Epidauro
1813 2339 2089 2405 Romam
2129 2362 2333 2406 arces-

219 2426 518 2491 sendum.

641 2426 876 2512 Neque
921 2448 999 2490 eo
1041 2446 1232 2501 anno,
1278 2425 1430 2511 quia
1485 2424 1655 2489 bello
1706 2427 1997 2512 occupati
2040 2428 2331 2493 consules

219 2524 429 2589 erant,
461 2512 806 2661 quicqlutam
835 2511 916 2576 de
953 2533 1126 2611 ea·re
1156 2523 1368 2611 actum
1383 2536 1404 2610 .²
1451 2523 1894 2597 praeterquam
1924 2512 2098 2599 quod
2126 2534 2331 2577 unum

219 2598 402 2663 diem
435 2598 648 2663 Aescu
710 2599 818 2685 pio
847 2596 1224 2684 supphcatlo
1253 2596 1470 2661 habita
1497 2610 1610 2660 est.

223 2824 346 2860 cum
379 2816 552 2858 senatu
589 2824 719 2871 supr.
751 2820 828 2870 37.
867 2808 1093 2857 videntur
1127 2804 1245 2855 huic

221 2872 526 2923 accusationi
549 2872 802 2921 materiam
824 2871 1030 2921 dedisse.
1066 2871 1228 2919 Caav.

297 2953 318 2985 1
345 2939 566 2999 Fuyerat
586 2938 642 2985 in
662 2938 972 2998 leporium]
1001 2935 1244 2996 Legatum

221 3018 278 3051 se
312 3016 344 3049 a
375 3002 575 3049 consule
600 3000 878 3062 eligendum
901 3004 1169 3056 curaverat,
1187 3004 1244 3045 ut

219 3066 416 3127 fugeret
437 3064 610 3127 populi
631 3063 884 3112 iudicium.
907 3063 1068 3113 Cam.
1132 3060 1242 3109 Nisi

220 3127 374 3177 malis
391 3131 576 3191 flauere
606 3130 664 3175 in
695 3129 980 3189 legationem
1005 3125 1244 3183 similiter,

219 3199 379 3253 atque
396 3194 592 3267 ‘More
633 3194 690 3239 in
731 3192 1055 3253 provinciam,
1097 3189 1243 3237 inter—

218 3260 590 3369 prim-Libum
620 3318 892 3377 eonditum]
948 3318 1009 3367 ct
1034 3316 1178 3378 Supr.
1210 3315 1242 3363 i.

219 3402 323 3508 ⁴43
355 3450 590 3496 latueram
611 3446 1042 3503 undevicesimum]
1090 3443 1243 3491 Nem·

215 3510 536 3625 fficaeffl
557 3510 876 3622 ‘Zifflffifamm
863 3509 1244 3633 ·.H‹{';'p¹1¹t¹3i‚3¹2¹1¹?‚

215 3641 274 3689 in
319 3639 494 3699 quibus
535 3637 764 3686 nimirum
805 3641 1126 3685 numerantur
1160 3634 1242 3681 de-

217 3717 336 3753 cem
367 3704 520 3750 lustra
543 3706 659 3750 ante
684 3701 868 3762 primos
889 3714 1109 3749 censores
1129 3712 1243 3745 con-

217 3768 346 3817 dita.
413 3766 483 3814 Et
515 3766 584 3814 sic
613 3780 807 3826 quoque
839 3764 1008 3813 Livius
1039 3778 1072 3809 a
1107 3760 1244 3809 fastis

217 3845 330 3879 uno
350 3829 503 3877 lustro
524 3829 782 3891 discrepat.
816 3829 977 3877 Cazv.

291 3912 324 3953 4
347 3896 634 3954 Per-serata]
665 3892 802 3941 Nota
825 3890 1114 3955 particulam
1132 3904 1242 3951 per,

1310 2822 1408 2868 qua
1433 2806 1649 2855 indicare
1672 2806 1826 2856 voluit
1850 2806 2018 2857 Livius
2046 2808 2175 2857 hanc
2198 2809 2327 2860 viam

1311 2872 1448 2918 velut
1483 2872 1685 2932 aliquod
1722 2872 2141 2933 complementum
2180 2874 2331 2925 fiusse

1308 2935 1414 2983 eius
1445 2934 1667 2994 semitae,
1697 2950 1845 2996 quam
1880 2951 1912 2985 a
1947 2942 2089 2999 porta
2120 2938 2329 3001 Capena

1309 2999 1372 3048 ad
1395 2999 1573 3112 ligartis
1592 3004 1793 3047 stratam
1814 2999 1963 3049 fuisse
1984 3000 2169 3061 docuit,
2192 3017 2325 3065 supr.

1309 3076 1336 3110 ἰ
1343 3076 1386 3124 3.
1468 3077 1584 3112 aar.

1373 3139 1401 3187 5
1434 3129 1779 3187 Pestilentiae]
1818 3128 1965 3183 Quae
1996 3127 2097 3175 iam
2125 3128 2325 3177 tertium

1307 3204 1492 3237 annum
1525 3189 1786 3238 saeviebat.
1832 3191 1892 3237 ef.
1916 3205 2046 3263 supr.
2074 3204 2149 3251 3¹·
2177 3195 2325 3241 erien-

1308 3254 1393 3300 m'o
1412 3256 1659 3311 continuo,
1682 3252 1799 3301 Val.
1823 3254 1961 3301 Max.
1984 3268 2016 3301 ι.
2041 3254 2087 3302 8.

1373 3314 1406 3364 6
1434 3318 1577 3365 Libri
1598 3317 1746 3375 aditi]
1800 3316 2051 3365 Nimirum
2081 3318 2329 3380 Sibyllini,

1309 3378 1393 3439 qui
1425 3394 1565 3428 sacra
1586 3394 1617 3427 e
1647 3379 1857 3429 Graecia
1886 3382 2175 3429 arcessenda
2202 3398 2327 3430 sem-

1309 3458 1398 3505 per
1419 3444 1698 3493 monebant.

1378 3518 1404 3568 7
1441 3508 1791 3569 Aesculapium
1824 3509 1885 3556 ab
1920 3508 2206 3570 Epidauro]
2264 3511 2323 3559 cf.

1311 3569 1446 3631 Epit.
1463 3570 1569 3619 Liv.
1580 3572 1646 3620 xi.
1684 3570 1855 3633 Legati
1869 3585 1999 3620 anno
2016 3573 2240 3633 proximo
2253 3590 2323 3623 se-

1308 3640 1490 3695 quente
1525 3634 1589 3683 de
1626 3634 1719 3683 hac
1752 3650 1805 3682 re
1836 3635 1969 3683 mimi
2004 3650 2215 3699 anguem
2252 3654 2323 3687 re-

1308 3702 1589 3759 portavere:
1627 3714 1783 3761 eoque
1816 3698 1867 3747 in
1901 3699 2113 3774 insulam
2138 3702 2323 3751 Tiberi-

1307 3776 1680 3897 dedicam’
1688 3764 1885 3877 effi}
1910 3764 2326 3879 {Jsz-1115&

1307 3904 1408 3938 aius
1427 3889 1494 3939 iii.
1520 3905 1596 3940 υ.
1632 3891 1725 3940 Ov.
1750 3892 1871 3940 Met.
1891 3906 1969 3939 xv.
1989 3890 2258 3953 6²²—744-

1307 3776 1422 3809 nam

1806 4413 1978 4471 ar2

2353 2012 2661 2063 Pestilentia.
