3000 4784
661 162 740 226 74
1427 160 1655 227 ΤΙΤΙ
1715 159 1985 226 LIVII

333 305 400 354 U·
425 305 484 354 C·
510 320 618 368 245.
657 297 849 384 prior,
893 297 1284 362 concedente
1330 297 1592 385 collega,
1636 297 1834 362 fasces
1880 296 2141 361 habuit:
2250 296 2318 360 ui
2370 317 2503 360 non
2553 295 2756 359 acrior

332 370 392 418 A.
427 371 486 419 C·
511 382 620 432 ⁵0⁷·
658 383 897 448 vindex
920 384 1225 448 libertatis
1253 383 1476 462 fuerat,
1546 406 1692 448 uam
1722 383 1955 448 deinde
1974 395 2186 448 custos
2204 320 2344 447 Rfit.
2440 381 2755 447 Omnium

333 480 391 529 P.
417 481 481 530 R.
505 480 632 557 iurat
707 472 938 535 timum
976 470 1232 534 avidum
1277 494 1480 536 novae
1550 471 1825 535 'bertatis
1864 469 2191 558 populum,
2220 493 2304 533 ne
2346 468 2759 556 postmodum

329 561 384 656 ῗξ
405 559 590 607 regnan
706 558 832 622 ecti
872 557 1165 644 precibus
1195 569 1306 621 aut
1343 557 1529 622 donis
1563 557 1753 643 regiis
1786 570 2017 643 posset,
2059 556 2467 621 iureiurando
2510 555 2597 619 ad
2684 557 2751 631 it,

333 624 646 734 pffiffi?n
662 644 984 707 neminem
1046 644 1289 708 Romae
1347 665 1637 730 passuros
1695 665 1975 730 regnare.
2077 641 2356 719 Deinde,
2416 664 2549 728 quo
2606 665 2654 740 p
2680 663 2755 706 us

660 730 890 793 virium
921 731 990 793 in
1027 743 1252 794 senatu
1279 730 1638 817 frequentia
1665 731 1858 794 etiam
1888 729 2127 794 ordinis
2165 729 2415 807 faceret,
2448 729 2753 794 caedibus

332 823 602 884 Suppletur
660 817 826 903 regis
875 817 1276 881 deminutum
1317 817 1585 881 Pati-um
1621 837 1980 893 numerum,
2021 815 2398 902 primoribus
2440 815 2753 901 equestris
2772 831 2801 880 5

332 888 552 938 Senatus.
659 903 892 989 gradus
922 902 1120 980 lectiS,
1145 904 1227 967 ad
1255 915 1684 967 trecentorum
1714 924 2023 967 summam
2052 901 2366 988 explevit:
2415 901 2806 965 traditum-6

662 1012 786 1077 que
839 989 988 1054 inde
1036 989 1259 1066 fertur,
1313 1001 1388 1052 ut
1434 990 1505 1052 in
1556 1001 1845 1053 senatum
1891 1003 2286 1065 vocarentur,
2339 989 2453 1075 qui
2504 987 2749 1064 PatreS,

661 1076 900 1162 quique
933 1077 1176 1140 conscri
1225 1077 1274 1140 ti
1302 1089 1529 1141 essent.
1625 1073 2036 1163 Conscriptos
2075 1074 2373 1140 videlicet
2400 1075 2471 1138 in
2508 1096 2748 1138 novum
2774 1094 2803 1142 7

659 1175 948 1226 senatum
978 1162 1164 1250 appel
1187 1162 1379 1227 abant
1401 1162 1615 1227 lectos.
1708 1161 1787 1225 Id
1817 1163 2047 1227 mirum
2110 1174 2378 1226 uantum
2404 1161 2645 1248 profuit
2667 1160 2753 1224 ad

660 1248 1062 1313 concordiam
1102 1249 1372 1314 civitatis
1400 1249 1883 1336 iungendosque
1922 1247 2097 1312 Patri
2142 1271 2215 1312 us
2243 1247 2445 1334 plebis
2482 1249 2747 1311 animos

461 1326 520 1382 2·
574 1408 584 1418 ,
661 1334 904 1400 Rerum
949 1335 1183 1400 deinde
1226 1335 1585 1406 divinarum
1619 1335 1835 1400 habita
1859 1333 2061 1400 cura.⁸
2110 1347 2196 1411 et,
2237 1335 2391 1421 quia
2432 1333 2751 1420 quaedam

333 1409 640 1521 {ffiffisfflfffi’
659 1422 914 1509 publica
958 1445 1132 1487 sacra
1186 1444 1302 1508 per
1351 1422 1520 1508 ipsos
1578 1444 1757 1509 reges
1807 1420 2089 1486 factitata
2138 1433 2338 1497 erant,
2384 1443 2468 1485 ne
2520 1419 2751 1484 ubiubi
2766 1431 2802 1477 8

473 1509 485 1521 '
659 1531 882 1595 regum
932 1508 1318 1573 desiderium
1365 1523 1549 1585 esset,
1600 1530 1815 1595 regem
1867 1507 2289 1572 sacrificulum
2340 1518 2572 1572 creant.
2666 1506 2751 1570 Id
2766 1524 2805 1572 9

659 1593 1078 1658 sacerdotium
1118 1594 1406 1680 pontifici
1449 1595 1794 1671 subiecere,
1831 1618 1914 1659 ne
1956 1594 2209 1658 additus
2254 1594 2499 1658 nomini
2542 1594 2752 1658 honos

659 1680 902 1766 aliquid
932 1680 1224 1757 libertati,
1257 1681 1437 1745 cuius
1467 1693 1621 1745 tunc
1650 1681 1855 1768 prima
1893 1693 2028 1745 erat
2056 1704 2225 1758 cura,
2257 1681 2550 1745 officeret.
2644 1680 2753 1744 Ac

659 1768 894 1845 nescio,
953 1789 1054 1846 an,
1115 1767 1304 1831 nimis
1367 1768 1652 1856 undique
1710 1791 1851 1832 eam
1908 1768 2189 1831 minimis
2245 1790 2502 1854 quoque
2560 1767 2755 1831 rebus
2774 1793 2797 1825 1

329 1861 606 1936 Collatinus
659 1853 1027 1931 muniendo,
1081 1854 1341 1918 modum
1393 1855 1793 1920 excesserint.
1890 1853 2187 1919 Consulis
2244 1854 2419 1918 enim
2468 1853 2751 1930 alterius,

328 1927 395 2000 ⁰¹3
416 1926 616 2036 '1¹*arqu1-
660 1962 858 2028 quum
903 1940 1065 2003 nihil
1107 1940 1280 2004 aliud
1326 1940 1682 2018 offenderit,
1728 1963 1965 2006 nomen
2005 1940 2279 2005 invisum
2324 1941 2560 2005 civitati
2604 1940 2749 2004 suit.

328 2004 598 2103 ffiifflen
661 2035 681 2064 ‘
699 2026 992 2090 Nimium
1045 2026 1427 2113 Tarquinios
1485 2051 1684 2115 regno
1742 2049 2059 2092 assuesse:
2122 2027 2378 2091 initium
2434 2050 2471 2092 a
2529 2026 2753 2091 Prisco

660 2121 680 2150 ‘
696 2113 951 2178 factum.
1046 2113 1379 2200 Regnasse'
1415 2115 1650 2179 deinde
1692 2114 1823 2179 Ser.
1873 2114 2177 2178 Tullium.
2271 2113 2376 2177 Ne
2420 2113 2755 2178 intervallo

660 2209 679 2237 ‘
743 2200 960 2265 uidem
1002 2200 1169 2264 facto
1220 2201 1509 2278 oblitum,
1551 2213 1856 2288 tanquam
1900 2201 2109 2278 alieni,
2152 2201 2331 2286 regni
2388 2199 2754 2287 Superbum

657 2295 677 2324 ‘
695 2224 1138 2375 ilhrqnininm,
1170 2287 1346 2351 velut
1378 2288 1797 2353 hereditatem
1826 2288 2052 2374 gentis,
2084 2287 2319 2351 scelere
2360 2309 2434 2351 ac
2462 2288 2525 2351 vi
2566 2309 2760 2373 repe-

658 2381 678 2412 ‘
695 2373 859 2438 tisse.
953 2373 1148 2438 Pulso
1192 2373 1498 2474 Superb0,
1530 2395 1729 2462 penes
1777 2371 2169 2438 Collatinum
2214 2373 2550 2460 imperium
2590 2395 2748 2438 esse.

657 2470 674 2501 ⁶
697 2459 965 2525 Nescire⁴
994 2461 1126 2525 Tar
1171 2461 1378 2526 nimos
1416 2461 1693 2548 privatos
1721 2461 1971 2525 vivere:
2020 2483 2152 2525 non
2190 2459 2439 2546 placere
2470 2481 2711 2525 nomen
2730 2485 2749 2524 z

657 2557 676 2584 ‘
693 2547 1117 2634 periculosum
1167 2548 1416 2612 'bertati
1445 2549 1621 2612 esse.'
1710 2547 1839 2612 Hic
1868 2547 2072 2634 primo
2102 2547 2333 2610 sensim
2364 2546 2755 2612 tentantium

654 2635 896 2699 animos
933 2657 1140 2699 sermo
1175 2657 1290 2721 per
1321 2647 1521 2698 totam
1560 2635 1883 2698 civitatem
1918 2646 2015 2697 est
2052 2633 2255 2710 datuS,
2286 2633 2753 2720 sollicitamque

655 2722 1011 2807 suspicione
1055 2720 1308 2807 plebem
1351 2718 1589 2784 Brutus
1634 2721 1716 2784 ad
1761 2721 2132 2784 concionem
2176 2733 2373 2784 vocat.
2468 2718 2569 2786 Ibi
2612 2743 2755 2784 om-

548 2973 570 2988 *
655 2955 804 3004 Dion.
822 2971 866 3003 v.
887 2967 958 3016 75.
974 2953 1250 3002 institutum
1265 2961 1400 3010 tunc,
1412 2959 1470 3002 ut
1482 2961 1665 3002 utrum·
1734 2955 1796 3002 iv.
1816 2971 1861 3015 4.
1884 2955 2113 3004 Universi
2134 2954 2251 3002 dicti
2271 2955 2442 3003 Patres
2457 2954 2754 3018 conscripti,

653 3035 747 3080 que
769 3019 1016 3066 consulem
1036 3017 1292 3066 duodecim
1317 3018 1513 3066 lictores
1534 3034 1669 3081 prae-
1735 3033 1799 3066 sc.
1840 3019 2009 3066 Patres
2038 3023 2087 3067 et
2116 3017 2407 3093 Conscripfi,
2435 3019 2613 3067 omissa
2642 3036 2753 3082 par-

654 3083 897 3142 cederent‚
913 3083 997 3129 sed
1021 3081 1091 3129 ita
1111 3087 1167 3129 ut
1188 3082 1329 3130 alteri
1349 3098 1541 3130 secures
1558 3097 1671 3130 cum
1735 3081 1889 3130 ticula
1922 3081 2243 3131 coniunctim.
2273 3082 2478 3132 Niebhr.
2500 3083 2531 3131 i.
2556 3099 2604 3145 p.
2640 3097 2751 3146 517.

654 3146 880 3202 fascibus,
901 3145 1042 3194 alteri
1067 3147 1222 3195 fasces
1253 3146 1343 3194 soli
1377 3147 1671 3209 praefert-en·
1740 3146 1994 3195 Wachsm.
2022 3163 2067 3208 p.
2092 3157 2199 3208 245.

653 3219 764 3260 tur:
799 3211 1001 3272 singulis
1021 3217 1186 3259 autem
1213 3211 1460 3260 mensibus
1481 3227 1673 3261 secures
1800 3212 1829 3259 8
1862 3213 1943 3259 Ne
1962 3213 2157 3270 ubiubi]
2194 3211 2276 3260 Ne
2297 3227 2586 3274 quacunque
2605 3211 2657 3259 in
2678 3227 2752 3269 re,

655 3275 743 3323 sibi
762 3275 969 3324 vicissim
992 3276 1210 3338 collegae
1229 3277 1489 3324 traderent.
1538 3275 1672 3325 Usus
1735 3291 2025 3336 quocunque
2056 3274 2107 3323 in
2140 3276 2265 3323 loco.
2331 3275 2411 3324 Sic
2440 3275 2613 3324 Horat.
2645 3275 2749 3325 sat.

657 3345 827 3402 postea
861 3340 912 3387 in
949 3339 1118 3386 multis
1151 3339 1365 3388 variavit.
1400 3340 1561 3389 (ἷκεν.
1609 3341 1670 3388 cf.
1735 3339 1766 3387 i.
1800 3341 1844 3388 3.
1881 3355 1925 3386 v.
1952 3339 2027 3387 88.
2057 3355 2277 3388 nummos
2306 3341 2566 3389 undeunde
2600 3342 2751 3389 artri-

655 3405 856 3453 Sueton.
879 3403 1020 3452 Caes.
1048 3417 1122 3452 20.
1157 3405 1218 3452 A.
1243 3403 1376 3452 Gell.
1399 3404 1448 3452 ii.
1479 3419 1499 3453 ι
1508 3415 1551 3466 5.
1735 3410 1827 3452 cat.
1893 3403 2127 3452 Ceterum
2160 3404 2306 3466 vulgo
2337 3403 2455 3452 editi
2487 3411 2603 3454 ante
2624 3403 2750 3454 Gro-

722 3480 748 3529 5
783 3469 956 3529 Bessis]
1015 3467 1174 3515 Vetus
1206 3467 1352 3516 lectio
1385 3483 1474 3530 pro
1506 3471 1672 3530 remiis,
1736 3466 1933 3515 novium
1955 3467 2202 3515 habebant
2216 3469 2414 3526 neonbi;
2445 3468 2628 3530 scripti,
2642 3484 2751 3532 par-

654 3547 781 3593 quae
815 3530 1001 3580 incuria
1031 3531 1270 3580 scribendi
1301 3547 1456 3594 usque
1487 3534 1552 3580 ad
1584 3548 1675 3580 nos
1736 3531 1826 3579 tim
1868 3533 2043 3580 necubi
2082 3533 2168 3590 ibi,
2213 3531 2389 3594 partim
2434 3534 2606 3582 necubi
2650 3534 2749 3582 ubi.

656 3595 889 3658 pervenit.
926 3596 976 3644 N
981 3596 1132 3644 iebhr.
1155 3595 1186 3644 i.
1212 3612 1260 3658 p.
1286 3607 1393 3658 517.
1738 3596 1865 3644 Inde
1886 3595 1973 3643 ille
1994 3595 2156 3644 effecit
2176 3596 2228 3644 id
2244 3597 2375 3660 quod
2396 3596 2549 3646 habes
2567 3597 2617 3646 in
2637 3613 2749 3646 con·

719 3659 751 3708 6
783 3662 1042 3722 Explevit]
1086 3661 1214 3710 Cum
1250 3660 1390 3708 Livio
1423 3660 1543 3708 facit
1576 3659 1673 3708 Tar-
1736 3665 1891 3708 textu.
1926 3660 2087 3710 Cm.

657 3723 783 3772 citus
804 3725 933 3772 Ann.
964 3724 1030 3772 xi.
1055 3740 1084 3772 ἰ
1089 3735 1132 3786 5.
1217 3724 1392 3772 Festus
1421 3731 1590 3772 autem
1625 3741 1669 3772 v.
1806 3739 1838 3786 9
1876 3726 2057 3786 Royem
2096 3725 2453 3799 sacruficatum]
2527 3726 2607 3773 Ab
2656 3726 2753 3774 hoc

655 3795 977 3900 5Ῥ5ξῖἷὲ,
989 3804 1111 3900 3¹32.
1131 3805 1306 3900 ⁶v⁰¹81¹⁸e⁶k
1299 3796 1407 3900 ’55
1421 3789 1672 3899 058555
1734 3788 2415 3901 fflffifflfflffi
2428 3789 2751 3902 3233?ssss

659 3931 808 3964 novos
849 3931 912 3963 ex
964 3917 1110 3978 plebe
1153 3921 1396 3964 senatores
1436 3916 1673 3977 adlegisse
1736 3931 1813 3979 90.
1861 3917 1939 3964 Ad
1972 3917 2101 3964 hunc
2140 3917 2376 3978 pertinuit
2403 3918 2583 3966 festum
2604 3919 2754 3981 Rsyis

655 3981 914 4028 affirmant.
989 3981 1239 4028 Plutarch.
1262 3979 1462 4041 quidem
1485 3995 1547 4028 ex
1570 3981 1672 4028 fon·
1726 3981 1873 4042 fuya.
1910 3981 2047 4029 Fuss.
2071 3981 2136 4030 R.
2156 3980 2322 4042 Antiq.
2346 3981 2375 4040 ξ
2400 3995 2508 4043 3²3.

657 4044 788 4092 tibus
813 4043 994 4092 Valerii
1020 4044 1354 4106 Antiatis‚.qui
1385 4044 1557 4106 gentili
1586 4059 1674 4091 suo
1810 4060 1827 4092 1
1855 4047 2048 4104 Nescio,
2064 4047 2156 4104 an]
2180 4045 2416 4095 Fortasse.
2454 4046 2753 4107 Plerumque

657 4109 779 4156 nihil
801 4125 902 4156 non
921 4108 1129 4164 affinxit,
1153 4107 1362 4170 phu-ima
1383 4108 1603 4166 deduxit,
1620 4115 1671 4156 et
1736 4107 1867 4156 enim
1898 4109 1949 4156 in
1982 4109 2076 4158 hac
2102 4110 2333 4171 loquendi
2354 4111 2565 4158 formula
2586 4109 2659 4158 vis
2678 4117 2755 4159 est

655 4172 836 4221 idcirco
855 4172 1094 4222 minorem
1115 4173 1264 4221 fidem
1287 4171 1377 4220 sibi
1397 4171 1629 4220 vindicat.
1736 4172 2008 4222 affirmandi
2026 4191 2039 4230 3
2060 4189 2118 4223 ac
2134 4176 2412 4238 supplenda
2422 4179 2497 4224 est
2512 4173 2753 4236 particula

725 4249 752 4298 7
785 4239 1083 4300 mecripti]
1122 4237 1183 4287 cf.
1210 4238 1384 4285 Festus
1413 4253 1457 4285 v.
1483 4238 1671 4286 adlecti.
1736 4253 1849 4287 om.
1888 4237 2049 4287 Cum.

657 4317 724 4350 sc.
734 4317 820 4362 per
833 4301 1194 4365 cooptationem
1210 4301 1341 4351 iussu
1356 4301 1543 4364 populi.
1564 4300 1669 4350 Liv.
