<?xml version="1.0" encoding="UTF-8"?>
<!DOCTYPE html PUBLIC "-//W3C//DTD XHTML 1.0 Transitional//EN"
    "http://www.w3.org/TR/xhtml1/DTD/xhtml1-transitional.dtd">
<html xmlns="http://www.w3.org/1999/xhtml" xml:lang="en" lang="en">
 <head>
  <title>
</title>
<meta http-equiv="Content-Type" content="text/html;charset=utf-8" />
  <meta name='ocr-system' content='tesseract 3.04.00' />
  <meta name='ocr-capabilities' content='ocr_page ocr_carea ocr_par ocr_line ocrx_word'/>
</head>
<body>
  <div class='ocr_page' id='page_1' title='image "./tliviipatavinih10unkngoog_0015.png"; bbox 0 0 3000 4784; ppageno 0'>
   <div class='ocr_carea' id='block_1_1' title="bbox 405 702 2103 1060">
    <p class='ocr_par' dir='ltr' id='par_1_1' title="bbox 405 702 2103 1060">
     <span class='ocr_line' id='line_1_1' title="bbox 611 702 1895 788; baseline 0.001 -3"><span class='ocrx_word' id='word_1_1' title='bbox 611 703 713 788; x_wconf 88' lang='lat' dir='ltr'><em>T.</em></span> <span class='ocrx_word' id='word_1_2' title='bbox 796 704 1078 788; x_wconf 94' lang='lat' dir='ltr'><strong>LIVI</strong></span> <span class='ocrx_word' id='word_1_3' title='bbox 1103 705 1144 787; x_wconf 95' lang='lat' dir='ltr'>I</span> <span class='ocrx_word' id='word_1_4' title='bbox 1225 702 1717 786; x_wconf 88' lang='lat' dir='ltr'><strong>PATAVI</strong></span> <span class='ocrx_word' id='word_1_5' title='bbox 1742 703 1825 786; x_wconf 91' lang='lat' dir='ltr'>N</span> <span class='ocrx_word' id='word_1_6' title='bbox 1854 704 1895 786; x_wconf 95' lang='lat' dir='ltr'>I</span> 
     </span>
     <span class='ocr_line' id='line_1_2' title="bbox 405 921 2103 1060; baseline -0.003 -38"><span class='ocrx_word' id='word_1_7' title='bbox 405 921 2103 1060; x_wconf 78' lang='lat' dir='ltr'><strong>HISTORIARUM</strong></span> 
     </span>
    </p>
   </div>
   <div class='ocr_carea' id='block_1_2' title="bbox 735 1161 1780 1229">
    <p class='ocr_par' dir='ltr' id='par_1_2' title="bbox 735 1161 1780 1229">
     <span class='ocr_line' id='line_1_3' title="bbox 735 1161 1780 1229; baseline 0.002 -4"><span class='ocrx_word' id='word_1_8' title='bbox 735 1161 868 1226; x_wconf 93' lang='lat' dir='ltr'><em>AB</em></span> <span class='ocrx_word' id='word_1_9' title='bbox 931 1161 1218 1228; x_wconf 89' lang='lat' dir='ltr'>URBE</span> <span class='ocrx_word' id='word_1_10' title='bbox 1281 1162 1780 1229; x_wconf 87' lang='lat' dir='ltr'>CONDITA</span> 
     </span>
    </p>
   </div>
   <div class='ocr_carea' id='block_1_3' title="bbox 1031 1372 1472 1446">
    <p class='ocr_par' dir='ltr' id='par_1_3' title="bbox 1031 1372 1472 1446">
     <span class='ocr_line' id='line_1_4' title="bbox 1031 1372 1472 1446; baseline -0.005 0"><span class='ocrx_word' id='word_1_11' title='bbox 1031 1372 1472 1446; x_wconf 87' lang='lat' dir='ltr'><strong>LIBRI.</strong></span> 
     </span>
    </p>
   </div>
   <div class='ocr_carea' id='block_1_4' title="bbox 1109 1599 1403 1636">
    <p class='ocr_par' dir='ltr' id='par_1_4' title="bbox 1109 1599 1403 1636">
     <span class='ocr_line' id='line_1_5' title="bbox 1109 1599 1403 1636; baseline 0 -14"><span class='ocrx_word' id='word_1_12' title='bbox 1109 1599 1403 1636; x_wconf 51' lang='lat'><em>——0—</em></span> 
     </span>
    </p>
   </div>
   <div class='ocr_carea' id='block_1_5' title="bbox 891 1759 1617 1822">
    <p class='ocr_par' dir='ltr' id='par_1_5' title="bbox 891 1759 1617 1822">
     <span class='ocr_line' id='line_1_6' title="bbox 891 1759 1617 1822; baseline 0.004 -3"><span class='ocrx_word' id='word_1_13' title='bbox 891 1759 1260 1820; x_wconf 86' lang='lat' dir='ltr'><strong>EPITOME</strong></span> <span class='ocrx_word' id='word_1_14' title='bbox 1301 1762 1529 1822; x_wconf 88' lang='lat' dir='ltr'>LIBRI</span> <span class='ocrx_word' id='word_1_15' title='bbox 1572 1763 1617 1822; x_wconf 89' lang='lat'><em>1.</em></span> 
     </span>
    </p>
   </div>
   <div class='ocr_carea' id='block_1_6' title="bbox 171 1917 2325 4496">
    <p class='ocr_par' dir='ltr' id='par_1_6' title="bbox 171 1917 2325 4496">
     <span class='ocr_line' id='line_1_7' title="bbox 195 1917 2306 2006; baseline 0.001 -22"><span class='ocrx_word' id='word_1_16' title='bbox 195 1919 340 1984; x_wconf 83' lang='lat' dir='ltr'><em>AD</em></span> <span class='ocrx_word' id='word_1_17' title='bbox 358 1917 563 1983; x_wconf 82' lang='lat' dir='ltr'><em>VEN</em></span> <span class='ocrx_word' id='word_1_18' title='bbox 563 1918 630 1980; x_wconf 86' lang='lat' dir='ltr'><em>T</em></span> <span class='ocrx_word' id='word_1_19' title='bbox 637 1917 706 1982; x_wconf 91' lang='lat' dir='ltr'><strong><em>U</em></strong></span> <span class='ocrx_word' id='word_1_20' title='bbox 703 1917 760 1981; x_wconf 82' lang='lat' dir='ltr'><strong><em>S</em></strong></span> <span class='ocrx_word' id='word_1_21' title='bbox 779 1918 1074 1982; x_wconf 81' lang='lat' dir='ltr'><strong><em>Aeneae</em></strong></span> <span class='ocrx_word' id='word_1_22' title='bbox 1047 1941 1112 1982; x_wconf 85' lang='lat' dir='ltr'><em>m</em></span> <span class='ocrx_word' id='word_1_23' title='bbox 1141 1919 1412 1996; x_wconf 88' lang='lat' dir='ltr'><em>Italiam,</em></span> <span class='ocrx_word' id='word_1_24' title='bbox 1445 1929 1505 1983; x_wconf 89' lang='lat' dir='ltr'><em>et</em></span> <span class='ocrx_word' id='word_1_25' title='bbox 1530 1923 1657 1984; x_wconf 84' lang='lat' dir='ltr'><em>eius</em></span> <span class='ocrx_word' id='word_1_26' title='bbox 1685 1943 1780 1984; x_wconf 86' lang='lat' dir='ltr'><em>res</em></span> <span class='ocrx_word' id='word_1_27' title='bbox 1800 1930 2005 2006; x_wconf 63' lang='lat' dir='ltr'><em>{festae</em></span> <span class='ocrx_word' id='word_1_28' title='bbox 2033 1923 2306 2006; x_wconf 72' lang='lat' dir='ltr'><em>referun-</em></span> 
     </span>
     <span class='ocr_line' id='line_1_8' title="bbox 197 2006 2307 2090; baseline 0.002 -22"><span class='ocrx_word' id='word_1_29' title='bbox 197 2015 323 2069; x_wconf 83' lang='lat' dir='ltr'><em>tur.</em></span> <span class='ocrx_word' id='word_1_30' title='bbox 369 2006 635 2070; x_wconf 80' lang='lat' dir='ltr'><em>Ascanii</em></span> <span class='ocrx_word' id='word_1_31' title='bbox 660 2027 908 2089; x_wconf 75' lang='lat' dir='ltr'><em>requam</em></span> <span class='ocrx_word' id='word_1_32' title='bbox 929 2006 1143 2082; x_wconf 81' lang='lat' dir='ltr'><strong><em>Albae,</em></strong></span> <span class='ocrx_word' id='word_1_33' title='bbox 1167 2015 1226 2069; x_wconf 90' lang='lat' dir='ltr'><em>et</em></span> <span class='ocrx_word' id='word_1_34' title='bbox 1251 2007 1523 2090; x_wconf 83' lang='lat' dir='ltr'><em>deinceps</em></span> <span class='ocrx_word' id='word_1_35' title='bbox 1550 2007 1897 2072; x_wconf 74' lang='lat' dir='ltr'><strong><em>Siluiorum.</em></strong></span> <span class='ocrx_word' id='word_1_36' title='bbox 1962 2007 2307 2072; x_wconf 71' lang='lat' dir='ltr'><em>Numitoris</em></span> 
     </span>
     <span class='ocr_line' id='line_1_9' title="bbox 171 2093 2308 2176; baseline 0.001 -21"><span class='ocrx_word' id='word_1_37' title='bbox 171 2093 358 2174; x_wconf 81' lang='lat' dir='ltr'><em>fllia,</em></span> <span class='ocrx_word' id='word_1_38' title='bbox 388 2115 432 2155; x_wconf 92' lang='lat' dir='ltr'><em>a</em></span> <span class='ocrx_word' id='word_1_39' title='bbox 461 2093 678 2156; x_wconf 86' lang='lat' dir='ltr'><em>Marte</em></span> <span class='ocrx_word' id='word_1_40' title='bbox 705 2113 1059 2176; x_wconf 83' lang='lat' dir='ltr'><em>compressa,</em></span> <span class='ocrx_word' id='word_1_41' title='bbox 1101 2095 1237 2156; x_wconf 80' lang='lat' dir='ltr'><em>nati</em></span> <span class='ocrx_word' id='word_1_42' title='bbox 1262 2093 1563 2156; x_wconf 75' lang='lat' dir='ltr'><em>Romulus</em></span> <span class='ocrx_word' id='word_1_43' title='bbox 1596 2104 1655 2157; x_wconf 91' lang='lat' dir='ltr'><em>et</em></span> <span class='ocrx_word' id='word_1_44' title='bbox 1682 2095 1927 2158; x_wconf 85' lang='lat' dir='ltr'><em>Remus.</em></span> <span class='ocrx_word' id='word_1_45' title='bbox 2018 2096 2308 2159; x_wconf 80' lang='lat' dir='ltr'><em>Amulius</em></span> 
     </span>
     <span class='ocr_line' id='line_1_10' title="bbox 199 2178 2309 2248; baseline 0.001 -7"><span class='ocrx_word' id='word_1_46' title='bbox 199 2180 611 2242; x_wconf 69' lang='lat' dir='ltr'><em>obtruncatus.</em></span> <span class='ocrx_word' id='word_1_47' title='bbox 701 2178 862 2243; x_wconf 84' lang='lat' dir='ltr'><em>Urbs</em></span> <span class='ocrx_word' id='word_1_48' title='bbox 889 2201 931 2240; x_wconf 95' lang='lat' dir='ltr'><strong><em>a</em></strong></span> <span class='ocrx_word' id='word_1_49' title='bbox 961 2179 1222 2242; x_wconf 87' lang='lat' dir='ltr'><em>Romulo</em></span> <span class='ocrx_word' id='word_1_50' title='bbox 1251 2181 1511 2244; x_wconf 73' lang='lat' dir='ltr'><em>condita.</em></span> <span class='ocrx_word' id='word_1_51' title='bbox 1582 2180 1843 2244; x_wconf 82' lang='lat' dir='ltr'><em>Senatus</em></span> <span class='ocrx_word' id='word_1_52' title='bbox 1872 2182 2072 2246; x_wconf 84' lang='lat' dir='ltr'><em>lectus.</em></span> <span class='ocrx_word' id='word_1_53' title='bbox 2154 2181 2309 2248; x_wconf 81' lang='lat' dir='ltr'><em>Cum</em></span> 
     </span>
     <span class='ocr_line' id='line_1_11' title="bbox 211 2265 2309 2350; baseline 0.002 -22"><span class='ocrx_word' id='word_1_54' title='bbox 211 2265 458 2330; x_wconf 80' lang='lat' dir='ltr'><em>Sabinis</em></span> <span class='ocrx_word' id='word_1_55' title='bbox 514 2265 815 2328; x_wconf 78' lang='lat' dir='ltr'><em>bellatum.</em></span> <span class='ocrx_word' id='word_1_56' title='bbox 941 2265 1166 2348; x_wconf 81' lang='lat' dir='ltr'><em>Opima</em></span> <span class='ocrx_word' id='word_1_57' title='bbox 1210 2266 1404 2350; x_wconf 80' lang='lat' dir='ltr'><em>spolia</em></span> <span class='ocrx_word' id='word_1_58' title='bbox 1457 2267 1594 2330; x_wconf 89' lang='lat' dir='ltr'><em>Iovi</em></span> <span class='ocrx_word' id='word_1_59' title='bbox 1639 2267 1914 2331; x_wconf 73' lang='lat' dir='ltr'><em>Feretrio</em></span> <span class='ocrx_word' id='word_1_60' title='bbox 1964 2269 2113 2332; x_wconf 90' lang='lat' dir='ltr'><em>lata.</em></span> <span class='ocrx_word' id='word_1_61' title='bbox 2227 2269 2309 2332; x_wconf 81' lang='lat' dir='ltr'><em>In</em></span> 
     </span>
     <span class='ocr_line' id='line_1_12' title="bbox 204 2352 2309 2436; baseline 0.001 -20"><span class='ocrx_word' id='word_1_62' title='bbox 204 2354 412 2416; x_wconf 87' lang='lat' dir='ltr'><em>curias</em></span> <span class='ocrx_word' id='word_1_63' title='bbox 435 2352 704 2436; x_wconf 81' lang='lat' dir='ltr'><em>populus</em></span> <span class='ocrx_word' id='word_1_64' title='bbox 737 2353 979 2416; x_wconf 87' lang='lat' dir='ltr'><em>divisus.</em></span> <span class='ocrx_word' id='word_1_65' title='bbox 1070 2352 1394 2416; x_wconf 74' lang='lat' dir='ltr'><strong><em>Fidenates</em></strong></span> <span class='ocrx_word' id='word_1_66' title='bbox 1431 2364 1491 2417; x_wconf 88' lang='lat' dir='ltr'><em>et</em></span> <span class='ocrx_word' id='word_1_67' title='bbox 1534 2353 1797 2418; x_wconf 85' lang='lat' dir='ltr'><em>Veientes</em></span> <span class='ocrx_word' id='word_1_68' title='bbox 1824 2356 1982 2418; x_wconf 85' lang='lat' dir='ltr'><em>victi.</em></span> <span class='ocrx_word' id='word_1_69' title='bbox 2076 2356 2309 2420; x_wconf 83' lang='lat' dir='ltr'><em>Romu-</em></span> 
     </span>
     <span class='ocr_line' id='line_1_13' title="bbox 205 2437 2308 2523; baseline 0.001 -21"><span class='ocrx_word' id='word_1_70' title='bbox 205 2439 302 2502; x_wconf 84' lang='lat' dir='ltr'><em>lus</em></span> <span class='ocrx_word' id='word_1_71' title='bbox 347 2447 742 2502; x_wconf 77' lang='lat' dir='ltr'><em>consecratus.</em></span> <span class='ocrx_word' id='word_1_72' title='bbox 833 2437 1048 2502; x_wconf 89' lang='lat' dir='ltr'><em>Numa</em></span> <span class='ocrx_word' id='word_1_73' title='bbox 1091 2440 1426 2523; x_wconf 72' lang='lat' dir='ltr'><em>Pompilius</em></span> <span class='ocrx_word' id='word_1_74' title='bbox 1459 2443 1617 2502; x_wconf 86' lang='lat' dir='ltr'><em>ritus</em></span> <span class='ocrx_word' id='word_1_75' title='bbox 1659 2463 1972 2504; x_wconf 86' lang='lat' dir='ltr'><em>sacrorum</em></span> <span class='ocrx_word' id='word_1_76' title='bbox 2018 2443 2308 2518; x_wconf 65' lang='lat' dir='ltr'><em>tradidit,-</em></span> 
     </span>
     <span class='ocr_line' id='line_1_14' title="bbox 206 2525 2313 2610; baseline 0.002 -22"><span class='ocrx_word' id='word_1_77' title='bbox 206 2525 371 2588; x_wconf 75' lang='lat' dir='ltr'><em>Iano</em></span> <span class='ocrx_word' id='word_1_78' title='bbox 418 2525 698 2609; x_wconf 84' lang='lat' dir='ltr'><em>templum</em></span> <span class='ocrx_word' id='word_1_79' title='bbox 744 2528 1082 2601; x_wconf 79' lang='lat' dir='ltr'><em>constituit3</em></span> <span class='ocrx_word' id='word_1_80' title='bbox 1141 2529 1382 2610; x_wconf 82' lang='lat' dir='ltr'><em>eiusque</em></span> <span class='ocrx_word' id='word_1_81' title='bbox 1426 2536 1695 2609; x_wconf 85' lang='lat' dir='ltr'><em>portam,</em></span> <span class='ocrx_word' id='word_1_82' title='bbox 1744 2531 1991 2610; x_wconf 82' lang='lat' dir='ltr'><em>pacatis</em></span> <span class='ocrx_word' id='word_1_83' title='bbox 2042 2529 2313 2592; x_wconf 80' lang='lat' dir='ltr'><em>omnibus</em></span> 
     </span>
     <span class='ocr_line' id='line_1_15' title="bbox 209 2612 2314 2715; baseline 0.002 -41"><span class='ocrx_word' id='word_1_84' title='bbox 209 2615 384 2675; x_wconf 80' lang='lat' dir='ltr'><em>circa</em></span> <span class='ocrx_word' id='word_1_85' title='bbox 409 2612 666 2695; x_wconf 77' lang='lat' dir='ltr'><em>populis,</em></span> <span class='ocrx_word' id='word_1_86' title='bbox 686 2615 930 2696; x_wconf 85' lang='lat' dir='ltr'><em>primus</em></span> <span class='ocrx_word' id='word_1_87' title='bbox 958 2613 1218 2686; x_wconf 81' lang='lat' dir='ltr'><em>clausit,·</em></span> <span class='ocrx_word' id='word_1_88' title='bbox 1254 2633 1390 2674; x_wconf 85' lang='lat' dir='ltr'><em>cum</em></span> <span class='ocrx_word' id='word_1_89' title='bbox 1420 2614 1534 2674; x_wconf 87' lang='lat' dir='ltr'><em>dea</em></span> <span class='ocrx_word' id='word_1_90' title='bbox 1562 2612 1799 2715; x_wconf 71' lang='lat' dir='ltr'><em>Eyeria</em></span> <span class='ocrx_word' id='word_1_91' title='bbox 1825 2615 1941 2675; x_wconf 83' lang='lat' dir='ltr'><em>sibi</em></span> <span class='ocrx_word' id='word_1_92' title='bbox 1967 2635 2314 2698; x_wconf 71' lang='lat' dir='ltr'><em>conyressus</em></span> 
     </span>
     <span class='ocr_line' id='line_1_16' title="bbox 209 2699 2311 2785; baseline 0.001 -23"><span class='ocrx_word' id='word_1_93' title='bbox 209 2707 532 2762; x_wconf 64' lang='lat' dir='ltr'><em>noema-nos</em></span> <span class='ocrx_word' id='word_1_94' title='bbox 557 2719 678 2760; x_wconf 83' lang='lat' dir='ltr'><em>esse</em></span> <span class='ocrx_word' id='word_1_95' title='bbox 704 2699 1016 2775; x_wconf 78' lang='lat' dir='ltr'><em>simulans,</em></span> <span class='ocrx_word' id='word_1_96' title='bbox 1042 2700 1285 2782; x_wconf 83' lang='lat' dir='ltr'><em>seroces</em></span> <span class='ocrx_word' id='word_1_97' title='bbox 1315 2699 1539 2783; x_wconf 81' lang='lat' dir='ltr'><em>populi</em></span> <span class='ocrx_word' id='word_1_98' title='bbox 1577 2700 1811 2762; x_wconf 85' lang='lat' dir='ltr'><em>animos</em></span> <span class='ocrx_word' id='word_1_99' title='bbox 1852 2700 1941 2762; x_wconf 89' lang='lat' dir='ltr'><em>ad</em></span> <span class='ocrx_word' id='word_1_100' title='bbox 1974 2701 2311 2785; x_wconf 73' lang='lat' dir='ltr'><em>reliyionem</em></span> 
     </span>
     <span class='ocr_line' id='line_1_17' title="bbox 199 2785 2315 2888; baseline 0.001 -40"><span class='ocrx_word' id='word_1_101' title='bbox 199 2785 494 2888; x_wconf 69' lang='lat' dir='ltr'><em>pevpulit.</em></span> <span class='ocrx_word' id='word_1_102' title='bbox 599 2785 819 2848; x_wconf 85' lang='lat' dir='ltr'><em>Tullus</em></span> <span class='ocrx_word' id='word_1_103' title='bbox 851 2785 1158 2849; x_wconf 78' lang='lat' dir='ltr'><em>Hostilius</em></span> <span class='ocrx_word' id='word_1_104' title='bbox 1185 2785 1458 2849; x_wconf 62' lang='lat' dir='ltr'><em>Affiauos</em></span> <span class='ocrx_word' id='word_1_105' title='bbox 1502 2785 1649 2848; x_wconf 84' lang='lat' dir='ltr'><em>bello</em></span> <span class='ocrx_word' id='word_1_106' title='bbox 1680 2787 1875 2870; x_wconf 83' lang='lat' dir='ltr'><em>petiit.</em></span> <span class='ocrx_word' id='word_1_107' title='bbox 1966 2787 2122 2850; x_wconf 75' lang='lat' dir='ltr'><em>Post</em></span> <span class='ocrx_word' id='word_1_108' title='bbox 2166 2789 2315 2850; x_wconf 75' lang='lat' dir='ltr'><em>haec</em></span> 
     </span>
     <span class='ocr_line' id='line_1_18' title="bbox 209 2872 2319 2959; baseline 0.001 -25"><span class='ocrx_word' id='word_1_109' title='bbox 209 2873 665 2957; x_wconf 73' lang='lat' dir='ltr'><em>tn‘qeminomm</em></span> <span class='ocrx_word' id='word_1_110' title='bbox 703 2893 938 2957; x_wconf 72' lang='lat' dir='ltr'><em>puyna.</em></span> <span class='ocrx_word' id='word_1_111' title='bbox 1039 2872 1346 2936; x_wconf 85' lang='lat' dir='ltr'><em>Horatius</em></span> <span class='ocrx_word' id='word_1_112' title='bbox 1387 2873 1714 2936; x_wconf 79' lang='lat' dir='ltr'><em>absolutus.</em></span> <span class='ocrx_word' id='word_1_113' title='bbox 1822 2873 2013 2938; x_wconf 79' lang='lat' dir='ltr'><em>Metti</em></span> <span class='ocrx_word' id='word_1_114' title='bbox 2054 2874 2125 2938; x_wconf 88' lang='lat' dir='ltr'><em>F</em></span> <span class='ocrx_word' id='word_1_115' title='bbox 2118 2873 2319 2959; x_wconf 64' lang='lat' dir='ltr'><em>afflui</em></span> 
     </span>
     <span class='ocr_line' id='line_1_19' title="bbox 209 2958 2314 3133; baseline 0.002 -26"><span class='ocrx_word' id='word_1_116' title='bbox 209 2958 804 3108; x_wconf 52' lang='grc' dir='ltr'><em>ἵῗιίἷῗῖἒὶέᾢῖα</em></span> <span class='ocrx_word' id='word_1_117' title='bbox 831 2959 2314 3151; x_wconf 49' lang='grc' dir='ltr'><em>Ἕέῗοέὲῖηαῖωᾝῗῖεἶῗᾝῗὲῗὶωᾚῶῗ</em></span> 
     </span>
     <span class='ocr_line' id='line_1_20' title="bbox 214 3131 2309 3210; baseline 0.002 -16"><span class='ocrx_word' id='word_1_118' title='bbox 214 3131 429 3194; x_wconf 80' lang='lat' dir='ltr'><em>Ancus</em></span> <span class='ocrx_word' id='word_1_119' title='bbox 479 3132 769 3194; x_wconf 80' lang='lat' dir='ltr'><em>Marcius</em></span> <span class='ocrx_word' id='word_1_120' title='bbox 816 3134 1228 3209; x_wconf 73' lang='lat' dir='ltr'><em>caerimonias,</em></span> <span class='ocrx_word' id='word_1_121' title='bbox 1270 3155 1312 3196; x_wconf 91' lang='lat' dir='ltr'><em>a</em></span> <span class='ocrx_word' id='word_1_122' title='bbox 1351 3133 1567 3196; x_wconf 89' lang='lat' dir='ltr'><em>Numa</em></span> <span class='ocrx_word' id='word_1_123' title='bbox 1613 3135 1940 3210; x_wconf 81' lang='lat' dir='ltr'><em>institutas,</em></span> <span class='ocrx_word' id='word_1_124' title='bbox 1986 3138 2309 3198; x_wconf 82' lang='lat' dir='ltr'><em>renovavit.</em></span> 
     </span>
     <span class='ocr_line' id='line_1_21' title="bbox 215 3217 2315 3306; baseline 0.001 -25"><span class='ocrx_word' id='word_1_125' title='bbox 215 3217 463 3281; x_wconf 79' lang='lat' dir='ltr'><em>Latinis</em></span> <span class='ocrx_word' id='word_1_126' title='bbox 489 3220 663 3280; x_wconf 83' lang='lat' dir='ltr'><em>victis</em></span> <span class='ocrx_word' id='word_1_127' title='bbox 689 3228 750 3282; x_wconf 84' lang='lat' dir='ltr'><em>et</em></span> <span class='ocrx_word' id='word_1_128' title='bbox 773 3219 861 3280; x_wconf 82' lang='lat' dir='ltr'><em>ad</em></span> <span class='ocrx_word' id='word_1_129' title='bbox 884 3221 1181 3282; x_wconf 84' lang='lat' dir='ltr'><em>civitatem</em></span> <span class='ocrx_word' id='word_1_130' title='bbox 1210 3221 1415 3282; x_wconf 76' lang='lat' dir='ltr'><em>ascitis</em></span> <span class='ocrx_word' id='word_1_131' title='bbox 1443 3229 1697 3283; x_wconf 81' lang='lat' dir='ltr'><em>montem</em></span> <span class='ocrx_word' id='word_1_132' title='bbox 1724 3220 2092 3284; x_wconf 76' lang='lat' dir='ltr'><em>Aventinum</em></span> <span class='ocrx_word' id='word_1_133' title='bbox 2120 3225 2315 3306; x_wconf 70' lang='lat' dir='ltr'><em>assiq-</em></span> 
     </span>
     <span class='ocr_line' id='line_1_22' title="bbox 216 3305 2313 3394; baseline 0.001 -26"><span class='ocrx_word' id='word_1_134' title='bbox 216 3306 402 3368; x_wconf 79' lang='lat' dir='ltr'><em>navit.</em></span> <span class='ocrx_word' id='word_1_135' title='bbox 495 3305 879 3381; x_wconf 75' lang='lat' dir='ltr'><em>Politorium,</em></span> <span class='ocrx_word' id='word_1_136' title='bbox 920 3307 1123 3368; x_wconf 84' lang='lat' dir='ltr'><em>urbem</em></span> <span class='ocrx_word' id='word_1_137' title='bbox 1151 3305 1539 3382; x_wconf 81' lang='lat' dir='ltr'><em>Latinorum,</em></span> <span class='ocrx_word' id='word_1_138' title='bbox 1580 3307 1729 3369; x_wconf 80' lang='lat' dir='ltr'><em>bello</em></span> <span class='ocrx_word' id='word_1_139' title='bbox 1761 3311 2093 3392; x_wconf 79' lang='lat' dir='ltr'><em>repetitam,</em></span> <span class='ocrx_word' id='word_1_140' title='bbox 2129 3331 2313 3394; x_wconf 86' lang='lat' dir='ltr'><em>quam</em></span> 
     </span>
     <span class='ocr_line' id='line_1_23' title="bbox 206 3331 2319 3566; baseline 0.002 -26"><span class='ocrx_word' id='word_1_141' title='bbox 206 3393 407 3540; x_wconf 55' lang='lat' dir='ltr'><em>w</em></span> <span class='ocrx_word' id='word_1_142' title='bbox 438 3390 662 3561; x_wconf 45' lang='lat' dir='ltr'><em>ssa?</em></span> <span class='ocrx_word' id='word_1_143' title='bbox 699 3393 2049 3561; x_wconf 51' lang='grc' dir='ltr'><em>ἷῖἲῖῗιῒξῗῖὶῧῗῖἱέἝωὲἴῗῖῗέἒ</em></span> <span class='ocrx_word' id='word_1_144' title='bbox 2079 3331 2319 3566; x_wconf 50' lang='lat'><em>{5202}</em></span> 
     </span>
     <span class='ocr_line' id='line_1_24' title="bbox 208 3565 2311 3652; baseline 0.001 -24"><span class='ocrx_word' id='word_1_145' title='bbox 208 3565 508 3648; x_wconf 76' lang='lat' dir='ltr'><em>protulit,·</em></span> <span class='ocrx_word' id='word_1_146' title='bbox 560 3565 798 3646; x_wconf 82' lang='lat' dir='ltr'><em>Ostiam</em></span> <span class='ocrx_word' id='word_1_147' title='bbox 827 3565 1105 3628; x_wconf 83' lang='lat' dir='ltr'><em>condidit.</em></span> <span class='ocrx_word' id='word_1_148' title='bbox 1196 3567 1503 3650; x_wconf 74' lang='lat' dir='ltr'><em>Reqnavit</em></span> <span class='ocrx_word' id='word_1_149' title='bbox 1531 3589 1722 3628; x_wconf 83' lang='lat' dir='ltr'><em>annos</em></span> <span class='ocrx_word' id='word_1_150' title='bbox 1754 3569 1969 3652; x_wconf 74' lang='lat' dir='ltr'><em>viyinti</em></span> <span class='ocrx_word' id='word_1_151' title='bbox 2009 3578 2311 3652; x_wconf 77' lang='lat' dir='ltr'><em>quattuor.</em></span> 
     </span>
     <span class='ocr_line' id='line_1_25' title="bbox 217 3651 2317 3736; baseline 0.001 -22"><span class='ocrx_word' id='word_1_152' title='bbox 217 3651 322 3714; x_wconf 87' lang='lat' dir='ltr'><em>Eo</em></span> <span class='ocrx_word' id='word_1_153' title='bbox 378 3661 665 3736; x_wconf 70' lang='lat' dir='ltr'><em>reynante</em></span> <span class='ocrx_word' id='word_1_154' title='bbox 713 3652 1010 3728; x_wconf 86' lang='lat' dir='ltr'><em>Lucumo,</em></span> <span class='ocrx_word' id='word_1_155' title='bbox 1069 3652 1414 3715; x_wconf 86' lang='lat' dir='ltr'><em>Damarati</em></span> <span class='ocrx_word' id='word_1_156' title='bbox 1463 3653 1765 3716; x_wconf 77' lang='lat' dir='ltr'><em>Corinthii</em></span> <span class='ocrx_word' id='word_1_157' title='bbox 1783 3655 1993 3735; x_wconf 85' lang='lat' dir='ltr'><em>filius,</em></span> <span class='ocrx_word' id='word_1_158' title='bbox 2044 3677 2086 3716; x_wconf 95' lang='lat' dir='ltr'><strong><em>a</em></strong></span> <span class='ocrx_word' id='word_1_159' title='bbox 2150 3655 2317 3718; x_wconf 88' lang='lat' dir='ltr'><em>Tar-</em></span> 
     </span>
     <span class='ocr_line' id='line_1_26' title="bbox 217 3738 2316 3824; baseline 0.002 -23"><span class='ocrx_word' id='word_1_160' title='bbox 217 3741 462 3824; x_wconf 69' lang='lat' dir='ltr'><em>quintis,</em></span> <span class='ocrx_word' id='word_1_161' title='bbox 508 3738 811 3802; x_wconf 77' lang='lat' dir='ltr'><em>Etruriae</em></span> <span class='ocrx_word' id='word_1_162' title='bbox 856 3741 1112 3814; x_wconf 79' lang='lat' dir='ltr'><em>civitate,</em></span> <span class='ocrx_word' id='word_1_163' title='bbox 1163 3739 1424 3802; x_wconf 87' lang='lat' dir='ltr'><em>Romam</em></span> <span class='ocrx_word' id='word_1_164' title='bbox 1480 3743 1673 3816; x_wconf 79' lang='lat' dir='ltr'><em>venit3</em></span> <span class='ocrx_word' id='word_1_165' title='bbox 1732 3750 1807 3818; x_wconf 91' lang='lat' dir='ltr'><em>et,</em></span> <span class='ocrx_word' id='word_1_166' title='bbox 1868 3742 1931 3804; x_wconf 78' lang='lat' dir='ltr'><em>iu</em></span> <span class='ocrx_word' id='word_1_167' title='bbox 1983 3743 2316 3805; x_wconf 86' lang='lat' dir='ltr'><em>amicitiam</em></span> 
     </span>
     <span class='ocr_line' id='line_1_27' title="bbox 219 3825 2315 3927; baseline 0.002 -39"><span class='ocrx_word' id='word_1_168' title='bbox 219 3825 385 3888; x_wconf 72' lang='lat' dir='ltr'><em>Am·</em></span> <span class='ocrx_word' id='word_1_169' title='bbox 416 3835 703 3910; x_wconf 82' lang='lat' dir='ltr'><em>receptus,</em></span> <span class='ocrx_word' id='word_1_170' title='bbox 748 3825 1079 3927; x_wconf 76' lang='lat' dir='ltr'><em>Tarquinii</em></span> <span class='ocrx_word' id='word_1_171' title='bbox 1113 3847 1321 3888; x_wconf 79' lang='lat' dir='ltr'><em>nomen</em></span> <span class='ocrx_word' id='word_1_172' title='bbox 1341 3828 1521 3910; x_wconf 85' lang='lat' dir='ltr'><em>ferre</em></span> <span class='ocrx_word' id='word_1_173' title='bbox 1556 3829 1761 3911; x_wconf 81' lang='lat' dir='ltr'><em>coepit,</em></span> <span class='ocrx_word' id='word_1_174' title='bbox 1810 3837 1869 3890; x_wconf 91' lang='lat' dir='ltr'><em>et</em></span> <span class='ocrx_word' id='word_1_175' title='bbox 1890 3838 2035 3911; x_wconf 84' lang='lat' dir='ltr'><em>post</em></span> <span class='ocrx_word' id='word_1_176' title='bbox 2070 3839 2315 3892; x_wconf 88' lang='lat' dir='ltr'><em>mortem</em></span> 
     </span>
     <span class='ocr_line' id='line_1_28' title="bbox 222 3912 2317 3997; baseline 0.003 -23"><span class='ocrx_word' id='word_1_177' title='bbox 222 3912 388 3974; x_wconf 80' lang='lat' dir='ltr'><em>Anci</em></span> <span class='ocrx_word' id='word_1_178' title='bbox 432 3934 682 3996; x_wconf 74' lang='lat' dir='ltr'><em>reqnum</em></span> <span class='ocrx_word' id='word_1_179' title='bbox 732 3915 971 3997; x_wconf 73' lang='lat' dir='ltr'><em>excepit.</em></span> <span class='ocrx_word' id='word_1_180' title='bbox 1097 3912 1349 3976; x_wconf 82' lang='lat' dir='ltr'><em>Centum</em></span> <span class='ocrx_word' id='word_1_181' title='bbox 1399 3914 1642 3988; x_wconf 82' lang='lat' dir='ltr'><em>additis,</em></span> <span class='ocrx_word' id='word_1_182' title='bbox 1691 3915 1957 3977; x_wconf 90' lang='lat' dir='ltr'><em>Patrum</em></span> <span class='ocrx_word' id='word_1_183' title='bbox 2004 3937 2317 3980; x_wconf 78' lang='lat' dir='ltr'><em>numerum</em></span> 
     </span>
     <span class='ocr_line' id='line_1_29' title="bbox 223 3999 2313 4085; baseline 0.001 -25"><span class='ocrx_word' id='word_1_184' title='bbox 223 4000 437 4073; x_wconf 72' lang='lat' dir='ltr'><em>auxit5</em></span> <span class='ocrx_word' id='word_1_185' title='bbox 503 3999 764 4061; x_wconf 81' lang='lat' dir='ltr'><em>Latinos</em></span> <span class='ocrx_word' id='word_1_186' title='bbox 821 3999 1088 4083; x_wconf 74' lang='lat' dir='ltr'><em>subeyit3</em></span> <span class='ocrx_word' id='word_1_187' title='bbox 1152 4002 1378 4062; x_wconf 71' lang='lat' dir='ltr'><em>circum</em></span> <span class='ocrx_word' id='word_1_188' title='bbox 1435 4001 1810 4085; x_wconf 64' lang='lat' dir='ltr'><em>desrynavit3</em></span> <span class='ocrx_word' id='word_1_189' title='bbox 1876 4002 2046 4064; x_wconf 88' lang='lat' dir='ltr'><em>ludos</em></span> <span class='ocrx_word' id='word_1_190' title='bbox 2112 4003 2313 4064; x_wconf 86' lang='lat' dir='ltr'><em>edidit.</em></span> 
     </span>
     <span class='ocr_line' id='line_1_30' title="bbox 230 4083 2319 4172; baseline 0.002 -26"><span class='ocrx_word' id='word_1_191' title='bbox 230 4083 594 4148; x_wconf 81' lang='lat' dir='ltr'><em>Sabinorum</em></span> <span class='ocrx_word' id='word_1_192' title='bbox 639 4085 784 4147; x_wconf 83' lang='lat' dir='ltr'><em>bello</em></span> <span class='ocrx_word' id='word_1_193' title='bbox 816 4087 1044 4168; x_wconf 83' lang='lat' dir='ltr'><em>petitus</em></span> <span class='ocrx_word' id='word_1_194' title='bbox 1083 4089 1345 4170; x_wconf 82' lang='lat' dir='ltr'><em>equitum</em></span> <span class='ocrx_word' id='word_1_195' title='bbox 1389 4088 1693 4150; x_wconf 82' lang='lat' dir='ltr'><em>centurias</em></span> <span class='ocrx_word' id='word_1_196' title='bbox 1720 4088 2052 4172; x_wconf 82' lang='lat' dir='ltr'><em>ampliavit.</em></span> <span class='ocrx_word' id='word_1_197' title='bbox 2160 4089 2319 4150; x_wconf 79' lang='lat' dir='ltr'><em>Ten-</em></span> 
     </span>
     <span class='ocr_line' id='line_1_31' title="bbox 225 4171 2316 4258; baseline 0.001 -26"><span class='ocrx_word' id='word_1_198' title='bbox 225 4172 446 4234; x_wconf 79' lang='lat' dir='ltr'><em>tandae</em></span> <span class='ocrx_word' id='word_1_199' title='bbox 471 4174 754 4234; x_wconf 71' lang='lat' dir='ltr'><em>scientiae</em></span> <span class='ocrx_word' id='word_1_200' title='bbox 791 4193 980 4234; x_wconf 84' lang='lat' dir='ltr'><em>causa</em></span> <span class='ocrx_word' id='word_1_201' title='bbox 1009 4171 1150 4234; x_wconf 82' lang='lat' dir='ltr'><em>Atti</em></span> <span class='ocrx_word' id='word_1_202' title='bbox 1174 4172 1370 4236; x_wconf 83' lang='lat' dir='ltr'><em>Navii</em></span> <span class='ocrx_word' id='word_1_203' title='bbox 1395 4177 1669 4258; x_wconf 71' lang='lat' dir='ltr'><em>auyuris,</em></span> <span class='ocrx_word' id='word_1_204' title='bbox 1711 4176 2072 4238; x_wconf 76' lang='lat' dir='ltr'><em>consuluisse</em></span> <span class='ocrx_word' id='word_1_205' title='bbox 2080 4175 2316 4255; x_wconf 86' lang='lat' dir='ltr'><em>fertur</em></span> 
     </span>
     <span class='ocr_line' id='line_1_32' title="bbox 225 4257 2321 4360; baseline 0.001 -41"><span class='ocrx_word' id='word_1_206' title='bbox 225 4279 308 4319; x_wconf 79' lang='lat' dir='ltr'><em>an</em></span> <span class='ocrx_word' id='word_1_207' title='bbox 335 4259 418 4334; x_wconf 86' lang='lat' dir='ltr'><em>id,</em></span> <span class='ocrx_word' id='word_1_208' title='bbox 443 4257 517 4319; x_wconf 84' lang='lat' dir='ltr'><em>de</em></span> <span class='ocrx_word' id='word_1_209' title='bbox 545 4279 664 4343; x_wconf 86' lang='lat' dir='ltr'><em>quo</em></span> <span class='ocrx_word' id='word_1_210' title='bbox 691 4259 996 4360; x_wconf 73' lang='lat' dir='ltr'><em>coqitaret,</em></span> <span class='ocrx_word' id='word_1_211' title='bbox 1020 4259 1175 4344; x_wconf 73' lang='lat' dir='ltr'><em>ffci</em></span> <span class='ocrx_word' id='word_1_212' title='bbox 1192 4270 1432 4342; x_wconf 83' lang='lat' dir='ltr'><em>posset:</em></span> <span class='ocrx_word' id='word_1_213' title='bbox 1463 4261 1627 4346; x_wconf 85' lang='lat' dir='ltr'><em>quod</em></span> <span class='ocrx_word' id='word_1_214' title='bbox 1651 4283 1835 4346; x_wconf 83' lang='lat' dir='ltr'><em>quum</em></span> <span class='ocrx_word' id='word_1_215' title='bbox 1866 4260 2129 4339; x_wconf 80' lang='lat' dir='ltr'><em>illefieri</em></span> <span class='ocrx_word' id='word_1_216' title='bbox 2146 4281 2321 4342; x_wconf 85' lang='lat' dir='ltr'><em>posse</em></span> 
     </span>
     <span class='ocr_line' id='line_1_33' title="bbox 226 4345 2325 4431; baseline 0 -25"><span class='ocrx_word' id='word_1_217' title='bbox 226 4345 634 4428; x_wconf 79' lang='lat' dir='ltr'><em>respondisset,</em></span> <span class='ocrx_word' id='word_1_218' title='bbox 680 4347 936 4430; x_wconf 82' lang='lat' dir='ltr'><em>iussisse,</em></span> <span class='ocrx_word' id='word_1_219' title='bbox 981 4365 1114 4408; x_wconf 87' lang='lat' dir='ltr'><em>eum</em></span> <span class='ocrx_word' id='word_1_220' title='bbox 1157 4347 1450 4411; x_wconf 83' lang='lat' dir='ltr'><em>novacula</em></span> <span class='ocrx_word' id='word_1_221' title='bbox 1498 4357 1680 4410; x_wconf 85' lang='lat' dir='ltr'><em>cotem</em></span> <span class='ocrx_word' id='word_1_222' title='bbox 1712 4345 2101 4431; x_wconf 83' lang='lat' dir='ltr'><em>praecidere,·</em></span> <span class='ocrx_word' id='word_1_223' title='bbox 2146 4345 2325 4431; x_wconf 86' lang='lat' dir='ltr'><em>idque</em></span> 
     </span>
     <span class='ocr_line' id='line_1_34' title="bbox 311 4449 1977 4496; baseline 0.005 -3"><span class='ocrx_word' id='word_1_224' title='bbox 311 4450 538 4496; x_wconf 78' lang='lat' dir='ltr'><em>vol..1.</em></span> <span class='ocrx_word' id='word_1_225' title='bbox 1934 4449 1977 4493; x_wconf 86' lang='lat' dir='ltr'>B</span> 
     </span>
    </p>
   </div>
  </div>
 </body>
</html>
