<?xml version="1.0" encoding="UTF-8"?>
<!DOCTYPE html PUBLIC "-//W3C//DTD XHTML 1.0 Transitional//EN"
    "http://www.w3.org/TR/xhtml1/DTD/xhtml1-transitional.dtd">
<html xmlns="http://www.w3.org/1999/xhtml" xml:lang="en" lang="en">
 <head>
  <title>
</title>
<meta http-equiv="Content-Type" content="text/html;charset=utf-8" />
  <meta name='ocr-system' content='tesseract 3.04.00' />
  <meta name='ocr-capabilities' content='ocr_page ocr_carea ocr_par ocr_line ocrx_word'/>
</head>
<body>
  <div class='ocr_page' id='page_1' title='image "./tliviipatavinih10unkngoog_0347.png"; bbox 0 0 3000 4784; ppageno 0'>
   <div class='ocr_carea' id='block_1_1' title="bbox 828 260 2269 329">
    <p class='ocr_par' dir='ltr' id='par_1_1' title="bbox 828 260 2269 329">
     <span class='ocr_line' id='line_1_1' title="bbox 828 260 2269 329; baseline 0.002 -3"><span class='ocrx_word' id='word_1_1' title='bbox 828 260 1017 327; x_wconf 92' lang='lat' dir='ltr'><strong>LIB.</strong></span> <span class='ocrx_word' id='word_1_2' title='bbox 1067 261 1149 327; x_wconf 91' lang='lat' dir='ltr'><strong>V.</strong></span> <span class='ocrx_word' id='word_1_3' title='bbox 1223 260 1446 328; x_wconf 88' lang='lat' dir='ltr'><strong>CAP.</strong></span> <span class='ocrx_word' id='word_1_4' title='bbox 1492 269 1599 329; x_wconf 80' lang='lat'><strong>42.</strong></span> <span class='ocrx_word' id='word_1_5' title='bbox 2142 270 2269 329; x_wconf 83' lang='lat'><strong>333</strong></span> 
     </span>
    </p>
   </div>
   <div class='ocr_carea' id='block_1_2' title="bbox 116 395 2577 1968">
    <p class='ocr_par' dir='ltr' id='par_1_2' title="bbox 116 395 2577 1968">
     <span class='ocr_line' id='line_1_2' title="bbox 156 395 2576 489; baseline 0.002 -28"><span class='ocrx_word' id='word_1_6' title='bbox 156 396 349 475; x_wconf 91' lang='lat' dir='ltr'><strong>Inde,</strong></span> <span class='ocrx_word' id='word_1_7' title='bbox 370 396 623 463; x_wconf 90' lang='lat' dir='ltr'><strong>modico</strong></span> <span class='ocrx_word' id='word_1_8' title='bbox 650 395 873 463; x_wconf 86' lang='lat' dir='ltr'><strong>relicto</strong></span> <span class='ocrx_word' id='word_1_9' title='bbox 900 398 1232 485; x_wconf 86' lang='lat' dir='ltr'><strong>praesidio,</strong></span> <span class='ocrx_word' id='word_1_10' title='bbox 1252 398 1365 487; x_wconf 90' lang='lat' dir='ltr'><strong>(ne</strong></span> <span class='ocrx_word' id='word_1_11' title='bbox 1396 399 1542 486; x_wconf 90' lang='lat' dir='ltr'><strong>quis</strong></span> <span class='ocrx_word' id='word_1_12' title='bbox 1568 400 1638 465; x_wconf 93' lang='lat' dir='ltr'><strong>in</strong></span> <span class='ocrx_word' id='word_1_13' title='bbox 1660 398 1992 489; x_wconf 87' lang='lat' dir='ltr'><strong>dissipatos</strong></span> <span class='ocrx_word' id='word_1_14' title='bbox 2013 424 2095 465; x_wconf 88' lang='lat' dir='ltr'><strong>ex</strong></span> <span class='ocrx_word' id='word_1_15' title='bbox 2125 423 2268 466; x_wconf 85' lang='lat' dir='ltr'><strong>arce</strong></span> <span class='ocrx_word' id='word_1_16' title='bbox 2288 413 2356 464; x_wconf 91' lang='lat' dir='ltr'><strong>U.</strong></span> <span class='ocrx_word' id='word_1_17' title='bbox 2379 413 2441 464; x_wconf 84' lang='lat' dir='ltr'><strong>c.</strong></span> <span class='ocrx_word' id='word_1_18' title='bbox 2466 412 2576 476; x_wconf 77' lang='lat'><strong>³65·</strong></span> 
     </span>
     <span class='ocr_line' id='line_1_3' title="bbox 156 478 2577 592; baseline 0.001 -43"><span class='ocrx_word' id='word_1_19' title='bbox 156 498 275 549; x_wconf 86' lang='lat' dir='ltr'><strong>aut</strong></span> <span class='ocrx_word' id='word_1_20' title='bbox 327 483 648 572; x_wconf 89' lang='lat' dir='ltr'><strong>Capitolio</strong></span> <span class='ocrx_word' id='word_1_21' title='bbox 706 485 984 572; x_wconf 90' lang='lat' dir='ltr'><strong>impetus</strong></span> <span class='ocrx_word' id='word_1_22' title='bbox 1030 484 1241 571; x_wconf 87' lang='lat' dir='ltr'><strong>fieret)</strong></span> <span class='ocrx_word' id='word_1_23' title='bbox 1286 485 1513 573; x_wconf 82' lang='lat' dir='ltr'><strong>dilapsi</strong></span> <span class='ocrx_word' id='word_1_24' title='bbox 1564 486 1647 551; x_wconf 90' lang='lat' dir='ltr'><strong>ad</strong></span> <span class='ocrx_word' id='word_1_25' title='bbox 1703 488 2004 574; x_wconf 79' lang='lat' dir='ltr'><strong>praedam</strong></span> <span class='ocrx_word' id='word_1_26' title='bbox 2056 487 2270 553; x_wconf 83' lang='lat' dir='ltr'><strong>vacuis</strong></span> <span class='ocrx_word' id='word_1_27' title='bbox 2287 478 2442 592; x_wconf 44' lang='lat'><strong>33¹5·</strong></span> <span class='ocrx_word' id='word_1_28' title='bbox 2450 479 2577 591; x_wconf 51' lang='lat'><strong>3⁸7·</strong></span> 
     </span>
     <span class='ocr_line' id='line_1_4' title="bbox 158 556 2561 669; baseline 0.002 -34"><span class='ocrx_word' id='word_1_29' title='bbox 158 593 433 636; x_wconf 87' lang='lat' dir='ltr'><strong>occursu</strong></span> <span class='ocrx_word' id='word_1_30' title='bbox 472 570 805 635; x_wconf 89' lang='lat' dir='ltr'><strong>hominum</strong></span> <span class='ocrx_word' id='word_1_31' title='bbox 837 572 973 649; x_wconf 86' lang='lat' dir='ltr'><strong>viis,</strong></span> <span class='ocrx_word' id='word_1_32' title='bbox 1004 594 1150 659; x_wconf 88' lang='lat' dir='ltr'><strong>pars</strong></span> <span class='ocrx_word' id='word_1_33' title='bbox 1192 572 1260 636; x_wconf 92' lang='lat' dir='ltr'><strong>in</strong></span> <span class='ocrx_word' id='word_1_34' title='bbox 1290 572 1582 659; x_wconf 86' lang='lat' dir='ltr'><strong>proxima</strong></span> <span class='ocrx_word' id='word_1_35' title='bbox 1620 597 1912 661; x_wconf 85' lang='lat' dir='ltr'><strong>quaeque</strong></span> <span class='ocrx_word' id='word_1_36' title='bbox 1958 587 2270 640; x_wconf 87' lang='lat' dir='ltr'><strong>tectorum</strong></span> <span class='ocrx_word' id='word_1_37' title='bbox 2287 607 2431 669; x_wconf 77' lang='lat' dir='ltr'><strong>piant</strong></span> <span class='ocrx_word' id='word_1_38' title='bbox 2453 556 2540 659; x_wconf 53' lang='lat'><strong>„11¹</strong></span> <span class='ocrx_word' id='word_1_39' title='bbox 2541 569 2561 579; x_wconf 72' lang='grc'><strong><em>’</em></strong></span> 
     </span>
     <span class='ocr_line' id='line_1_5' title="bbox 158 657 2416 747; baseline 0.003 -26"><span class='ocrx_word' id='word_1_40' title='bbox 158 658 422 747; x_wconf 83' lang='lat' dir='ltr'>agmine</span> <span class='ocrx_word' id='word_1_41' title='bbox 442 670 665 735; x_wconf 84' lang='lat' dir='ltr'><strong>ruunt3</strong></span> <span class='ocrx_word' id='word_1_42' title='bbox 712 680 856 745; x_wconf 87' lang='lat' dir='ltr'><strong>pars</strong></span> <span class='ocrx_word' id='word_1_43' title='bbox 874 658 1115 736; x_wconf 88' lang='lat' dir='ltr'><strong>ultima,</strong></span> <span class='ocrx_word' id='word_1_44' title='bbox 1134 657 1311 723; x_wconf 82' lang='lat' dir='ltr'><strong>velut</strong></span> <span class='ocrx_word' id='word_1_45' title='bbox 1328 680 1405 722; x_wconf 91' lang='lat' dir='ltr'><strong>ea</strong></span> <span class='ocrx_word' id='word_1_46' title='bbox 1421 658 1682 725; x_wconf 90' lang='lat' dir='ltr'><strong>demum</strong></span> <span class='ocrx_word' id='word_1_47' title='bbox 1707 661 1944 725; x_wconf 86' lang='lat' dir='ltr'><strong>intacta</strong></span> <span class='ocrx_word' id='word_1_48' title='bbox 1959 674 2026 727; x_wconf 92' lang='lat' dir='ltr'><strong>et</strong></span> <span class='ocrx_word' id='word_1_49' title='bbox 2042 662 2274 727; x_wconf 87' lang='lat' dir='ltr'><strong>referta</strong></span> <span class='ocrx_word' id='word_1_50' title='bbox 2287 672 2416 721; x_wconf 83' lang='lat' dir='ltr'><strong>bem·</strong></span> 
     </span>
     <span class='ocr_line' id='line_1_6' title="bbox 156 743 2271 833; baseline 0.002 -25"><span class='ocrx_word' id='word_1_51' title='bbox 156 744 423 833; x_wconf 89' lang='lat' dir='ltr'><strong>praeda,</strong></span> <span class='ocrx_word' id='word_1_52' title='bbox 454 757 699 832; x_wconf 87' lang='lat' dir='ltr'><strong>petunt.</strong></span> <span class='ocrx_word' id='word_1_53' title='bbox 788 743 957 809; x_wconf 91' lang='lat' dir='ltr'><strong>Inde</strong></span> <span class='ocrx_word' id='word_1_54' title='bbox 1000 766 1214 809; x_wconf 90' lang='lat' dir='ltr'><strong>rursus</strong></span> <span class='ocrx_word' id='word_1_55' title='bbox 1256 744 1394 831; x_wconf 88' lang='lat' dir='ltr'><strong>ipsa</strong></span> <span class='ocrx_word' id='word_1_56' title='bbox 1435 746 1778 811; x_wconf 84' lang='lat' dir='ltr'><strong>solitudine</strong></span> <span class='ocrx_word' id='word_1_57' title='bbox 1823 747 2156 825; x_wconf 81' lang='lat' dir='ltr'><strong>absterriti,</strong></span> <span class='ocrx_word' id='word_1_58' title='bbox 2187 771 2271 812; x_wconf 90' lang='lat' dir='ltr'><strong>ne</strong></span> 
     </span>
     <span class='ocr_line' id='line_1_7' title="bbox 208 830 2276 923; baseline 0.002 -27"><span class='ocrx_word' id='word_1_59' title='bbox 208 854 301 896; x_wconf 85' lang='lat' dir='ltr'><strong>ua</strong></span> <span class='ocrx_word' id='word_1_60' title='bbox 334 830 505 895; x_wconf 86' lang='lat' dir='ltr'><strong>fraus</strong></span> <span class='ocrx_word' id='word_1_61' title='bbox 540 830 787 896; x_wconf 84' lang='lat' dir='ltr'><strong>hostilis</strong></span> <span class='ocrx_word' id='word_1_62' title='bbox 823 854 1016 919; x_wconf 80' lang='lat' dir='ltr'><strong>vagos</strong></span> <span class='ocrx_word' id='word_1_63' title='bbox 1056 832 1395 918; x_wconf 84' lang='lat' dir='ltr'><strong>exciperet,</strong></span> <span class='ocrx_word' id='word_1_64' title='bbox 1436 833 1508 896; x_wconf 92' lang='lat' dir='ltr'><strong>in</strong></span> <span class='ocrx_word' id='word_1_65' title='bbox 1546 833 1755 897; x_wconf 86' lang='lat' dir='ltr'><strong>forum</strong></span> <span class='ocrx_word' id='word_1_66' title='bbox 1796 857 1870 899; x_wconf 88' lang='lat' dir='ltr'><strong>ac</strong></span> <span class='ocrx_word' id='word_1_67' title='bbox 1959 836 2276 923; x_wconf 89' lang='lat' dir='ltr'><strong>ropinqua</strong></span> 
     </span>
     <span class='ocr_line' id='line_1_8' title="bbox 156 856 2274 1006; baseline 0.001 -23"><span class='ocrx_word' id='word_1_68' title='bbox 156 856 307 983; x_wconf 43' lang='lat' dir='ltr'><strong>ssoro</strong></span> <span class='ocrx_word' id='word_1_69' title='bbox 336 916 476 981; x_wconf 91' lang='lat' dir='ltr'><strong>loca</strong></span> <span class='ocrx_word' id='word_1_70' title='bbox 491 940 613 982; x_wconf 93' lang='lat' dir='ltr'><strong>con</strong></span> <span class='ocrx_word' id='word_1_71' title='bbox 657 917 853 982; x_wconf 88' lang='lat' dir='ltr'><strong>lobati</strong></span> <span class='ocrx_word' id='word_1_72' title='bbox 875 917 1199 982; x_wconf 83' lang='lat' dir='ltr'><strong>redibant:</strong></span> <span class='ocrx_word' id='word_1_73' title='bbox 1250 917 1358 982; x_wconf 89' lang='lat' dir='ltr'><strong>ubi</strong></span> <span class='ocrx_word' id='word_1_74' title='bbox 1389 941 1516 996; x_wconf 79' lang='lat' dir='ltr'><strong>eoS,</strong></span> <span class='ocrx_word' id='word_1_75' title='bbox 1536 919 1739 1006; x_wconf 88' lang='lat' dir='ltr'><strong>plebis</strong></span> <span class='ocrx_word' id='word_1_76' title='bbox 1759 856 2065 986; x_wconf 57' lang='lat' dir='ltr'><strong>aediKciis</strong></span> <span class='ocrx_word' id='word_1_77' title='bbox 2094 922 2274 985; x_wconf 88' lang='lat' dir='ltr'><strong>obse-</strong></span> 
     </span>
     <span class='ocr_line' id='line_1_9' title="bbox 158 1004 2276 1153; baseline 0.001 -84"><span class='ocrx_word' id='word_1_78' title='bbox 158 1004 343 1081; x_wconf 88' lang='lat' dir='ltr'><strong>ratis,</strong></span> <span class='ocrx_word' id='word_1_79' title='bbox 388 1004 633 1091; x_wconf 87' lang='lat' dir='ltr'><strong>patenti</strong></span> <span class='ocrx_word' id='word_1_80' title='bbox 678 1026 753 1068; x_wconf 92' lang='lat' dir='ltr'><strong>us</strong></span> <span class='ocrx_word' id='word_1_81' title='bbox 805 1004 979 1068; x_wconf 89' lang='lat' dir='ltr'><strong>atriis</strong></span> <span class='ocrx_word' id='word_1_82' title='bbox 1017 1004 1412 1153; x_wconf 82' lang='lat' dir='ltr'><strong>¹principum,</strong></span> <span class='ocrx_word' id='word_1_83' title='bbox 1459 1006 1661 1070; x_wconf 89' lang='lat' dir='ltr'><strong>maior</strong></span> <span class='ocrx_word' id='word_1_84' title='bbox 1755 1028 1910 1094; x_wconf 90' lang='lat' dir='ltr'><strong>rope</strong></span> <span class='ocrx_word' id='word_1_85' title='bbox 1953 1008 2276 1072; x_wconf 86' lang='lat' dir='ltr'><strong>cunctatio</strong></span> 
     </span>
     <span class='ocr_line' id='line_1_10' title="bbox 158 1090 2276 1177; baseline 0.002 -23"><span class='ocrx_word' id='word_1_86' title='bbox 158 1090 450 1169; x_wconf 82' lang='lat' dir='ltr'><strong>tenebat,</strong></span> <span class='ocrx_word' id='word_1_87' title='bbox 480 1102 716 1177; x_wconf 81' lang='lat' dir='ltr'><strong>aperta,</strong></span> <span class='ocrx_word' id='word_1_88' title='bbox 748 1112 943 1177; x_wconf 88' lang='lat' dir='ltr'><strong>quam</strong></span> <span class='ocrx_word' id='word_1_89' title='bbox 983 1113 1019 1155; x_wconf 92' lang='lat' dir='ltr'><strong>c</strong></span> <span class='ocrx_word' id='word_1_90' title='bbox 1042 1112 1212 1167; x_wconf 90' lang='lat' dir='ltr'><strong>ausa,</strong></span> <span class='ocrx_word' id='word_1_91' title='bbox 1244 1090 1626 1156; x_wconf 84' lang='lat' dir='ltr'><strong>mvadendi:</strong></span> <span class='ocrx_word' id='word_1_92' title='bbox 1758 1116 1837 1157; x_wconf 92' lang='lat' dir='ltr'><strong>eo</strong></span> <span class='ocrx_word' id='word_1_93' title='bbox 1878 1092 2054 1158; x_wconf 90' lang='lat' dir='ltr'><strong>haud</strong></span> <span class='ocrx_word' id='word_1_94' title='bbox 2094 1114 2276 1159; x_wconf 88' lang='lat' dir='ltr'><strong>secus</strong></span> 
     </span>
     <span class='ocr_line' id='line_1_11' title="bbox 160 1175 2275 1265; baseline 0.002 -24"><span class='ocrx_word' id='word_1_95' title='bbox 160 1200 365 1265; x_wconf 88' lang='lat' dir='ltr'><strong>quam</strong></span> <span class='ocrx_word' id='word_1_96' title='bbox 446 1177 881 1241; x_wconf 84' lang='lat' dir='ltr'><strong>venerabundi</strong></span> <span class='ocrx_word' id='word_1_97' title='bbox 964 1175 1377 1241; x_wconf 87' lang='lat' dir='ltr'><strong>intuebantur</strong></span> <span class='ocrx_word' id='word_1_98' title='bbox 1456 1178 1529 1241; x_wconf 93' lang='lat' dir='ltr'><strong>in</strong></span> <span class='ocrx_word' id='word_1_99' title='bbox 1611 1178 1866 1243; x_wconf 91' lang='lat' dir='ltr'><strong>aedium</strong></span> <span class='ocrx_word' id='word_1_100' title='bbox 1949 1179 2275 1245; x_wconf 83' lang='lat' dir='ltr'><strong>vestibulis</strong></span> 
     </span>
     <span class='ocr_line' id='line_1_12' title="bbox 158 1263 2276 1353; baseline 0.001 -24"><span class='ocrx_word' id='word_1_101' title='bbox 158 1263 468 1329; x_wconf 81' lang='lat' dir='ltr'><strong>sedentes</strong></span> <span class='ocrx_word' id='word_1_102' title='bbox 495 1264 683 1340; x_wconf 86' lang='lat' dir='ltr'><strong>viros,</strong></span> <span class='ocrx_word' id='word_1_103' title='bbox 706 1275 958 1351; x_wconf 84' lang='lat' dir='ltr'><strong>praeter</strong></span> <span class='ocrx_word' id='word_1_104' title='bbox 973 1276 1267 1327; x_wconf 88' lang='lat' dir='ltr'><strong>ornatum</strong></span> <span class='ocrx_word' id='word_1_105' title='bbox 1294 1263 1714 1351; x_wconf 90' lang='lat' dir='ltr'><strong>habitumque</strong></span> <span class='ocrx_word' id='word_1_106' title='bbox 1746 1264 2027 1331; x_wconf 88' lang='lat' dir='ltr'><strong>humano</strong></span> <span class='ocrx_word' id='word_1_107' title='bbox 2045 1288 2276 1353; x_wconf 78' lang='lat' dir='ltr'><strong>augus-</strong></span> 
     </span>
     <span class='ocr_line' id='line_1_13' title="bbox 160 1350 2274 1439; baseline 0.001 -24"><span class='ocrx_word' id='word_1_108' title='bbox 160 1352 421 1426; x_wconf 87' lang='lat' dir='ltr'><strong>tiorem,</strong></span> <span class='ocrx_word' id='word_1_109' title='bbox 452 1350 777 1414; x_wconf 88' lang='lat' dir='ltr'><strong>maiestate</strong></span> <span class='ocrx_word' id='word_1_110' title='bbox 823 1350 1036 1428; x_wconf 89' lang='lat' dir='ltr'><strong>etiam,</strong></span> <span class='ocrx_word' id='word_1_111' title='bbox 1068 1371 1259 1436; x_wconf 91' lang='lat' dir='ltr'><strong>quam</strong></span> <span class='ocrx_word' id='word_1_112' title='bbox 1290 1350 1504 1414; x_wconf 86' lang='lat' dir='ltr'><strong>vultus</strong></span> <span class='ocrx_word' id='word_1_113' title='bbox 1531 1351 1928 1437; x_wconf 84' lang='lat' dir='ltr'><strong>gravitasque</strong></span> <span class='ocrx_word' id='word_1_114' title='bbox 1969 1352 2095 1417; x_wconf 90' lang='lat' dir='ltr'><strong>oris</strong></span> <span class='ocrx_word' id='word_1_115' title='bbox 2123 1374 2274 1439; x_wconf 87' lang='lat' dir='ltr'><strong>prae</strong></span> 
     </span>
     <span class='ocr_line' id='line_1_14' title="bbox 160 1434 2274 1514; baseline 0 -11"><span class='ocrx_word' id='word_1_116' title='bbox 160 1460 239 1503; x_wconf 89' lang='lat' dir='ltr'><strong>se</strong></span> <span class='ocrx_word' id='word_1_117' title='bbox 284 1436 544 1514; x_wconf 81' lang='lat' dir='ltr'><strong>ferebat,</strong></span> <span class='ocrx_word' id='word_1_118' title='bbox 588 1435 940 1500; x_wconf 89' lang='lat' dir='ltr'><strong>simillimos</strong></span> <span class='ocrx_word' id='word_1_119' title='bbox 983 1435 1122 1500; x_wconf 83' lang='lat' dir='ltr'><strong>diis.</strong></span> <span class='ocrx_word' id='word_1_120' title='bbox 1214 1434 1325 1500; x_wconf 89' lang='lat' dir='ltr'><strong>Ad</strong></span> <span class='ocrx_word' id='word_1_121' title='bbox 1370 1458 1478 1501; x_wconf 91' lang='lat' dir='ltr'><strong>eos</strong></span> <span class='ocrx_word' id='word_1_122' title='bbox 1520 1436 1697 1501; x_wconf 88' lang='lat' dir='ltr'><strong>velut</strong></span> <span class='ocrx_word' id='word_1_123' title='bbox 1739 1436 2072 1503; x_wconf 90' lang='lat' dir='ltr'><strong>simulacra</strong></span> <span class='ocrx_word' id='word_1_124' title='bbox 2111 1438 2274 1503; x_wconf 86' lang='lat' dir='ltr'><strong>versi</strong></span> 
     </span>
     <span class='ocr_line' id='line_1_15' title="bbox 116 1520 2276 1611; baseline 0.001 -24"><span class='ocrx_word' id='word_1_125' title='bbox 116 1554 137 1587; x_wconf 82' lang='grc' dir='ltr'><strong>ι</strong></span> <span class='ocrx_word' id='word_1_126' title='bbox 164 1544 377 1611; x_wconf 91' lang='lat' dir='ltr'><strong>quum</strong></span> <span class='ocrx_word' id='word_1_127' title='bbox 416 1534 673 1600; x_wconf 88' lang='lat' dir='ltr'><strong>starent,</strong></span> <span class='ocrx_word' id='word_1_128' title='bbox 708 1520 803 1586; x_wconf 92' lang='lat' dir='ltr'><strong>M.</strong></span> <span class='ocrx_word' id='word_1_129' title='bbox 825 1521 1117 1609; x_wconf 83' lang='lat' dir='ltr'><strong>Papirius</strong></span> <span class='ocrx_word' id='word_1_130' title='bbox 1152 1544 1318 1585; x_wconf 90' lang='lat' dir='ltr'><strong>unus</strong></span> <span class='ocrx_word' id='word_1_131' title='bbox 1358 1545 1441 1587; x_wconf 90' lang='lat' dir='ltr'><strong>ex</strong></span> <span class='ocrx_word' id='word_1_132' title='bbox 1482 1523 1586 1587; x_wconf 89' lang='lat' dir='ltr'><strong>his</strong></span> <span class='ocrx_word' id='word_1_133' title='bbox 1619 1523 1855 1588; x_wconf 90' lang='lat' dir='ltr'><strong>dicitur</strong></span> <span class='ocrx_word' id='word_1_134' title='bbox 1893 1523 2101 1602; x_wconf 88' lang='lat' dir='ltr'><strong>Gallo,</strong></span> <span class='ocrx_word' id='word_1_135' title='bbox 2131 1524 2276 1589; x_wconf 87' lang='lat' dir='ltr'><strong>bar-</strong></span> 
     </span>
     <span class='ocr_line' id='line_1_16' title="bbox 162 1608 2271 1698; baseline 0 -23"><span class='ocrx_word' id='word_1_136' title='bbox 162 1612 321 1675; x_wconf 84' lang='lat' dir='ltr'><strong>bam</strong></span> <span class='ocrx_word' id='word_1_137' title='bbox 351 1631 548 1686; x_wconf 90' lang='lat' dir='ltr'><strong>suam,</strong></span> <span class='ocrx_word' id='word_1_138' title='bbox 598 1622 671 1673; x_wconf 91' lang='lat' dir='ltr'><strong>ut</strong></span> <span class='ocrx_word' id='word_1_139' title='bbox 728 1620 866 1673; x_wconf 86' lang='lat' dir='ltr'><strong>tum</strong></span> <span class='ocrx_word' id='word_1_140' title='bbox 917 1608 1211 1673; x_wconf 89' lang='lat' dir='ltr'><strong>omnibus</strong></span> <span class='ocrx_word' id='word_1_141' title='bbox 1266 1610 1574 1695; x_wconf 87' lang='lat' dir='ltr'><strong>promissa</strong></span> <span class='ocrx_word' id='word_1_142' title='bbox 1621 1622 1778 1688; x_wconf 89' lang='lat' dir='ltr'><strong>erat,</strong></span> <span class='ocrx_word' id='word_1_143' title='bbox 1829 1610 2271 1698; x_wconf 87' lang='lat' dir='ltr'><strong>permulcenti,</strong></span> 
     </span>
     <span class='ocr_line' id='line_1_17' title="bbox 162 1693 2272 1799; baseline 0.001 -38"><span class='ocrx_word' id='word_1_144' title='bbox 162 1695 458 1783; x_wconf 80' lang='lat' dir='ltr'><strong>scipione</strong></span> <span class='ocrx_word' id='word_1_145' title='bbox 500 1696 781 1759; x_wconf 89' lang='lat' dir='ltr'><strong>eburneo</strong></span> <span class='ocrx_word' id='word_1_146' title='bbox 808 1694 879 1758; x_wconf 92' lang='lat' dir='ltr'><strong>in</strong></span> <span class='ocrx_word' id='word_1_147' title='bbox 908 1706 1099 1781; x_wconf 87' lang='lat' dir='ltr'><strong>caput</strong></span> <span class='ocrx_word' id='word_1_148' title='bbox 1140 1693 1390 1759; x_wconf 82' lang='lat' dir='ltr'><strong>incusso</strong></span> <span class='ocrx_word' id='word_1_149' title='bbox 1420 1696 1578 1760; x_wconf 90' lang='lat' dir='ltr'><strong>iram</strong></span> <span class='ocrx_word' id='word_1_150' title='bbox 1609 1698 1912 1776; x_wconf 81' lang='lat' dir='ltr'><strong>movisse3</strong></span> <span class='ocrx_word' id='word_1_151' title='bbox 1960 1710 2151 1799; x_wconf 87' lang='lat' dir='ltr'><strong>atque</strong></span> <span class='ocrx_word' id='word_1_152' title='bbox 2193 1697 2272 1762; x_wconf 89' lang='lat' dir='ltr'><strong>ab</strong></span> 
     </span>
     <span class='ocr_line' id='line_1_18' title="bbox 162 1782 2268 1858; baseline 0 -10"><span class='ocrx_word' id='word_1_153' title='bbox 162 1806 253 1849; x_wconf 89' lang='lat' dir='ltr'><strong>eo</strong></span> <span class='ocrx_word' id='word_1_154' title='bbox 282 1782 538 1846; x_wconf 87' lang='lat' dir='ltr'><strong>initium</strong></span> <span class='ocrx_word' id='word_1_155' title='bbox 568 1782 779 1846; x_wconf 91' lang='lat' dir='ltr'><strong>caedis</strong></span> <span class='ocrx_word' id='word_1_156' title='bbox 817 1794 1048 1858; x_wconf 90' lang='lat' dir='ltr'><strong>ortum,</strong></span> <span class='ocrx_word' id='word_1_157' title='bbox 1079 1792 1321 1845; x_wconf 84' lang='lat' dir='ltr'><strong>ceteros</strong></span> <span class='ocrx_word' id='word_1_158' title='bbox 1355 1782 1424 1844; x_wconf 90' lang='lat' dir='ltr'><strong>in</strong></span> <span class='ocrx_word' id='word_1_159' title='bbox 1452 1782 1709 1847; x_wconf 88' lang='lat' dir='ltr'><strong>sedibus</strong></span> <span class='ocrx_word' id='word_1_160' title='bbox 1749 1783 1878 1849; x_wconf 89' lang='lat' dir='ltr'><strong>suis</strong></span> <span class='ocrx_word' id='word_1_161' title='bbox 1907 1784 2268 1849; x_wconf 82' lang='lat' dir='ltr'><strong>trucidatos.</strong></span> 
     </span>
     <span class='ocr_line' id='line_1_19' title="bbox 164 1846 2566 1968; baseline 0 -33"><span class='ocrx_word' id='word_1_162' title='bbox 164 1870 333 1935; x_wconf 87' lang='lat' dir='ltr'><strong>Post</strong></span> <span class='ocrx_word' id='word_1_163' title='bbox 359 1868 721 1968; x_wconf 80' lang='lat' dir='ltr'><strong>principum</strong></span> <span class='ocrx_word' id='word_1_164' title='bbox 751 1867 1011 1932; x_wconf 89' lang='lat' dir='ltr'><strong>caedem</strong></span> <span class='ocrx_word' id='word_1_165' title='bbox 1029 1866 1187 1931; x_wconf 87' lang='lat' dir='ltr'><strong>nulli</strong></span> <span class='ocrx_word' id='word_1_166' title='bbox 1207 1866 1441 1932; x_wconf 91' lang='lat' dir='ltr'><strong>deinde</strong></span> <span class='ocrx_word' id='word_1_167' title='bbox 1470 1868 1832 1934; x_wconf 83' lang='lat' dir='ltr'><strong>mortalium</strong></span> <span class='ocrx_word' id='word_1_168' title='bbox 1863 1871 2055 1957; x_wconf 91' lang='lat' dir='ltr'><strong>parci,</strong></span> <span class='ocrx_word' id='word_1_169' title='bbox 2081 1870 2273 1959; x_wconf 88' lang='lat' dir='ltr'><strong>diripi</strong></span> <span class='ocrx_word' id='word_1_170' title='bbox 2289 1848 2405 1897; x_wconf 68' lang='lat' dir='ltr'><strong>Sora</strong></span> <span class='ocrx_word' id='word_1_171' title='bbox 2424 1846 2566 1899; x_wconf 57' lang='lat'>¹¹¹⁵*</span> 
     </span>
    </p>
   </div>
   <div class='ocr_carea' id='block_1_3' title="bbox 166 1913 2565 2041">
    <p class='ocr_par' dir='ltr' id='par_1_3' title="bbox 166 1913 2565 2041">
     <span class='ocr_line' id='line_1_20' title="bbox 166 1913 2565 2041; baseline 0.003 -20"><span class='ocrx_word' id='word_1_172' title='bbox 166 1968 365 2033; x_wconf 89' lang='lat' dir='ltr'><strong>tecta,</strong></span> <span class='ocrx_word' id='word_1_173' title='bbox 395 1954 715 2019; x_wconf 75' lang='lat' dir='ltr'><strong>exhaustis</strong></span> <span class='ocrx_word' id='word_1_174' title='bbox 742 1953 919 2019; x_wconf 90' lang='lat' dir='ltr'><strong>iniici</strong></span> <span class='ocrx_word' id='word_1_175' title='bbox 945 1954 1143 2041; x_wconf 83' lang='lat' dir='ltr'><strong>ignes.</strong></span> <span class='ocrx_word' id='word_1_176' title='bbox 1232 2010 1239 2017; x_wconf 90' lang='lat'><strong>.</strong></span> <span class='ocrx_word' id='word_1_177' title='bbox 2290 1913 2565 2027; x_wconf 51' lang='lat' dir='ltr'><strong>332ng</strong></span> 
     </span>
    </p>
   </div>
   <div class='ocr_carea' id='block_1_4' title="bbox 110 2040 2500 3595">
    <p class='ocr_par' dir='ltr' id='par_1_4' title="bbox 162 2040 2500 2647">
     <span class='ocr_line' id='line_1_21' title="bbox 265 2040 2500 2120; baseline -0.001 -14"><span class='ocrx_word' id='word_1_178' title='bbox 265 2041 594 2118; x_wconf 84' lang='lat' dir='ltr'><strong>Ceterum,</strong></span> <span class='ocrx_word' id='word_1_179' title='bbox 624 2062 739 2105; x_wconf 88' lang='lat' dir='ltr'><strong>seu</strong></span> <span class='ocrx_word' id='word_1_180' title='bbox 766 2062 899 2105; x_wconf 92' lang='lat' dir='ltr'><strong>non</strong></span> <span class='ocrx_word' id='word_1_181' title='bbox 921 2040 1217 2105; x_wconf 90' lang='lat' dir='ltr'><strong>omnibus</strong></span> <span class='ocrx_word' id='word_1_182' title='bbox 1237 2040 1548 2106; x_wconf 86' lang='lat' dir='ltr'><strong>delendae</strong></span> <span class='ocrx_word' id='word_1_183' title='bbox 1567 2041 1741 2107; x_wconf 88' lang='lat' dir='ltr'><strong>urbis</strong></span> <span class='ocrx_word' id='word_1_184' title='bbox 1758 2041 1957 2108; x_wconf 92' lang='lat' dir='ltr'><strong>libido</strong></span> <span class='ocrx_word' id='word_1_185' title='bbox 1987 2057 2141 2120; x_wconf 89' lang='lat' dir='ltr'><strong>erat,</strong></span> <span class='ocrx_word' id='word_1_186' title='bbox 2161 2066 2278 2108; x_wconf 89' lang='lat' dir='ltr'><strong>seu</strong></span> <span class='ocrx_word' id='word_1_187' title='bbox 2394 2044 2500 2104; x_wconf 87' lang='grc'><strong>42.</strong></span> 
     </span>
     <span class='ocr_line' id='line_1_22' title="bbox 162 2124 2274 2216; baseline 0 -23"><span class='ocrx_word' id='word_1_188' title='bbox 162 2130 267 2195; x_wconf 88' lang='lat' dir='ltr'><strong>ita</strong></span> <span class='ocrx_word' id='word_1_189' title='bbox 308 2127 633 2216; x_wconf 85' lang='lat' dir='ltr'><strong>placuerat</strong></span> <span class='ocrx_word' id='word_1_190' title='bbox 675 2125 1067 2214; x_wconf 87' lang='lat' dir='ltr'><strong>principibus</strong></span> <span class='ocrx_word' id='word_1_191' title='bbox 1115 2124 1469 2205; x_wconf 85' lang='lat' dir='ltr'><strong>Gallorum,</strong></span> <span class='ocrx_word' id='word_1_192' title='bbox 1500 2140 1568 2192; x_wconf 91' lang='lat' dir='ltr'><strong>et</strong></span> <span class='ocrx_word' id='word_1_193' title='bbox 1611 2128 1914 2194; x_wconf 82' lang='lat' dir='ltr'><strong>ostentari</strong></span> <span class='ocrx_word' id='word_1_194' title='bbox 1958 2130 2274 2216; x_wconf 83' lang='lat' dir='ltr'><strong>quaedam</strong></span> 
     </span>
     <span class='ocr_line' id='line_1_23' title="bbox 164 2212 2276 2300; baseline 0 -20"><span class='ocrx_word' id='word_1_195' title='bbox 164 2213 477 2280; x_wconf 86' lang='lat' dir='ltr'><strong>incendia</strong></span> <span class='ocrx_word' id='word_1_196' title='bbox 518 2212 771 2278; x_wconf 88' lang='lat' dir='ltr'><strong>terroris</strong></span> <span class='ocrx_word' id='word_1_197' title='bbox 798 2235 1004 2290; x_wconf 84' lang='lat' dir='ltr'><strong>causa,</strong></span> <span class='ocrx_word' id='word_1_198' title='bbox 1035 2212 1088 2276; x_wconf 91' lang='lat' dir='ltr'><strong>si</strong></span> <span class='ocrx_word' id='word_1_199' title='bbox 1132 2213 1427 2300; x_wconf 89' lang='lat' dir='ltr'><strong>compelli</strong></span> <span class='ocrx_word' id='word_1_200' title='bbox 1469 2212 1553 2277; x_wconf 87' lang='lat' dir='ltr'><strong>ad</strong></span> <span class='ocrx_word' id='word_1_201' title='bbox 1581 2213 1974 2279; x_wconf 87' lang='lat' dir='ltr'><strong>deditionem</strong></span> <span class='ocrx_word' id='word_1_202' title='bbox 2018 2215 2276 2280; x_wconf 84' lang='lat' dir='ltr'><strong>caritate</strong></span> 
     </span>
     <span class='ocr_line' id='line_1_24' title="bbox 164 2298 2278 2387; baseline -0.001 -20"><span class='ocrx_word' id='word_1_203' title='bbox 164 2301 426 2367; x_wconf 85' lang='lat' dir='ltr'><strong>sedium</strong></span> <span class='ocrx_word' id='word_1_204' title='bbox 469 2321 724 2364; x_wconf 89' lang='lat' dir='ltr'><strong>suarum</strong></span> <span class='ocrx_word' id='word_1_205' title='bbox 761 2298 997 2364; x_wconf 84' lang='lat' dir='ltr'><strong>obsessi</strong></span> <span class='ocrx_word' id='word_1_206' title='bbox 1039 2312 1316 2387; x_wconf 85' lang='lat' dir='ltr'><strong>possent,</strong></span> <span class='ocrx_word' id='word_1_207' title='bbox 1348 2312 1413 2364; x_wconf 90' lang='lat' dir='ltr'><strong>et</strong></span> <span class='ocrx_word' id='word_1_208' title='bbox 1456 2322 1590 2365; x_wconf 92' lang='lat' dir='ltr'><strong>non</strong></span> <span class='ocrx_word' id='word_1_209' title='bbox 1633 2301 1848 2365; x_wconf 91' lang='lat' dir='ltr'><strong>omnia</strong></span> <span class='ocrx_word' id='word_1_210' title='bbox 1889 2302 2278 2365; x_wconf 90' lang='lat' dir='ltr'><strong>concremari</strong></span> 
     </span>
     <span class='ocr_line' id='line_1_25' title="bbox 168 2384 2277 2473; baseline -0.001 -19"><span class='ocrx_word' id='word_1_211' title='bbox 168 2400 364 2465; x_wconf 81' lang='lat' dir='ltr'><strong>tecta,</strong></span> <span class='ocrx_word' id='word_1_212' title='bbox 394 2400 486 2463; x_wconf 90' lang='lat' dir='ltr'><strong>ut,</strong></span> <span class='ocrx_word' id='word_1_213' title='bbox 518 2384 948 2473; x_wconf 89' lang='lat' dir='ltr'><strong>quodcunque</strong></span> <span class='ocrx_word' id='word_1_214' title='bbox 992 2399 1346 2472; x_wconf 85' lang='lat' dir='ltr'><strong>superesset</strong></span> <span class='ocrx_word' id='word_1_215' title='bbox 1389 2386 1582 2463; x_wconf 91' lang='lat' dir='ltr'><strong>urbis,</strong></span> <span class='ocrx_word' id='word_1_216' title='bbox 1621 2386 1688 2450; x_wconf 92' lang='lat' dir='ltr'><strong>id</strong></span> <span class='ocrx_word' id='word_1_217' title='bbox 1732 2387 1965 2473; x_wconf 83' lang='lat' dir='ltr'><strong>pignus</strong></span> <span class='ocrx_word' id='word_1_218' title='bbox 2007 2386 2090 2451; x_wconf 86' lang='lat' dir='ltr'><strong>ad</strong></span> <span class='ocrx_word' id='word_1_219' title='bbox 2125 2388 2277 2452; x_wconf 87' lang='lat' dir='ltr'><strong>fiec-</strong></span> 
     </span>
     <span class='ocr_line' id='line_1_26' title="bbox 166 2471 2276 2560; baseline -0.001 -21"><span class='ocrx_word' id='word_1_220' title='bbox 166 2472 409 2540; x_wconf 89' lang='lat' dir='ltr'><strong>tendos</strong></span> <span class='ocrx_word' id='word_1_221' title='bbox 470 2471 748 2537; x_wconf 88' lang='lat' dir='ltr'><strong>hostium</strong></span> <span class='ocrx_word' id='word_1_222' title='bbox 813 2471 1057 2536; x_wconf 89' lang='lat' dir='ltr'><strong>animos</strong></span> <span class='ocrx_word' id='word_1_223' title='bbox 1120 2471 1469 2549; x_wconf 86' lang='lat' dir='ltr'><strong>haberent3</strong></span> <span class='ocrx_word' id='word_1_224' title='bbox 1545 2494 1951 2558; x_wconf 82' lang='lat' dir='ltr'><strong>nequaquam</strong></span> <span class='ocrx_word' id='word_1_225' title='bbox 2009 2472 2276 2560; x_wconf 90' lang='lat' dir='ltr'><strong>perinde</strong></span> 
     </span>
     <span class='ocr_line' id='line_1_27' title="bbox 166 2556 2278 2647; baseline -0.001 -22"><span class='ocrx_word' id='word_1_226' title='bbox 166 2573 373 2647; x_wconf 87' lang='lat' dir='ltr'><strong>atque</strong></span> <span class='ocrx_word' id='word_1_227' title='bbox 402 2558 471 2623; x_wconf 93' lang='lat' dir='ltr'><strong>in</strong></span> <span class='ocrx_word' id='word_1_228' title='bbox 500 2572 686 2645; x_wconf 90' lang='lat' dir='ltr'><strong>capta</strong></span> <span class='ocrx_word' id='word_1_229' title='bbox 718 2558 873 2623; x_wconf 90' lang='lat' dir='ltr'><strong>urbe</strong></span> <span class='ocrx_word' id='word_1_230' title='bbox 908 2557 1115 2646; x_wconf 90' lang='lat' dir='ltr'><strong>prima</strong></span> <span class='ocrx_word' id='word_1_231' title='bbox 1143 2557 1249 2621; x_wconf 90' lang='lat' dir='ltr'><strong>die</strong></span> <span class='ocrx_word' id='word_1_232' title='bbox 1288 2571 1400 2621; x_wconf 90' lang='lat' dir='ltr'><strong>aut</strong></span> <span class='ocrx_word' id='word_1_233' title='bbox 1437 2559 1670 2645; x_wconf 88' lang='lat' dir='ltr'><strong>passim</strong></span> <span class='ocrx_word' id='word_1_234' title='bbox 1711 2570 1824 2622; x_wconf 90' lang='lat' dir='ltr'><strong>aut</strong></span> <span class='ocrx_word' id='word_1_235' title='bbox 1862 2556 1987 2622; x_wconf 91' lang='lat' dir='ltr'><strong>late</strong></span> <span class='ocrx_word' id='word_1_236' title='bbox 2015 2571 2278 2645; x_wconf 81' lang='lat' dir='ltr'><strong>vagatus</strong></span> 
     </span>
    </p>

    <p class='ocr_par' dir='ltr' id='par_1_5' title="bbox 110 2643 2281 3595">
     <span class='ocr_line' id='line_1_28' title="bbox 112 2643 2280 2733; baseline -0.002 -20"><span class='ocrx_word' id='word_1_237' title='bbox 112 2685 145 2719; x_wconf 76' lang='lat'>2</span> <span class='ocrx_word' id='word_1_238' title='bbox 166 2662 276 2713; x_wconf 60' lang='grc' dir='ltr'><strong>ωε</strong></span> <span class='ocrx_word' id='word_1_239' title='bbox 322 2644 505 2733; x_wconf 83' lang='lat' dir='ltr'><strong>ignis.</strong></span> <span class='ocrx_word' id='word_1_240' title='bbox 600 2644 896 2721; x_wconf 85' lang='lat' dir='ltr'><strong>Romani,</strong></span> <span class='ocrx_word' id='word_1_241' title='bbox 934 2666 1017 2708; x_wconf 86' lang='lat' dir='ltr'><strong>ex</strong></span> <span class='ocrx_word' id='word_1_242' title='bbox 1056 2666 1199 2709; x_wconf 85' lang='lat' dir='ltr'><strong>arce</strong></span> <span class='ocrx_word' id='word_1_243' title='bbox 1244 2643 1502 2730; x_wconf 81' lang='lat' dir='ltr'><strong>plenam</strong></span> <span class='ocrx_word' id='word_1_244' title='bbox 1549 2643 1828 2708; x_wconf 90' lang='lat' dir='ltr'><strong>hostium</strong></span> <span class='ocrx_word' id='word_1_245' title='bbox 1876 2644 2099 2709; x_wconf 89' lang='lat' dir='ltr'><strong>urbem</strong></span> <span class='ocrx_word' id='word_1_246' title='bbox 2143 2667 2280 2709; x_wconf 90' lang='lat' dir='ltr'><strong>cer-</strong></span> 
     </span>
     <span class='ocr_line' id='line_1_29' title="bbox 166 2730 2278 2818; baseline -0.001 -20"><span class='ocrx_word' id='word_1_247' title='bbox 166 2744 427 2809; x_wconf 83' lang='lat' dir='ltr'><strong>nentes,</strong></span> <span class='ocrx_word' id='word_1_248' title='bbox 460 2752 779 2818; x_wconf 83' lang='lat' dir='ltr'><strong>vagosque</strong></span> <span class='ocrx_word' id='word_1_249' title='bbox 816 2754 933 2818; x_wconf 90' lang='lat' dir='ltr'><strong>per</strong></span> <span class='ocrx_word' id='word_1_250' title='bbox 967 2730 1103 2794; x_wconf 86' lang='lat' dir='ltr'><strong>vias</strong></span> <span class='ocrx_word' id='word_1_251' title='bbox 1140 2750 1362 2795; x_wconf 89' lang='lat' dir='ltr'><strong>omnes</strong></span> <span class='ocrx_word' id='word_1_252' title='bbox 1399 2752 1638 2808; x_wconf 90' lang='lat' dir='ltr'><strong>cursus,</strong></span> <span class='ocrx_word' id='word_1_253' title='bbox 1679 2752 1880 2818; x_wconf 90' lang='lat' dir='ltr'><strong>quum</strong></span> <span class='ocrx_word' id='word_1_254' title='bbox 1920 2730 2044 2795; x_wconf 90' lang='lat' dir='ltr'><strong>alia</strong></span> <span class='ocrx_word' id='word_1_255' title='bbox 2084 2742 2278 2817; x_wconf 89' lang='lat' dir='ltr'><strong>atque</strong></span> 
     </span>
     <span class='ocr_line' id='line_1_30' title="bbox 112 2814 2278 2917; baseline -0.001 -33"><span class='ocrx_word' id='word_1_256' title='bbox 112 2847 145 2895; x_wconf 79' lang='lat'><strong>3</strong></span> <span class='ocrx_word' id='word_1_257' title='bbox 168 2818 305 2885; x_wconf 84' lang='lat' dir='ltr'><strong>alia</strong></span> <span class='ocrx_word' id='word_1_258' title='bbox 330 2830 509 2917; x_wconf 80' lang='lat' dir='ltr'><strong>parte</strong></span> <span class='ocrx_word' id='word_1_259' title='bbox 545 2839 711 2881; x_wconf 85' lang='lat' dir='ltr'><strong>nova</strong></span> <span class='ocrx_word' id='word_1_260' title='bbox 743 2816 957 2903; x_wconf 84' lang='lat' dir='ltr'><strong>aliqua</strong></span> <span class='ocrx_word' id='word_1_261' title='bbox 993 2814 1202 2881; x_wconf 87' lang='lat' dir='ltr'><strong>clades</strong></span> <span class='ocrx_word' id='word_1_262' title='bbox 1242 2816 1532 2895; x_wconf 87' lang='lat' dir='ltr'><strong>oriretur,</strong></span> <span class='ocrx_word' id='word_1_263' title='bbox 1562 2839 1694 2881; x_wconf 91' lang='lat' dir='ltr'><strong>non</strong></span> <span class='ocrx_word' id='word_1_264' title='bbox 1725 2816 2045 2882; x_wconf 87' lang='lat' dir='ltr'><strong>mentibus</strong></span> <span class='ocrx_word' id='word_1_265' title='bbox 2073 2817 2278 2882; x_wconf 88' lang='lat' dir='ltr'><strong>solum</strong></span> 
     </span>
     <span class='ocr_line' id='line_1_31' title="bbox 166 2900 2277 3003; baseline -0.001 -32"><span class='ocrx_word' id='word_1_266' title='bbox 166 2926 535 2991; x_wconf 75' lang='lat' dir='ltr'><strong>concipere,</strong></span> <span class='ocrx_word' id='word_1_267' title='bbox 560 2902 672 2968; x_wconf 90' lang='lat' dir='ltr'><strong>sed</strong></span> <span class='ocrx_word' id='word_1_268' title='bbox 694 2926 777 2967; x_wconf 88' lang='lat' dir='ltr'><strong>ne</strong></span> <span class='ocrx_word' id='word_1_269' title='bbox 800 2903 1055 2966; x_wconf 89' lang='lat' dir='ltr'><strong>auribus</strong></span> <span class='ocrx_word' id='word_1_270' title='bbox 1076 2900 1337 2989; x_wconf 91' lang='lat' dir='ltr'><strong>quidem</strong></span> <span class='ocrx_word' id='word_1_271' title='bbox 1360 2915 1554 3003; x_wconf 82' lang='lat' dir='ltr'><strong>atque</strong></span> <span class='ocrx_word' id='word_1_272' title='bbox 1585 2903 1786 2969; x_wconf 89' lang='lat' dir='ltr'><strong>oculis</strong></span> <span class='ocrx_word' id='word_1_273' title='bbox 1813 2903 1978 2975; x_wconf 60' lang='lat' dir='ltr'><strong>satis„</strong></span> <span class='ocrx_word' id='word_1_274' title='bbox 1991 2916 2277 2969; x_wconf 84' lang='lat' dir='ltr'><strong>constare</strong></span> 
     </span>
     <span class='ocr_line' id='line_1_32' title="bbox 164 2987 2280 3081; baseline -0 -26"><span class='ocrx_word' id='word_1_275' title='bbox 164 3002 491 3081; x_wconf 82' lang='lat' dir='ltr'><strong>poterant.</strong></span> <span class='ocrx_word' id='word_1_276' title='bbox 587 2988 993 3075; x_wconf 82' lang='lat' dir='ltr'><strong>Quocunque</strong></span> <span class='ocrx_word' id='word_1_277' title='bbox 1037 2988 1273 3054; x_wconf 90' lang='lat' dir='ltr'><strong>clamor</strong></span> <span class='ocrx_word' id='word_1_278' title='bbox 1316 2987 1615 3067; x_wconf 86' lang='lat' dir='ltr'><strong>hostmm,</strong></span> <span class='ocrx_word' id='word_1_279' title='bbox 1661 2989 2001 3055; x_wconf 88' lang='lat' dir='ltr'><strong>mulierum</strong></span> <span class='ocrx_word' id='word_1_280' title='bbox 2049 3012 2280 3077; x_wconf 90' lang='lat' dir='ltr'><strong>puero-</strong></span> 
     </span>
     <span class='ocr_line' id='line_1_33' title="bbox 166 3074 2279 3163; baseline -0 -21"><span class='ocrx_word' id='word_1_281' title='bbox 166 3098 452 3163; x_wconf 88' lang='lat' dir='ltr'><strong>rumque</strong></span> <span class='ocrx_word' id='word_1_282' title='bbox 490 3074 789 3163; x_wconf 89' lang='lat' dir='ltr'><strong>ploratus,</strong></span> <span class='ocrx_word' id='word_1_283' title='bbox 828 3075 1072 3139; x_wconf 90' lang='lat' dir='ltr'><strong>sonitus</strong></span> <span class='ocrx_word' id='word_1_284' title='bbox 1113 3074 1423 3153; x_wconf 88' lang='lat' dir='ltr'><strong>flammae,</strong></span> <span class='ocrx_word' id='word_1_285' title='bbox 1459 3088 1529 3140; x_wconf 92' lang='lat' dir='ltr'><strong>et</strong></span> <span class='ocrx_word' id='word_1_286' title='bbox 1569 3076 1778 3163; x_wconf 80' lang='lat' dir='ltr'><strong>fragor</strong></span> <span class='ocrx_word' id='word_1_287' title='bbox 1817 3077 2139 3142; x_wconf 90' lang='lat' dir='ltr'><strong>ruentium</strong></span> <span class='ocrx_word' id='word_1_288' title='bbox 2183 3088 2279 3141; x_wconf 89' lang='lat' dir='ltr'><strong>te-</strong></span> 
     </span>
     <span class='ocr_line' id='line_1_34' title="bbox 110 3156 2280 3249; baseline -0.002 -19"><span class='ocrx_word' id='word_1_289' title='bbox 110 3204 147 3245; x_wconf 84' lang='lat'>4</span> <span class='ocrx_word' id='word_1_290' title='bbox 166 3176 433 3231; x_wconf 90' lang='lat' dir='ltr'><strong>ctorum</strong></span> <span class='ocrx_word' id='word_1_291' title='bbox 474 3156 861 3239; x_wconf 81' lang='lat' dir='ltr'><strong>advertisset,</strong></span> <span class='ocrx_word' id='word_1_292' title='bbox 898 3173 1203 3249; x_wconf 83' lang='lat' dir='ltr'><strong>paventes</strong></span> <span class='ocrx_word' id='word_1_293' title='bbox 1245 3160 1328 3225; x_wconf 86' lang='lat' dir='ltr'><strong>ad</strong></span> <span class='ocrx_word' id='word_1_294' title='bbox 1370 3161 1604 3239; x_wconf 89' lang='lat' dir='ltr'><strong>omnia,</strong></span> <span class='ocrx_word' id='word_1_295' title='bbox 1645 3162 1890 3227; x_wconf 88' lang='lat' dir='ltr'><strong>animos</strong></span> <span class='ocrx_word' id='word_1_296' title='bbox 1933 3185 2167 3249; x_wconf 88' lang='lat' dir='ltr'><strong>oraque</strong></span> <span class='ocrx_word' id='word_1_297' title='bbox 2212 3176 2280 3227; x_wconf 89' lang='lat' dir='ltr'><strong>et</strong></span> 
     </span>
     <span class='ocr_line' id='line_1_35' title="bbox 166 3246 2279 3334; baseline -0.002 -18"><span class='ocrx_word' id='word_1_298' title='bbox 166 3249 400 3317; x_wconf 88' lang='lat' dir='ltr'><strong>oculos</strong></span> <span class='ocrx_word' id='word_1_299' title='bbox 446 3248 808 3326; x_wconf 81' lang='lat' dir='ltr'><strong>flectebant,</strong></span> <span class='ocrx_word' id='word_1_300' title='bbox 858 3246 1034 3312; x_wconf 84' lang='lat' dir='ltr'><strong>velut</strong></span> <span class='ocrx_word' id='word_1_301' title='bbox 1085 3246 1168 3311; x_wconf 86' lang='lat' dir='ltr'><strong>ad</strong></span> <span class='ocrx_word' id='word_1_302' title='bbox 1218 3246 1650 3334; x_wconf 85' lang='lat' dir='ltr'><strong>spectaculum</strong></span> <span class='ocrx_word' id='word_1_303' title='bbox 1700 3270 1740 3310; x_wconf 90' lang='lat' dir='ltr'><strong>a</strong></span> <span class='ocrx_word' id='word_1_304' title='bbox 1787 3246 2041 3311; x_wconf 88' lang='lat' dir='ltr'><strong>fortuna</strong></span> <span class='ocrx_word' id='word_1_305' title='bbox 2089 3248 2279 3334; x_wconf 88' lang='lat' dir='ltr'><strong>positi</strong></span> 
     </span>
     <span class='ocr_line' id='line_1_36' title="bbox 166 3332 2279 3423; baseline -0.002 -21"><span class='ocrx_word' id='word_1_306' title='bbox 166 3335 531 3403; x_wconf 90' lang='lat' dir='ltr'><strong>occidentis</strong></span> <span class='ocrx_word' id='word_1_307' title='bbox 574 3335 833 3423; x_wconf 86' lang='lat' dir='ltr'><strong>patriae,</strong></span> <span class='ocrx_word' id='word_1_308' title='bbox 869 3356 989 3399; x_wconf 89' lang='lat' dir='ltr'><strong>nec</strong></span> <span class='ocrx_word' id='word_1_309' title='bbox 1034 3332 1227 3398; x_wconf 91' lang='lat' dir='ltr'><strong>ullius</strong></span> <span class='ocrx_word' id='word_1_310' title='bbox 1272 3354 1484 3397; x_wconf 92' lang='lat' dir='ltr'><strong>rerum</strong></span> <span class='ocrx_word' id='word_1_311' title='bbox 1531 3354 1784 3397; x_wconf 88' lang='lat' dir='ltr'><strong>suarum</strong></span> <span class='ocrx_word' id='word_1_312' title='bbox 1831 3333 2056 3409; x_wconf 81' lang='lat' dir='ltr'><strong>relicti,</strong></span> <span class='ocrx_word' id='word_1_313' title='bbox 2097 3356 2279 3421; x_wconf 91' lang='lat' dir='ltr'><strong>prae-</strong></span> 
     </span>
     <span class='ocr_line' id='line_1_37' title="bbox 168 3417 2278 3509; baseline -0.003 -20"><span class='ocrx_word' id='word_1_314' title='bbox 168 3438 474 3509; x_wconf 89' lang='lat' dir='ltr'><strong>terquam</strong></span> <span class='ocrx_word' id='word_1_315' title='bbox 520 3442 875 3509; x_wconf 85' lang='lat' dir='ltr'><strong>corporum,</strong></span> <span class='ocrx_word' id='word_1_316' title='bbox 920 3419 1242 3485; x_wconf 83' lang='lat' dir='ltr'><strong>vindices:</strong></span> <span class='ocrx_word' id='word_1_317' title='bbox 1308 3430 1487 3483; x_wconf 82' lang='lat' dir='ltr'><strong>tanto</strong></span> <span class='ocrx_word' id='word_1_318' title='bbox 1534 3431 1682 3483; x_wconf 90' lang='lat' dir='ltr'><strong>ante</strong></span> <span class='ocrx_word' id='word_1_319' title='bbox 1731 3417 1886 3482; x_wconf 90' lang='lat' dir='ltr'><strong>alios</strong></span> <span class='ocrx_word' id='word_1_320' title='bbox 1936 3419 2278 3483; x_wconf 87' lang='lat' dir='ltr'><strong>miserandi</strong></span> 
     </span>
     <span class='ocr_line' id='line_1_38' title="bbox 168 3502 2281 3595; baseline -0.003 -21"><span class='ocrx_word' id='word_1_321' title='bbox 168 3508 403 3595; x_wconf 79' lang='lat' dir='ltr'><strong>magis,</strong></span> <span class='ocrx_word' id='word_1_322' title='bbox 432 3506 546 3594; x_wconf 90' lang='lat' dir='ltr'><strong>qui</strong></span> <span class='ocrx_word' id='word_1_323' title='bbox 588 3528 871 3593; x_wconf 88' lang='lat' dir='ltr'><strong>unquam</strong></span> <span class='ocrx_word' id='word_1_324' title='bbox 917 3505 1153 3571; x_wconf 88' lang='lat' dir='ltr'><strong>obsessi</strong></span> <span class='ocrx_word' id='word_1_325' title='bbox 1196 3517 1365 3583; x_wconf 89' lang='lat' dir='ltr'><strong>sunt,</strong></span> <span class='ocrx_word' id='word_1_326' title='bbox 1406 3503 1584 3591; x_wconf 92' lang='lat' dir='ltr'><strong>quod</strong></span> <span class='ocrx_word' id='word_1_327' title='bbox 1628 3502 1953 3568; x_wconf 82' lang='lat' dir='ltr'><strong>interclusi</strong></span> <span class='ocrx_word' id='word_1_328' title='bbox 1997 3526 2036 3568; x_wconf 90' lang='lat' dir='ltr'><strong>a</strong></span> <span class='ocrx_word' id='word_1_329' title='bbox 2076 3505 2281 3591; x_wconf 86' lang='lat' dir='ltr'><strong>patria</strong></span> 
     </span>
    </p>
   </div>
   <div class='ocr_carea' id='block_1_5' title="bbox 166 3688 2286 4203">
    <p class='ocr_par' dir='ltr' id='par_1_6' title="bbox 166 3688 2283 3947">
     <span class='ocr_line' id='line_1_39' title="bbox 248 3688 2281 3756; baseline -0.003 -13"><span class='ocrx_word' id='word_1_330' title='bbox 248 3708 269 3743; x_wconf 85' lang='lat'>1</span> <span class='ocrx_word' id='word_1_331' title='bbox 309 3694 389 3742; x_wconf 85' lang='lat' dir='ltr'><strong>M.</strong></span> <span class='ocrx_word' id='word_1_332' title='bbox 410 3693 679 3756; x_wconf 64' lang='lat' dir='ltr'><strong>Papirius]</strong></span> <span class='ocrx_word' id='word_1_333' title='bbox 717 3692 871 3741; x_wconf 83' lang='lat' dir='ltr'><strong>Hune</strong></span> <span class='ocrx_word' id='word_1_334' title='bbox 898 3690 947 3740; x_wconf 87' lang='lat' dir='ltr'><strong>in</strong></span> <span class='ocrx_word' id='word_1_335' title='bbox 978 3690 1195 3740; x_wconf 79' lang='lat' dir='ltr'><strong>sacerdo-</strong></span> <span class='ocrx_word' id='word_1_336' title='bbox 1262 3689 1471 3740; x_wconf 80' lang='lat' dir='ltr'><strong>Codices</strong></span> <span class='ocrx_word' id='word_1_337' title='bbox 1505 3690 1774 3752; x_wconf 67' lang='lat' dir='ltr'><strong>concipere,</strong></span> <span class='ocrx_word' id='word_1_338' title='bbox 1807 3688 1894 3737; x_wconf 77' lang='lat' dir='ltr'><strong>sed</strong></span> <span class='ocrx_word' id='word_1_339' title='bbox 1931 3689 2182 3751; x_wconf 69' lang='lat' dir='ltr'><strong>consipere</strong></span> <span class='ocrx_word' id='word_1_340' title='bbox 2218 3702 2281 3743; x_wconf 76' lang='lat' dir='ltr'><strong>ex</strong></span> 
     </span>
     <span class='ocr_line' id='line_1_40' title="bbox 168 3751 2280 3818; baseline -0.004 -9"><span class='ocrx_word' id='word_1_341' title='bbox 168 3767 287 3809; x_wconf 83' lang='lat' dir='ltr'><strong>tum</strong></span> <span class='ocrx_word' id='word_1_342' title='bbox 320 3772 527 3807; x_wconf 83' lang='lat' dir='ltr'><strong>numero</strong></span> <span class='ocrx_word' id='word_1_343' title='bbox 555 3756 701 3805; x_wconf 72' lang='lat' dir='ltr'><strong>fuisse</strong></span> <span class='ocrx_word' id='word_1_344' title='bbox 734 3761 879 3818; x_wconf 84' lang='lat' dir='ltr'><strong>putat</strong></span> <span class='ocrx_word' id='word_1_345' title='bbox 906 3756 1111 3804; x_wconf 86' lang='lat' dir='ltr'><strong>Niebhr.</strong></span> <span class='ocrx_word' id='word_1_346' title='bbox 1146 3755 1195 3803; x_wconf 89' lang='lat' dir='ltr'><strong>ii.</strong></span> <span class='ocrx_word' id='word_1_347' title='bbox 1261 3753 1606 3803; x_wconf 78' lang='lat' dir='ltr'><strong>emendatione</strong></span> <span class='ocrx_word' id='word_1_348' title='bbox 1651 3751 1808 3814; x_wconf 74' lang='lat' dir='ltr'><strong>Lipsii</strong></span> <span class='ocrx_word' id='word_1_349' title='bbox 1853 3752 2009 3802; x_wconf 84' lang='lat' dir='ltr'><strong>Drak.</strong></span> <span class='ocrx_word' id='word_1_350' title='bbox 2047 3758 2099 3801; x_wconf 81' lang='lat' dir='ltr'><strong>et</strong></span> <span class='ocrx_word' id='word_1_351' title='bbox 2136 3752 2280 3801; x_wconf 82' lang='lat' dir='ltr'><strong>Crev.</strong></span> 
     </span>
     <span class='ocr_line' id='line_1_41' title="bbox 168 3816 2281 3883; baseline -0.004 -11"><span class='ocrx_word' id='word_1_352' title='bbox 168 3840 226 3873; x_wconf 87' lang='lat' dir='ltr'><strong>n.</strong></span> <span class='ocrx_word' id='word_1_353' title='bbox 250 3834 392 3883; x_wconf 80' lang='lat'><strong>¹²05·</strong></span> <span class='ocrx_word' id='word_1_354' title='bbox 410 3826 467 3869; x_wconf 85' lang='lat' dir='ltr'><strong>ut</strong></span> <span class='ocrx_word' id='word_1_355' title='bbox 482 3820 622 3869; x_wconf 81' lang='lat' dir='ltr'><strong>cuius</strong></span> <span class='ocrx_word' id='word_1_356' title='bbox 638 3834 817 3868; x_wconf 86' lang='lat' dir='ltr'><strong>nomen</strong></span> <span class='ocrx_word' id='word_1_357' title='bbox 835 3819 885 3868; x_wconf 90' lang='lat' dir='ltr'><strong>in</strong></span> <span class='ocrx_word' id='word_1_358' title='bbox 904 3820 1033 3868; x_wconf 80' lang='lat' dir='ltr'><strong>Fast.</strong></span> <span class='ocrx_word' id='word_1_359' title='bbox 1048 3819 1196 3868; x_wconf 80' lang='lat' dir='ltr'><strong>Cous.</strong></span> <span class='ocrx_word' id='word_1_360' title='bbox 1262 3823 1602 3879; x_wconf 81' lang='lat' dir='ltr'><strong>reposuerunt,</strong></span> <span class='ocrx_word' id='word_1_361' title='bbox 1619 3823 1670 3866; x_wconf 84' lang='lat' dir='ltr'><strong>et</strong></span> <span class='ocrx_word' id='word_1_362' title='bbox 1688 3816 1902 3865; x_wconf 85' lang='lat' dir='ltr'><strong>Bekker.</strong></span> <span class='ocrx_word' id='word_1_363' title='bbox 1917 3816 2133 3866; x_wconf 86' lang='lat' dir='ltr'><strong>retinuit.</strong></span> <span class='ocrx_word' id='word_1_364' title='bbox 2185 3816 2281 3865; x_wconf 80' lang='lat' dir='ltr'><strong>Mi-</strong></span> 
     </span>
     <span class='ocr_line' id='line_1_42' title="bbox 166 3880 2283 3947; baseline -0.003 -13"><span class='ocrx_word' id='word_1_365' title='bbox 166 3900 422 3947; x_wconf 80' lang='lat' dir='ltr'><strong>nusquam</strong></span> <span class='ocrx_word' id='word_1_366' title='bbox 446 3882 669 3933; x_wconf 78' lang='lat' dir='ltr'><strong>occurrit.</strong></span> <span class='ocrx_word' id='word_1_367' title='bbox 1262 3881 1315 3929; x_wconf 84' lang='lat' dir='ltr'><strong>hi</strong></span> <span class='ocrx_word' id='word_1_368' title='bbox 1332 3882 1532 3943; x_wconf 89' lang='lat' dir='ltr'><strong>quidem</strong></span> <span class='ocrx_word' id='word_1_369' title='bbox 1549 3881 1702 3943; x_wconf 81' lang='lat' dir='ltr'><strong>magis</strong></span> <span class='ocrx_word' id='word_1_370' title='bbox 1717 3880 1899 3929; x_wconf 86' lang='lat' dir='ltr'><strong>arridet</strong></span> <span class='ocrx_word' id='word_1_371' title='bbox 1915 3882 2179 3943; x_wconf 68' lang='lat' dir='ltr'><strong>consipere,</strong></span> <span class='ocrx_word' id='word_1_372' title='bbox 2192 3880 2224 3929; x_wconf 88' lang='lat' dir='ltr'><strong>i.</strong></span> <span class='ocrx_word' id='word_1_373' title='bbox 2239 3895 2283 3927; x_wconf 92' lang='lat' dir='ltr'><strong>e.</strong></span> 
     </span>
    </p>

    <p class='ocr_par' dir='ltr' id='par_1_7' title="bbox 167 3944 2286 4203">
     <span class='ocr_line' id='line_1_43' title="bbox 245 3944 2286 4007; baseline -0.004 -9"><span class='ocrx_word' id='word_1_374' title='bbox 245 3965 279 3998; x_wconf 73' lang='grc' dir='ltr'><strong><em>ἰ</em></strong></span> <span class='ocrx_word' id='word_1_375' title='bbox 312 3950 539 4007; x_wconf 70' lang='lat' dir='ltr'><strong>Romani,</strong></span> <span class='ocrx_word' id='word_1_376' title='bbox 560 3964 621 3997; x_wconf 71' lang='lat' dir='ltr'><strong>ea·</strong></span> <span class='ocrx_word' id='word_1_377' title='bbox 643 3963 757 3997; x_wconf 77' lang='lat' dir='ltr'><strong>arce</strong></span> <span class='ocrx_word' id='word_1_378' title='bbox 828 3962 973 3997; x_wconf 75' lang='lat' dir='ltr'><strong>enam</strong></span> <span class='ocrx_word' id='word_1_379' title='bbox 994 3946 1199 3995; x_wconf 72' lang='lat' dir='ltr'><strong>hostium</strong></span> <span class='ocrx_word' id='word_1_380' title='bbox 1266 3960 1364 3993; x_wconf 91' lang='lat' dir='ltr'><strong>non</strong></span> <span class='ocrx_word' id='word_1_381' title='bbox 1408 3946 1568 3993; x_wconf 83' lang='lat' dir='ltr'><strong>solum</strong></span> <span class='ocrx_word' id='word_1_382' title='bbox 1613 3944 1852 3993; x_wconf 85' lang='lat' dir='ltr'><strong>mentium</strong></span> <span class='ocrx_word' id='word_1_383' title='bbox 1892 3950 2144 4006; x_wconf 77' lang='lat' dir='ltr'><strong>compotes</strong></span> <span class='ocrx_word' id='word_1_384' title='bbox 2183 3958 2286 3991; x_wconf 88' lang='lat' dir='ltr'><strong>non</strong></span> 
     </span>
     <span class='ocr_line' id='line_1_44' title="bbox 167 4007 2282 4072; baseline -0.004 -9"><span class='ocrx_word' id='word_1_385' title='bbox 167 4015 349 4063; x_wconf 72' lang='lat' dir='ltr'><strong>urbm</strong></span> <span class='ocrx_word' id='word_1_386' title='bbox 374 4014 649 4072; x_wconf 68' lang='lat' dir='ltr'><strong>cernentes]</strong></span> <span class='ocrx_word' id='word_1_387' title='bbox 688 4012 749 4059; x_wconf 82' lang='lat' dir='ltr'><strong>cf.</strong></span> <span class='ocrx_word' id='word_1_388' title='bbox 822 4010 1005 4057; x_wconf 75' lang='lat' dir='ltr'><strong>ximius</strong></span> <span class='ocrx_word' id='word_1_389' title='bbox 1023 4010 1112 4058; x_wconf 89' lang='lat' dir='ltr'><strong>ille</strong></span> <span class='ocrx_word' id='word_1_390' title='bbox 1132 4011 1200 4058; x_wconf 86' lang='lat' dir='ltr'><strong>lo-</strong></span> <span class='ocrx_word' id='word_1_391' title='bbox 1266 4024 1389 4069; x_wconf 81' lang='lat' dir='ltr'><strong>esse,</strong></span> <span class='ocrx_word' id='word_1_392' title='bbox 1410 4010 1495 4057; x_wconf 83' lang='lat' dir='ltr'><strong>sed</strong></span> <span class='ocrx_word' id='word_1_393' title='bbox 1526 4024 1590 4057; x_wconf 91' lang='lat' dir='ltr'><strong>ne</strong></span> <span class='ocrx_word' id='word_1_394' title='bbox 1615 4024 1756 4057; x_wconf 81' lang='lat' dir='ltr'><strong>aures</strong></span> <span class='ocrx_word' id='word_1_395' title='bbox 1777 4007 1976 4071; x_wconf 86' lang='lat' dir='ltr'><strong>quidem</strong></span> <span class='ocrx_word' id='word_1_396' title='bbox 1999 4014 2148 4067; x_wconf 81' lang='lat' dir='ltr'><strong>atque</strong></span> <span class='ocrx_word' id='word_1_397' title='bbox 2169 4022 2282 4054; x_wconf 86' lang='lat' dir='ltr'><strong>ocu·</strong></span> 
     </span>
     <span class='ocr_line' id='line_1_45' title="bbox 169 4068 2284 4135; baseline -0.005 -8"><span class='ocrx_word' id='word_1_398' title='bbox 169 4093 269 4127; x_wconf 85' lang='lat' dir='ltr'><strong>cus</strong></span> <span class='ocrx_word' id='word_1_399' title='bbox 302 4076 354 4124; x_wconf 88' lang='lat' dir='ltr'><strong>in</strong></span> <span class='ocrx_word' id='word_1_400' title='bbox 388 4075 490 4124; x_wconf 76' lang='lat' dir='ltr'><strong>vita</strong></span> <span class='ocrx_word' id='word_1_401' title='bbox 522 4076 799 4124; x_wconf 77' lang='lat' dir='ltr'><strong>Benvenut.</strong></span> <span class='ocrx_word' id='word_1_402' title='bbox 826 4072 1011 4124; x_wconf 83' lang='lat' dir='ltr'><strong>cellini</strong></span> <span class='ocrx_word' id='word_1_403' title='bbox 1041 4073 1073 4123; x_wconf 89' lang='lat' dir='ltr'><strong>i.</strong></span> <span class='ocrx_word' id='word_1_404' title='bbox 1108 4086 1149 4135; x_wconf 91' lang='lat'><strong>7.</strong></span> <span class='ocrx_word' id='word_1_405' title='bbox 1172 4088 1205 4121; x_wconf 86' lang='lat' dir='ltr'><strong>a</strong></span> <span class='ocrx_word' id='word_1_406' title='bbox 1267 4074 1341 4121; x_wconf 82' lang='lat' dir='ltr'><strong>los</strong></span> <span class='ocrx_word' id='word_1_407' title='bbox 1372 4072 1489 4121; x_wconf 83' lang='lat' dir='ltr'><strong>satis</strong></span> <span class='ocrx_word' id='word_1_408' title='bbox 1512 4072 1777 4131; x_wconf 84' lang='lat' dir='ltr'><strong>continere,</strong></span> <span class='ocrx_word' id='word_1_409' title='bbox 1798 4087 1864 4121; x_wconf 83' lang='lat' dir='ltr'><strong>sc.</strong></span> <span class='ocrx_word' id='word_1_410' title='bbox 1898 4072 1963 4119; x_wconf 82' lang='lat' dir='ltr'><strong>ad</strong></span> <span class='ocrx_word' id='word_1_411' title='bbox 1995 4070 2118 4118; x_wconf 81' lang='lat' dir='ltr'><strong>talia</strong></span> <span class='ocrx_word' id='word_1_412' title='bbox 2149 4068 2284 4117; x_wconf 84' lang='lat' dir='ltr'><strong>audi-</strong></span> 
     </span>
     <span class='ocr_line' id='line_1_46' title="bbox 168 4136 1718 4203; baseline -0.005 -13"><span class='ocrx_word' id='word_1_413' title='bbox 168 4140 345 4203; x_wconf 71' lang='lat' dir='ltr'><strong>seipoo</strong></span> <span class='ocrx_word' id='word_1_414' title='bbox 368 4139 545 4188; x_wconf 76' lang='lat' dir='ltr'><strong>Italico</strong></span> <span class='ocrx_word' id='word_1_415' title='bbox 571 4138 767 4201; x_wconf 82' lang='lat' dir='ltr'><strong>scripta,</strong></span> <span class='ocrx_word' id='word_1_416' title='bbox 788 4138 873 4186; x_wconf 85' lang='lat' dir='ltr'><strong>ubi</strong></span> <span class='ocrx_word' id='word_1_417' title='bbox 906 4152 968 4185; x_wconf 82' lang='lat' dir='ltr'><strong>ex</strong></span> <span class='ocrx_word' id='word_1_418' title='bbox 1001 4138 1204 4185; x_wconf 73' lang='lat' dir='ltr'><strong>castello</strong></span> <span class='ocrx_word' id='word_1_419' title='bbox 1268 4138 1399 4185; x_wconf 81' lang='lat' dir='ltr'><strong>enda</strong></span> <span class='ocrx_word' id='word_1_420' title='bbox 1420 4142 1471 4184; x_wconf 86' lang='lat' dir='ltr'><strong>et</strong></span> <span class='ocrx_word' id='word_1_421' title='bbox 1494 4136 1718 4184; x_wconf 80' lang='lat' dir='ltr'><strong>videnda.</strong></span> 
     </span>
    </p>
   </div>
   <div class='ocr_carea' id='block_1_6' title="bbox 170 4196 2288 4395">
    <p class='ocr_par' dir='ltr' id='par_1_8' title="bbox 170 4196 2288 4395">
     <span class='ocr_line' id='line_1_47' title="bbox 170 4196 2288 4265; baseline -0.005 -11"><span class='ocrx_word' id='word_1_422' title='bbox 170 4207 231 4255; x_wconf 87' lang='lat' dir='ltr'><strong>S.</strong></span> <span class='ocrx_word' id='word_1_423' title='bbox 256 4202 437 4265; x_wconf 72' lang='lat' dir='ltr'><strong>Angeli</strong></span> <span class='ocrx_word' id='word_1_424' title='bbox 464 4202 696 4251; x_wconf 79' lang='lat' dir='ltr'><strong>victorem</strong></span> <span class='ocrx_word' id='word_1_425' title='bbox 729 4202 989 4251; x_wconf 85' lang='lat' dir='ltr'><strong>Gallorum</strong></span> <span class='ocrx_word' id='word_1_426' title='bbox 1022 4200 1205 4249; x_wconf 82' lang='lat' dir='ltr'><strong>exerci-</strong></span> <span class='ocrx_word' id='word_1_427' title='bbox 1342 4216 1375 4261; x_wconf 86' lang='lat'>4</span> <span class='ocrx_word' id='word_1_428' title='bbox 1412 4201 1739 4258; x_wconf 69' lang='lat' dir='ltr'><strong>Advertimt]</strong></span> <span class='ocrx_word' id='word_1_429' title='bbox 1798 4198 1883 4247; x_wconf 77' lang='lat' dir='ltr'><strong>Ita</strong></span> <span class='ocrx_word' id='word_1_430' title='bbox 1913 4211 2002 4258; x_wconf 85' lang='lat' dir='ltr'><strong>pro</strong></span> <span class='ocrx_word' id='word_1_431' title='bbox 2036 4196 2288 4244; x_wconf 71' lang='lat' dir='ltr'><strong>avertisset</strong></span> 
     </span>
     <span class='ocr_line' id='line_1_48' title="bbox 170 4258 2287 4329; baseline -0.005 -11"><span class='ocrx_word' id='word_1_432' title='bbox 170 4277 291 4319; x_wconf 85' lang='lat' dir='ltr'><strong>tum</strong></span> <span class='ocrx_word' id='word_1_433' title='bbox 335 4282 425 4329; x_wconf 83' lang='lat' dir='ltr'><strong>per</strong></span> <span class='ocrx_word' id='word_1_434' title='bbox 462 4267 677 4315; x_wconf 82' lang='lat' dir='ltr'><strong>Romam</strong></span> <span class='ocrx_word' id='word_1_435' title='bbox 714 4270 1012 4329; x_wconf 79' lang='lat' dir='ltr'><strong>grassantem</strong></span> <span class='ocrx_word' id='word_1_436' title='bbox 1052 4264 1206 4313; x_wconf 81' lang='lat' dir='ltr'><strong>oculis</strong></span> <span class='ocrx_word' id='word_1_437' title='bbox 1270 4278 1333 4313; x_wconf 84' lang='lat' dir='ltr'><strong>ex</strong></span> <span class='ocrx_word' id='word_1_438' title='bbox 1361 4264 1555 4311; x_wconf 88' lang='lat' dir='ltr'><strong>emend.</strong></span> <span class='ocrx_word' id='word_1_439' title='bbox 1580 4263 1795 4310; x_wconf 82' lang='lat' dir='ltr'><strong>Gronov.</strong></span> <span class='ocrx_word' id='word_1_440' title='bbox 1827 4260 2042 4322; x_wconf 81' lang='lat' dir='ltr'><strong>reposuit</strong></span> <span class='ocrx_word' id='word_1_441' title='bbox 2073 4258 2287 4307; x_wconf 83' lang='lat' dir='ltr'><strong>Bekker.</strong></span> 
     </span>
     <span class='ocr_line' id='line_1_49' title="bbox 172 4322 2288 4395; baseline -0.004 -15"><span class='ocrx_word' id='word_1_442' title='bbox 172 4332 451 4395; x_wconf 81' lang='lat' dir='ltr'><strong>perlustrat</strong></span> <span class='ocrx_word' id='word_1_443' title='bbox 472 4329 709 4380; x_wconf 83' lang='lat' dir='ltr'><strong>Cellinus.</strong></span> <span class='ocrx_word' id='word_1_444' title='bbox 1272 4328 1473 4387; x_wconf 84' lang='lat' dir='ltr'><strong>Nempe</strong></span> <span class='ocrx_word' id='word_1_445' title='bbox 1489 4328 1660 4374; x_wconf 84' lang='lat' dir='ltr'><strong>oculos</strong></span> <span class='ocrx_word' id='word_1_446' title='bbox 1679 4330 1730 4373; x_wconf 87' lang='lat' dir='ltr'><strong>et</strong></span> <span class='ocrx_word' id='word_1_447' title='bbox 1751 4330 1966 4372; x_wconf 87' lang='lat' dir='ltr'><strong>mentem</strong></span> <span class='ocrx_word' id='word_1_448' title='bbox 1989 4322 2288 4371; x_wconf 80' lang='lat' dir='ltr'><strong>advocasset.</strong></span> 
     </span>
    </p>
   </div>
   <div class='ocr_carea' id='block_1_7' title="bbox 249 4392 1202 4456">
    <p class='ocr_par' dir='ltr' id='par_1_9' title="bbox 249 4392 1202 4456">
     <span class='ocr_line' id='line_1_50' title="bbox 249 4392 1202 4456; baseline -0.004 -13"><span class='ocrx_word' id='word_1_449' title='bbox 249 4410 279 4456; x_wconf 81' lang='lat'><strong>3</strong></span> <span class='ocrx_word' id='word_1_450' title='bbox 314 4396 433 4443; x_wconf 78' lang='lat' dir='ltr'><strong>Non</strong></span> <span class='ocrx_word' id='word_1_451' title='bbox 465 4396 707 4443; x_wconf 62' lang='lat' dir='ltr'><strong>mentibus</strong></span> <span class='ocrx_word' id='word_1_452' title='bbox 739 4394 893 4442; x_wconf 70' lang='lat' dir='ltr'><strong>solum</strong></span> <span class='ocrx_word' id='word_1_453' title='bbox 927 4392 1202 4455; x_wconf 74' lang='lat' dir='ltr'><strong>concipere]</strong></span> 
     </span>
    </p>
   </div>
  </div>
 </body>
</html>
