3000 4784
807 218 998 285 LIB.
1045 218 1200 285 VII.-
1273 218 1496 295 CAR.
1552 225 1649 285 11.
2136 224 2269 288 409

101 354 194 419 ad
259 354 666 443 propiorem
723 354 920 421 habili
1021 378 1276 443 ugnam.
1369 356 1710 421 Armatum
1760 354 2267 444 adornatumque
2287 374 2355 429 U,
2378 378 2437 429 c.
2464 390 2575 443 39⁴·

101 441 457 506 adversus
515 440 773 507 Gallum
820 441 962 507 stoli
1011 466 1046 506 e
1097 442 1357 520 laetum,
1405 454 1472 507 et
1516 442 1851 529 (quoniam
1894 442 1965 507 id
2008 466 2267 531 quoque
2285 443 2347 493 A.
2379 442 2439 494 0·
2464 442 2578 507 353·

105 529 474 593 memoria
525 528 792 615 dignum
845 527 1124 615 antiquis
1171 529 1375 593 visum
1427 528 1555 615 est)
1604 528 1888 629 linguam
1944 530 2139 595 etiam
2188 530 2269 595 ab

103 614 320 678 irrisu
373 628 814 691 exserentem,
847 615 1225 701 producunt.
1321 615 1673 703 Recipiunt
1714 616 1865 681 inde
1912 638 1979 681 se
2021 616 2106 680 ad
2144 629 2271 681 sta-

79 702 392 767 ttionem
423 724 444 764 ε
504 714 572 765 et
613 701 744 765 duo
786 702 857 766 in
901 700 1114 767 medio
1157 702 1398 779 armati,
1443 702 1785 789 spectaculi
1832 703 2031 789 magis
2074 724 2270 781 more,

111 810 332 873 quam
383 787 546 874 lege
592 788 762 865 belli,
811 788 1263 864 destituuntur,
1307 810 1711 889 nequaquam
1758 790 1899 853 visu
1940 812 2015 853 ac
2058 790 2269 875 specie

113 873 646 939 aestimantibus
684 896 883 961 pares.
981 871 1232 961 Corpus
1261 874 1440 939 alten
1471 876 1908 961 magnitudine
1938 875 2267 956 eximium,

115 959 530 1025 versicolori
558 974 730 1025 veste
765 960 1080 1047 pictisque
1109 973 1174 1025 et
1215 982 1368 1025 auro
1407 960 1661 1025 caelatis
1690 962 2009 1050 refulgens
2036 964 2263 1027 armis:

117 1046 360 1111 media
409 1048 494 1110 in
538 1047 736 1111 altero
781 1047 1069 1111 militaris
1113 1059 1366 1123 statura,
1398 1046 1649 1111 modica
1695 1071 1775 1112 ue
1815 1047 1883 1111 in
1924 1048 2113 1113 armis
2151 1048 2273 1113 ha·-

121 1133 386 1198 bilibus
457 1134 660 1219 magis
717 1155 910 1219 quam
969 1133 1214 1197 decoris
1269 1133 1527 1220 species·
1692 1156 1777 1198 on
1835 1148 2076 1211 cantuS,
2135 1158 2270 1199 non

123 1220 510 1283 exsultatio
538 1242 982 1307 armorumque
1013 1220 1270 1307 agitatio
1298 1240 1479 1295 vana,
1505 1218 1617 1283 sed
1645 1233 1887 1305 pectus,
1912 1221 2269 1285 animorum

125 1304 420 1392 iraeque
490 1306 714 1370 tacitae
773 1306 1055 1393 plenum,
1116 1327 1371 1370 omnem
1429 1306 1727 1369 ferociam
1801 1306 1869 1369 in
1928 1306 2269 1371 discrimen

127 1390 362 1478 ipsum
435 1391 801 1457 certaminis
857 1392 1202 1457 distulerat.
1313 1390 1448 1456 Ubi
1497 1392 1837 1457 constitere
1888 1392 2057 1457 inter
2110 1393 2271 1457 duas

133 1478 336 1556 acies,
365 1491 480 1543 tot
508 1479 674 1543 circa
702 1477 1060 1544 mortalium
1090 1478 1316 1543 animis
1345 1500 1456 1565 spe
1486 1492 1791 1579 metuque
1820 1477 2269 1566 pendentibus,

137 1562 413 1643 Gallus,
439 1564 620 1630 velut
648 1565 846 1630 moles
875 1586 1146 1652 superne
1175 1565 1536 1643 imminens,
1560 1578 1841 1652 proiecto
1864 1565 2041 1631 laeva
2070 1578 2269 1643 sente,

95 1676 120 1708 2
139 1650 208 1714 in
273 1651 698 1717 advenientis
754 1674 930 1716 arma
981 1651 1178 1715 hostis
1235 1673 1469 1716 vanum
1529 1651 1759 1716 caesim
1818 1676 1966 1717 cum
2024 1652 2271 1741 ingenti

95 1760 122 1807 3
139 1738 374 1803 sonitu
407 1760 634 1803 ensem
663 1738 914 1803 deiecit.
1006 1737 1356 1815 Romanus,
1387 1760 1691 1803 mucrone
1726 1740 2035 1817 subrecto,
2069 1762 2269 1826 quum

101 1838 336 1891 4scuto
393 1837 653 1891 scutum
699 1824 901 1889 imum
947 1824 1334 1912 perculisset,
1383 1836 1645 1912 totoque
1698 1848 1957 1913 corpore
2010 1826 2272 1891 interior

143 1911 456 1995 periculo
514 1910 792 1976 vulneris
849 1911 1069 1989 factus,
1123 1910 1504 1976 insinuasset
1550 1934 1619 1976 se
1672 1912 1838 1977 inter
1887 1934 2117 2013 corpus
2172 1936 2273 1979 ar-

105 2016 132 2063 5
148 2018 422 2083 maque,
455 2020 587 2063 uno
626 1999 952 2098 alteroque
993 1997 1262 2062 subinde
1303 1998 1436 2061 ictu
1463 2010 1749 2063 ventrem
1781 2011 1971 2085 atque
2007 1999 2273 2086 inguina

151 2081 395 2161 hausit,
461 2096 528 2148 et
575 2085 646 2147 in
701 2096 977 2171 spatlum
1035 2084 1260 2171 ingens
1316 2097 1609 2147 ruentem
1665 2086 1947 2170 porrexit
2000 2084 2267 2150 hostem.

153 2166 450 2235 Iacentis
478 2170 628 2235 inde
659 2192 904 2258 corpus,
937 2171 1016 2235 ab
1045 2170 1220 2234 omni
1256 2169 1380 2233 alia
1406 2170 1741 2233 vexatione
1778 2171 2107 2247 intactum,
2138 2192 2271 2235 uno

161 2268 396 2342 torque
429 2256 758 2344 spoliavit:
803 2278 996 2344 quem
1025 2278 1378 2344 respersum
1409 2278 1633 2319 cruore
1662 2254 1825 2320 collo
1854 2256 2273 2321 circumdedit

157 2362 293 2406 ειιο.
393 2342 734 2408 Deflxerat
775 2366 968 2430 pavor
1005 2366 1152 2407 cum
1190 2342 1607 2407 admiratione
1643 2340 1881 2407 Gallos.
1974 2342 2273 2422 Romani,

166 2427 406 2495 alacres
445 2431 525 2495 ab
555 2431 822 2494 statione
854 2429 1105 2494 obviam
1143 2428 1330 2493 militi
1371 2450 1486 2492 suo
1525 2429 1857 2515 progressi,
1888 2429 2275 2516 gratulantes

122 2516 150 2566 6
164 2511 632 2604 laudantesque
680 2517 762 2581 ad
807 2515 1180 2581 dictatorem
1225 2514 1604 2601 perducunt.
1696 2514 1875 2579 lnter
1920 2514 2275 2579 carminum

165 2620 366 2749 {rope
430 2602 697 2667 modum
753 2602 1081 2667 incondita
1131 2600 1444 2688 quaedam
1504 2601 1857 2665 militariter
1904 2600 2271 2681 ioculantes,

231 2690 492 2776 orquati
529 2711 884 2776 cognomen
929 2688 1258 2763 auditum3
1306 2686 1692 2752 celebratum
1731 2687 1965 2752 deinde
2008 2688 2276 2775 posteris

173 2773 364 2839 etiam
405 2775 808 2861 familiaeque
847 2774 1076 2839 honori
1103 2774 1244 2838 fuit.
1335 2773 1632 2839 Dictator
1678 2796 1976 2839 coronam
2018 2796 2275 2839 auream

175 2858 426 3010 &ldidit
465 2862 730 3011 ponam,
775 2861 1077 2948 mirisque
1121 2882 1238 2947 pro
1279 2861 1587 2926 concione
1632 2882 1773 2926 eam
1816 2882 2099 2949 pugnam
2140 2860 2277 2927 lau·

285 2970 361 3012 us
391 2961 464 3013 tu
491 2949 558 3013 it.

267 3032 376 3111 Et,
419 3033 700 3112 hercule,
733 3035 894 3099 tanti
923 3058 1002 3099 ea
1029 3034 1112 3098 ad
1142 3034 1418 3099 universi
1456 3033 1605 3099 belli
1635 3048 1935 3099 eventum
1966 3036 2275 3101 momenti
2402 3040 2501 3101 11.

179 3115 504 3186 dimicatio
532 3121 673 3199 fuit,
705 3134 780 3186 ut
811 3119 1144 3186 Gallorum
1173 3121 1488 3185 exercitus
1508 3121 1799 3207 proxima
1814 3134 2021 3205 nocte,
2042 3122 2275 3186 relictis
2293 3122 2432 3172 Gaui
2452 3122 2507 3173 in

185 3215 275 3269 tre
319 3208 428 3274 ide
471 3209 706 3284 castris,
751 3208 822 3271 in
866 3208 1203 3272 Tiburtem
1248 3228 1488 3293 agrum,
1536 3221 1600 3270 at
1647 3228 1727 3269 ue
1766 3206 1938 3283 inde,
1976 3208 2273 3271 societate
2290 3188 2603 3301 nciffipgam-

183 3290 324 3356 bel·
371 3296 558 3371 facta,
604 3306 1089 3381 commeatuque
1133 3293 1410 3379 benigne
1455 3293 1535 3355 ab
1642 3292 1955 3356 iburtibus
1998 3292 2273 3371 adiutus,
2290 3319 2427 3367 eunt.

187 3398 332 3445 mox
360 3382 433 3446 in
467 3379 884 3467 Campaniam
917 3379 1248 3444 transierit.
1340 3376 1438 3442 Ea
1462 3376 1586 3442 fuit
1614 3399 1820 3454 causa,
1844 3398 1961 3442 cur
1986 3378 2277 3465 proximo

255 3602 276 3637 1
310 3592 585 3654 Specta-uli
608 3628 620 3641 .
640 3626 652 3640 .
669 3627 682 3639 .
705 3592 860 3651 more]
900 3588 1096 3639 Alludit
1116 3588 1196 3638 Li·
1328 3605 1359 3649 4
1390 3589 1607 3638 Interior
1644 3588 1889 3650 periculo]
1942 3588 2083 3637 Intra
2121 3585 2278 3637 ictum

195 3648 292 3701 vius
311 3657 374 3705 ad
398 3654 720 3717 gladiatorum
744 3670 946 3717 pugnas.
982 3655 1143 3704 Cnsv,
1261 3650 1414 3714 gladii
1446 3652 1477 3700 i.
1514 3666 1556 3700 e.
1594 3651 1817 3714 proprior
1852 3650 1997 3710 hosti,
2034 3666 2183 3713 quam
2220 3658 2279 3701 ut

255 3730 280 3763 α
315 3720 530 3781 Caesim]
573 3718 738 3767 Gallis
767 3718 918 3779 gladii
950 3716 1200 3793 praelongi
1262 3716 1426 3779 gladio
1461 3714 1582 3777 eius,
1616 3714 1699 3777 qui
1738 3715 2029 3780 praelongas
2064 3722 2185 3775 erat,
2217 3732 2279 3767 ac

197 3788 340 3841 erant,
367 3798 429 3831 ac
461 3782 564 3831 sine
595 3783 939 3831 mucronibus:
974 3786 1098 3830 teste
1120 3782 1200 3829 Li-
1265 3780 1444 3828 caesim
1467 3785 1661 3828 tantum
1686 3778 1905 3839 feriebat,
1928 3786 2091 3843 posset
2112 3780 2279 3829 sailne-

199 3840 287 3903 vio,
305 3846 425 3895 xxii.
446 3845 525 3906 46.
593 3847 772 3907 Itaque
793 3845 974 3894 caesim
1007 3850 1200 3893 tantum
1263 3845 1373 3893 rari.
1409 3845 1571 3894 Cnsv,

197 3903 328 3957 ferire
348 3916 576 3973 poterant
593 3910 801 3958 hostem.
826 3910 986 3959 Casv,
1027 3909 1087 3956 d.
1107 3909 1199 3957 Po-
1331 3920 1358 3970 5
1395 3910 1619 3971 [mina
1654 3908 1845 3969 hausit]
1906 3907 2111 3957 Poetiea
2152 3907 2278 3956 haec

199 3966 291 4041 lyb.
311 3973 359 4023 ii.
385 3988 460 4035 30.
487 3988 566 4036 3⁴2,
585 3970 854 4035 καταφοράν
879 3970 1012 4033 ἔχειν
1039 3970 1200 4031 μόνον,
1265 3971 1464 4031 locutio,
1493 3988 1641 4033 quam
1681 3987 1744 4021 ex
1780 3972 1934 4021 verbis
1964 3971 2164 4022 Claudii
2194 3985 2277 4032 ap.

201 4032 264 4082 ni.
290 4050 390 4099 ¹¹4-
1265 4036 1326 4084 A.
1350 4036 1484 4084 Gall.
1508 4036 1573 4085 ix.
1605 4049 1677 4096 13.
1700 4042 1863 4084 noster
1884 4033 2167 4095 desumpsit.

261 4110 286 4157 3
315 4104 476 4161 Quum
494 4108 628 4150 εσυέο
648 4108 840 4150 scutum
859 4103 1008 4149 imum
1025 4116 1200 4161 peron-
1327 4098 1360 4148 6
1379 4102 1523 4149 Inter
1537 4101 1835 4159 concinam]
1854 4096 2279 4147 commotionem

204 4158 344 4224 lineet]
383 4166 460 4215 Ut
481 4166 542 4213 de
567 4166 720 4227 gradu
741 4164 932 4212 hostem
955 4163 1201 4222 deiiceret,
1263 4162 1438 4211 horum
1455 4166 1710 4211 verborum
1734 4168 1865 4210 recte
1881 4160 2047 4207 docuit
2064 4159 2279 4207 Gronov.

205 4228 266 4283 et,
283 4230 528 4278 occasione
549 4230 668 4278 data
687 4244 750 4277 ex
776 4228 962 4277 incerto
983 4234 1034 4275 et
1057 4226 1200 4275 vacil-
1270 4229 1500 4289 Torquati
1526 4242 1785 4289 coynomen
1810 4226 2035 4273 auditum
2054 4224 2187 4271 inter
2212 4224 2280 4271 ⁸¹⁰-

206 4284 314 4338 lauti
325 4293 438 4342 eins
463 4298 622 4353 motu,
642 4308 748 4341 sese
769 4297 932 4354 ponet
951 4292 1080 4339 inter
1101 4306 1202 4339 cor-
1265 4292 1488 4340 calantes
1528 4292 1810 4339 militariter
1844 4288 2094 4337 {madito
2135 4302 2281 4350 quao-

209 4362 290 4411 Pus
307 4357 406 4407 eius
424 4372 658 4419 annaque
679 4356 942 4409 insinuare.
975 4356 1136 4409 (ἔην.
1267 4355 1378 4404 dam
1395 4369 1553 4417 prope
1572 4355 1845 4403 carminum
1866 4352 2071 4403 modum
