3000 4784
362 370 431 419 U.

360 434 422 485 A.

455 370 515 419 C.

456 434 516 484 C.

686 226 815 286 458
1456 216 1684 283 ΤΙΤΙ
1736 215 2014 282 LIVII

537 384 594 430 41
604 380 649 431 5.
688 352 1083 442 stipendiarii
1124 353 1276 417 facti
1318 365 1487 429 sunt,
1533 365 1716 416 scuta
1756 374 1874 439 pro
1917 351 2140 439 clipeis
2181 352 2426 415 fecere:
2484 364 2578 427 et,
2627 348 2826 437 quodx

539 444 651 496 337·
690 454 879 505 antea
916 439 1263 527 phalanges
1298 438 1537 503 similes
1577 437 2034 515 Macedonicis,
2072 438 2196 503 hoc
2237 450 2458 524 postea
2499 438 2832 523 maruipu-2

689 526 868 590 latim
898 537 1138 589 structa
1164 524 1331 589 acies
1358 524 1574 610 coepit
1601 546 1758 589 esse.
1834 523 2170 589 Postremo
2199 523 2266 588 in
2294 523 2511 609 plures
2539 521 2802 585 ordines

689 612 1180 676 instruebantur.
1274 610 1455 676 Ordo
1494 632 1846 697 sexagenos
1883 610 2138 687 milites»,
2169 609 2330 673 duos
2367 608 2800 683 centuriones,
2815 626 2840 673 ³

688 696 1090 763 vexillarium
1146 718 1349 760 unum
1406 695 1698 761 habebat.
1807 695 2028 759 Prima
2083 696 2251 760 acies
2307 695 2537 759 hastati
2597 706 2802 769 erant,
2817 716 2842 753 4

690 782 1003 870 manipuli
1032 781 1421 869 quindecim,
1452 781 1762 846 distantes
1799 782 1969 847 inter
2007 804 2076 845 se
2115 780 2438 846 modicum
2477 780 2802 867 spatium:

692 870 866 934 mani
912 868 1053 933 ulus
1087 868 1257 933 leves
1301 868 1559 932 vicenos
1593 868 1846 945 milites,
1889 867 2078 932 aliam
2119 868 2371 931 turbam
2403 879 2804 931 scutatorum
2819 878 2842 925 s

692 956 855 1021 habe
941 968 982 1019 t.
1075 954 1283 1019 Leves
1310 966 1546 1030 autem,
1577 954 1689 1040 qui
1719 954 1963 1018 hastam
1995 966 2243 1017 tantum
2271 974 2588 1040 gaesaque
2621 960 2848 1051 gere-6

690 1057 854 1119 rent,
885 1042 1287 1107 vocabantur.
1380 1038 1566 1103 Haec
1607 1040 1816 1138 prima
1851 1040 2026 1103 frons
2067 1039 2138 1103 in
2181 1039 2317 1103 acie
2355 1039 2582 1102 florem
2625 1060 2809 1101 iuve-
2823 1038 2863 1137 ξ·

694 1150 851 1192 num
890 1127 1375 1214 pubescentium
1414 1125 1499 1189 ad
1537 1125 1830 1189 militiam
1873 1124 2162 1190 habebat.
2257 1124 2614 1188 Robustior
2651 1122 2810 1186 inde

696 1228 867 1279 aetas
896 1212 1161 1279 totidem
1190 1210 1678 1298 manipulorum,
1711 1212 1944 1297 quibus
1979 1210 2374 1298 principibus
2407 1222 2506 1274 est
2539 1231 2808 1284 nomen,

764 1470 784 1505 ι
808 1456 1160 1517 stipendiarii]
1182 1453 1550 1527 Stipendiart'us
1568 1452 1717 1514 vulgo

696 1520 781 1579 qui
818 1518 1119 1580 stipendium
1156 1516 1316 1565 solvit.
1397 1516 1502 1564 Hic
1546 1520 1717 1563 contra

695 1581 903 1629 sumitur
933 1596 1023 1643 pro
1052 1596 1111 1628 eo
1138 1580 1223 1641 qui
1256 1579 1556 1642 stipendium
1587 1578 1714 1627 acci-

698 1645 785 1706 pit.
820 1646 983 1693 Cur.
1050 1644 1153 1691 Hic
1185 1642 1385 1704 quidem
1411 1648 1583 1704 poster
1613 1642 1715 1691 bel-

698 1708 803 1755 lum
826 1714 995 1755 contra
1018 1707 1264 1757 Veientes.
1294 1722 1426 1771 supr.
1449 1706 1514 1755 iv.
1539 1720 1617 1770 59.
1643 1722 1714 1754 re-

700 1768 858 1831 spicit.

763 1847 790 1879 2
814 1832 979 1881 Antea
996 1833 1295 1894 phaloenqest]
1314 1834 1718 1897 AntiquimsRo—

696 1909 847 1943 mana
866 1894 997 1943 acies
1018 1910 1117 1942 una
1140 1895 1373 1944 continua
1392 1903 1515 1956 erat,
1537 1902 1596 1945 ut
1611 1898 1720 1945 Ma-

699 1959 942 2006 cedonum
974 1957 1063 2006 illa
1095 1959 1333 2020 phalanx,
1358 1974 1487 2021 quae
1514 1960 1619 2009 sine
1647 1960 1719 2009 in·

698 2022 917 2070 tervallis
950 2021 1213 2071 coniuncta
1233 2022 1400 2071 omnia
1420 2028 1471 2071 et
1492 2028 1628 2073 arcte
1648 2023 1718 2073 iu-

700 2092 777 2135 ter
820 2101 872 2134 se
926 2086 1154 2134 devincta
1210 2086 1441 2146 habebat,
1485 2088 1611 2136 adeo
1665 2092 1724 2136 ut

701 2150 927 2199 universo
960 2165 1050 2198 suo
1090 2151 1305 2212 pondere
1342 2151 1558 2199 maxime
1591 2152 1719 2200 vale-

702 2220 791 2264 ret.
872 2217 1051 2263 Postea
1093 2220 1263 2262 autem
1308 2215 1540 2264 Romana
1591 2214 1722 2263 acies

700 2280 1046 2339 manipulatim
1105 2282 1291 2326 structa
1349 2284 1471 2337 erat,
1533 2278 1719 2325 scilicet

704 2340 1000 2399 cohortibus,
1016 2347 1072 2388 ut
1088 2341 1181 2389 hac
1202 2356 1318 2389 voce
1338 2340 1389 2389 in
1412 2340 1616 2403 pristino
1631 2356 1720 2389 suo

702 2419 849 2453 sensu
882 2410 1009 2463 utar,
1039 2403 1091 2451 in
1126 2404 1407 2466 manipulos
1438 2404 1620 2465 divisis,
1651 2404 1723 2455 ita

702 2474 868 2517 tamen
885 2472 943 2515 ut
958 2468 1175 2529 singulae
1195 2469 1418 2516 cohortes
1438 2484 1592 2530 prope
1609 2484 1721 2516 con-

701 2532 837 2581 fertis
849 2531 1097 2580 ordinibus
1112 2536 1228 2580 ante
1244 2546 1332 2579 sua
1344 2547 1570 2593 quaeque
1586 2532 1723 2595 signa

702 2596 1067 2645 instruerentur.
1091 2595 1152 2644 cf.
1166 2595 1275 2644 infr.
1286 2610 1403 2644 xxx.
1421 2610 1496 2669 33.
1526 2597 1720 2645 Postre-

702 2676 778 2709 mo
808 2659 1051 2721 manipuli
1083 2658 1135 2705 in
1168 2658 1309 2707 binos
1338 2660 1532 2707 ordines
1563 2658 1719 2707 distri-

702 2724 809 2772 buti
826 2728 958 2782 sunt,
970 2729 1119 2784 atque
1134 2722 1205 2770 ita
1219 2722 1489 2771 intervallis
1500 2722 1719 2783 aliquan-

702 2792 809 2834 tum
828 2786 1038 2835 invicem
1054 2786 1266 2846 discreti,
1280 2794 1337 2834 ut
1352 2786 1606 2849 manipulo
1621 2786 1720 2834 cui-

702 2864 799 2909 que
842 2849 1049 2897 liberum
1092 2865 1144 2897 se
1186 2851 1415 2899 movendi
1466 2848 1718 2897 arbitrium

702 2918 843 2959 esset.
894 2912 947 2958 N
950 2912 1197 2959 iebuhrius
1212 2913 1421 2961 coniecit
1434 2913 1720 2963 camillum.

704 2974 765 3021 cf.
791 2974 925 3021 Plut.
952 2973 1003 3021 in
1026 2974 1167 3022 Cam.
1191 2990 1269 3036 40.
1303 2979 1546 3025 secundae
1578 2978 1722 3026 ratio-

704 3036 779 3084 nis
810 3036 967 3083 aciem
992 3037 1273 3085 Romanam
1305 3040 1526 3087 struendi
1554 3046 1721 3088 aucto-

704 3114 807 3149 rem
838 3099 1003 3149 fiiisse.
1070 3100 1253 3149 Nescio
1290 3116 1355 3149 an
1390 3102 1558 3164 Scipio
1595 3104 1721 3153 Afri-

704 3179 856 3213 canus
897 3166 1070 3214 tertiae
1112 3163 1314 3215 rationis
1354 3171 1528 3215 auctor
1559 3167 1722 3218 fuerit.

706 3228 767 3278 cf.
790 3228 900 3277 infr.
924 3244 1041 3277 xxx,
1068 3243 1144 3291 33.

779 3307 806 3355 3
848 3294 1003 3354 Ordo]
1065 3292 1271 3356 Quippe
1314 3296 1436 3344 duas
1478 3294 1724 3343 centurias

706 3357 1036 3419 unusquisque
1084 3357 1203 3406 ordo
1249 3358 1478 3418 habebat,
1521 3364 1573 3407 et
1611 3374 1720 3407 cen-

706 3418 835 3468 turia
856 3436 1079 3482 quaeque
1099 3420 1313 3485 singulos
1334 3438 1395 3471 ex
1418 3422 1457 3470 si
1584 3422 1620 3470 's
1640 3423 1721 3470 tri-

706 3484 865 3533 bubus
877 3484 1123 3545 milites,si
1136 3486 1185 3533 N
1189 3486 1411 3534 iebuhrio
1424 3487 1547 3533 fides
1559 3486 1724 3535 danda

708 3548 784 3597 sit.
820 3550 1053 3599 Ceterum
1065 3566 1329 3611 mayenne
1340 3552 1516 3599 milita
1529 3557 1576 3598 et
1588 3550 1724 3607 duos,

707 3614 1037 3663 centur-{mem
1067 3621 1115 3662 et
1148 3616 1459 3663 vexillarium
1479 3629 1634 3663 unum
1655 3614 1723 3661 le-

706 3675 920 3734 gendum
943 3676 1117 3725 suadet
1141 3677 1349 3739 Lipsius.

780 3754 809 3797 4
842 3739 1045 3786 Hastati
1082 3744 1253 3801 erant]
1315 3742 1397 3789 Ita
1434 3740 1553 3790 dicti
1593 3741 1724 3801 quod

707 3800 875 3847 basem
910 3802 1231 3863 phalanyieas
1266 3804 1560 3863 retinebant,
1595 3806 1725 3853 acies

710 3878 823 3912 vero
845 3862 943 3922 hic,
958 3862 1087 3911 idem
1104 3867 1233 3925 quod
1248 3867 1518 3929 antiquitus
1533 3870 1720 3917 cohors.-

710 3928 897 3989 quippe
939 3927 1033 3975 hoc
1075 3934 1297 3991 tempore
1340 3930 1467 3992 legio
1510 3932 1726 3992 quinque

710 3992 951 4051 cohortes,
964 3992 1134 4040 cohors
1150 3992 1429 4053 quindecim
1446 3996 1724 4055 manipulos

710 4056 941 4115 habebat,
962 4056 1047 4105 sed
1073 4072 1171 4118 quo
1202 4064 1424 4121 tempore
1456 4064 1621 4107 noster
1651 4058 1722 4105 hi-

706 4120 905 4169 storiam
949 4136 1086 4169 suam
1126 4121 1333 4185 scripsit,
1373 4124 1500 4185 legio
1550 4123 1720 4171 decem

708 4184 948 4245 cohortes,
970 4186 1141 4233 cohors
1172 4192 1269 4236 tres
1300 4188 1579 4249 manipulos
1607 4201 1718 4233 con-

706 4246 912 4307 tinebat,
943 4264 1096 4310 quum
1130 4259 1357 4313 quartam
1396 4250 1719 4299 mutationem

1780 1453 1840 1503 C.
1863 1451 2025 1501 Mario
2054 1456 2272 1510 auctore,
2292 1449 2424 1499 acies
2449 1450 2698 1499 Romana
2727 1464 2810 1499 ex-

1779 1522 1920 1577 perta
1941 1520 2094 1564 esset:
2131 1515 2344 1577 denique
2365 1514 2580 1576 Lipsius,
2601 1514 2698 1575 qui
2723 1529 2816 1575 pm

1776 1580 2068 1643 quib-dacin,
2083 1578 2362 1640 ubicunque
2377 1578 2606 1635 occurrit,
2633 1592 2816 1625 vocem

1777 1645 1956 1701 decem,
1976 1648 2028 1691 et
2059 1657 2148 1704 pro
2179 1645 2388 1705 trifinio
2419 1656 2586 1689 vocem
2623 1643 2816 1702 viginti

1779 1708 1992 1769 reponit,
2022 1722 2123 1754 non
2161 1705 2281 1755 vidit
2318 1720 2428 1753 eam
2463 1704 2678 1767 legionis
2717 1706 2816 1751 for-

1779 1786 1934 1829 mam,
1969 1785 2118 1831 quam
2161 1769 2268 1831 ipse
2309 1768 2524 1830 respicit,
2561 1782 2668 1815 non
2717 1768 2816 1815 nisi

1781 1839 1894 1895 post
1919 1833 2198 1895 Scipionem
2229 1832 2532 1891 Africanum,
2557 1830 2598 1878 si
2631 1838 2818 1879 audoi-

1782 1896 1871 1946 ille
1891 1896 1997 1945 iure
2019 1896 2349 1959 perhibendus
2368 1901 2462 1953 est,
2479 1894 2752 1945 exstiti-e.

1850 1972 1878 2023 5
1912 1962 2214 2022 Manipuluc
2237 1962 2364 2011 leves
2387 1962 2580 2009 vicenos
2604 1961 2818 2018 milites,

1783 2026 1934 2072 aliam
1957 2026 2150 2073 turbam
2163 2025 2486 2083 mmmmm]
2515 2021 2818 2083 Antiquitus

1785 2088 1913 2150 legio
1935 2088 2179 2145 Romana,
2203 2087 2402 2148 quando
2431 2100 2568 2133 more
2594 2086 2816 2147 phalan-

1781 2152 1857 2213 gis
1875 2156 2058 2200 structa
2083 2157 2205 2209 erat,
2225 2151 2442 2211 quinque
2464 2149 2698 2197 cohortes
2725 2150 2816 2197 ha-

1783 2215 1949 2273 bebat,
1970 2230 2036 2263 sc.
2055 2216 2321 2277 principes,
2342 2216 2574 2272 hastatos,
2586 2215 2818 2270 εηόήοε,

1782 2280 2014 2337 νονανίοε,
2034 2294 2255 2327 woemoae
2268 2298 2284 2326 .·
2319 2278 2544 2325 cohortes
2568 2290 2686 2324 vero
2713 2278 2818 2324 sin·

1782 2342 1929 2403 gulae
1965 2340 2164 2404 triginta
2195 2342 2440 2390 centurias
2471 2340 2818 2389 continebant.

1781 2406 2064 2467 Principes,
2083 2404 2168 2467 qui
2190 2408 2302 2454 olim
2329 2403 2602 2467 principem
2621 2402 2680 2451 in
2703 2406 2818 2453 acie

1783 2469 2019 2517 tenebant
2053 2468 2234 2527 locum,
2255 2475 2306 2518 et
2334 2468 2522 2531 optima
2553 2474 2818 2516 armatura

1783 2532 2008 2580 instructi
2030 2538 2184 2590 erant,
2197 2531 2357 2593 prima
2379 2532 2546 2580 classis
2569 2532 2820 2581 Servium

1785 2597 2088 2657 praebebat3
2117 2597 2204 2645 sed
2223 2597 2458 2659 quoniam
2490 2596 2652 2658 prima
2685 2597 2816 2644 clas-

1783 2659 1849 2707 sis
1869 2659 2112 2707 centurias
2131 2660 2453 2723 quadraginta
2473 2660 2714 2718 hahebat,
2729 2662 2816 2709 de·

1785 2736 1894 2770 cem
1939 2724 2185 2772 centuriae
2229 2739 2342 2771 cum
2379 2722 2557 2770 triariis
2593 2724 2816 2772 stabant.

1783 2788 2020 2835 Haemos
2041 2794 2206 2835 autem
2229 2788 2408 2836 classes
2426 2786 2694 2845 secundae,
2719 2794 2818 2835 ter-

1783 2850 1899 2909 tiae,
1921 2858 1972 2899 et
1996 2858 2214 2912 quartae,
2233 2851 2456 2913 singulae
2475 2851 2660 2908 :decem
2695 2866 2816 2899 cen-

1785 2914 1955 2975 turias,
1987 2916 2302 2977 praebebant,
2321 2914 2393 2962 ita
2429 2919 2488 2961 ut
2521 2913 2642 2963 illae
2677 2915 2818 2963 duae

1786 2980 1976 3027 vicenos
1995 2986 2206 3027 scutatos
2229 2980 2422 3035 milites,
2444 2977 2507 3026 cf.
2525 2993 2659 3039 supr.
2677 2979 2716 3027 i.
2733 2997 2765 3039 4
2769 2994 2814 3041 3.

1785 3041 1909 3089 haec
1931 3048 2174 3103 postrema
2202 3042 2372 3089 decem
2401 3042 2536 3089 leves
2563 3041 2816 3090 ministra-

1785 3110 1876 3165 ret,
1888 3106 2020 3167 quod
2035 3110 2216 3163 noster,
2227 3120 2364 3154 more
2379 3105 2614 3166 loquendi
2633 3120 2814 3167 parum

1786 3175 2014 3217 accurato
2046 3184 2178 3228 mus,
2200 3169 2390 3217 inverso
2423 3168 2594 3217 ordine
2629 3176 2814 3218 nan-at.

1789 3234 2006 3281 Tn‘orios
2021 3238 2187 3281 autem
2209 3232 2383 3295 prima,
2399 3233 2636 3290 secunda,
2648 3238 2700 3281 et
2717 3239 2812 3281 ter-

1783 3295 1858 3343 tia
1888 3296 2082 3356 classes,
2103 3296 2322 3359 singulae
2341 3296 2514 3343 decem
2545 3298 2814 3355 centuria,

1785 3360 2816 3485 ffisszbzfflffiz’dssgssffl

1787 3501 1900 3534 suas
1933 3487 2191 3547 centurias,
2221 3487 2502 3549 praebebat.
2567 3490 2814 3537 Amen-soe

1787 3550 1888 3598 alia
1907 3551 2193 3599 multitudo.

1851 3612 1884 3662 6
1917 3616 2104 3676 Gnoso]
2151 3614 2370 3663 Gaesum
2415 3614 2614 3678 proprie
2649 3617 2810 3663 telum

1789 3676 2042 3725 Gallicum
2081 3678 2193 3737 fuit,
2229 3678 2389 3727 forsan
2423 3680 2585 3728 simile
2621 3686 2811 3737 veruto,

1788 3746 1920 3789 certe
1955 3740 2154 3791 missile.
2205 3742 2266 3790 cf.
2311 3742 2396 3791 Sil.
2440 3742 2558 3791 Ital.
2595 3742 2650 3791 ii.
2697 3761 2810 3804 444.

1787 3818 1918 3866 supr.
1941 3803 1973 3851 i.
1999 3818 2076 3866 43.
2107 3804 2215 3853 inst.
2237 3806 2303 3853 ix.
2330 3818 2405 3867 37.
2441 3806 2660 3855 Sraoru.

1863 3880 1889 3929 7
1929 3870 2071 3917 Haeo
2107 3872 2275 3931 prima
2303 3870 2479 3929 frons]
2553 3870 2813 3932 Prindpes

1788 3931 1906 3980 olim
1939 3931 1990 3979 in
2025 3948 2240 3994 pugnam
2273 3934 2416 3994 primi
2447 3932 2640 3981 inibant
2655 3950 2670 3981 ι
2707 3935 2808 3981 iam

1789 4010 1901 4045 vero
1917 3996 2103 4044 ratione
2127 3997 2375 4058 pugnandi
2397 4003 2608 4057 mutata,
2623 3997 2810 4045 hastati

1785 4058 1838 4107 in
1857 4074 2028 4108 eorum
2050 4060 2214 4107 locum
2237 4059 2498 4108 subierant.

1849 4125 1880 4171 8
1913 4126 2158 4171 Iuvenum
2175 4126 2565 4185 pubemevuium]
2611 4124 2808 4173 Morem

1784 4188 1860 4261 sui
1876 4187 2113 4249 temporis
2127 4186 2323 4249 respicit
2337 4187 2522 4236 Livius.
2547 4188 2610 4237 cf.
2629 4189 2808 4251 Polyb.

1785 4264 1847 4299 vl.
1873 4265 1947 4300 21.
2204 4258 2224 4277 ·
