<?xml version="1.0" encoding="UTF-8"?>
<!DOCTYPE html PUBLIC "-//W3C//DTD XHTML 1.0 Transitional//EN"
    "http://www.w3.org/TR/xhtml1/DTD/xhtml1-transitional.dtd">
<html xmlns="http://www.w3.org/1999/xhtml" xml:lang="en" lang="en">
 <head>
  <title>
</title>
<meta http-equiv="Content-Type" content="text/html;charset=utf-8" />
  <meta name='ocr-system' content='tesseract 3.04.00' />
  <meta name='ocr-capabilities' content='ocr_page ocr_carea ocr_par ocr_line ocrx_word'/>
</head>
<body>
  <div class='ocr_page' id='page_1' title='image "./tliviipatavinih10unkngoog_0144.png"; bbox 0 0 3000 4784; ppageno 0'>
   <div class='ocr_carea' id='block_1_1' title="bbox 393 367 683 497">
    <p class='ocr_par' dir='ltr' id='par_1_1' title="bbox 393 367 683 497">
     <span class='ocr_line' id='line_1_1' title="bbox 398 367 679 430; baseline -0.007 -11"><span class='ocrx_word' id='word_1_1' title='bbox 398 369 465 420; x_wconf 92' lang='lat' dir='ltr'>U.</span> <span class='ocrx_word' id='word_1_2' title='bbox 486 370 547 419; x_wconf 83' lang='lat'>0.</span> <span class='ocrx_word' id='word_1_3' title='bbox 570 367 679 430; x_wconf 76' lang='lat'><em>276.</em></span> 
     </span>
     <span class='ocr_line' id='line_1_2' title="bbox 393 432 683 497; baseline 0 -13"><span class='ocrx_word' id='word_1_4' title='bbox 393 435 457 484; x_wconf 77' lang='lat' dir='ltr'>A.</span> <span class='ocrx_word' id='word_1_5' title='bbox 489 435 548 486; x_wconf 85' lang='lat' dir='ltr'>C.</span> <span class='ocrx_word' id='word_1_6' title='bbox 570 432 683 497; x_wconf 80' lang='lat'><strong>476.</strong></span> 
     </span>
    </p>
   </div>
   <div class='ocr_carea' id='block_1_2' title="bbox 398 1047 706 1167">
    <p class='ocr_par' dir='ltr' id='par_1_2' title="bbox 398 1047 706 1167">
     <span class='ocr_line' id='line_1_3' title="bbox 398 1047 706 1102; baseline -0.016 0"><span class='ocrx_word' id='word_1_7' title='bbox 398 1048 581 1102; x_wconf 70' lang='lat' dir='ltr'>Caesia</span> <span class='ocrx_word' id='word_1_8' title='bbox 590 1047 706 1098; x_wconf 81' lang='lat' dir='ltr'>Vei-</span> 
     </span>
     <span class='ocr_line' id='line_1_4' title="bbox 398 1116 606 1167; baseline -0.01 0"><span class='ocrx_word' id='word_1_9' title='bbox 398 1116 606 1167; x_wconf 86' lang='lat' dir='ltr'>entibus.</span> 
     </span>
    </p>
   </div>
   <div class='ocr_carea' id='block_1_3' title="bbox 504 2607 606 2668">
    <p class='ocr_par' dir='ltr' id='par_1_3' title="bbox 504 2607 606 2668">
     <span class='ocr_line' id='line_1_5' title="bbox 504 2607 606 2668; baseline -0.02 0"><span class='ocrx_word' id='word_1_10' title='bbox 504 2607 606 2668; x_wconf 89' lang='lat'>51.</span> 
     </span>
    </p>
   </div>
   <div class='ocr_carea' id='block_1_4' title="bbox 722 208 2040 282">
    <p class='ocr_par' dir='ltr' id='par_1_4' title="bbox 722 208 2040 282">
     <span class='ocr_line' id='line_1_6' title="bbox 722 208 2040 282; baseline -0.002 -1"><span class='ocrx_word' id='word_1_11' title='bbox 722 221 847 282; x_wconf 84' lang='lat'>130</span> <span class='ocrx_word' id='word_1_12' title='bbox 1491 209 1718 277; x_wconf 92' lang='grc' dir='ltr'>ΤΙΤΙ</span> <span class='ocrx_word' id='word_1_13' title='bbox 1769 208 2040 278; x_wconf 93' lang='lat' dir='ltr'><strong>LIVII</strong></span> 
     </span>
    </p>
   </div>
   <div class='ocr_carea' id='block_1_5' title="bbox 718 345 2807 500">
    <p class='ocr_par' dir='ltr' id='par_1_5' title="bbox 718 345 2807 500">
     <span class='ocr_line' id='line_1_7' title="bbox 718 345 2807 500; baseline -0.002 -85"><span class='ocrx_word' id='word_1_14' title='bbox 718 349 833 416; x_wconf 77' lang='lat' dir='ltr'>sua</span> <span class='ocrx_word' id='word_1_15' title='bbox 858 349 1097 414; x_wconf 84' lang='lat' dir='ltr'>invicta</span> <span class='ocrx_word' id='word_1_16' title='bbox 1122 369 1299 414; x_wconf 87' lang='lat' dir='ltr'>arma</span> <span class='ocrx_word' id='word_1_17' title='bbox 1336 347 1718 500; x_wconf 53' lang='lat' dir='ltr'>nffigcloco</span> <span class='ocrx_word' id='word_1_18' title='bbox 1746 369 1958 435; x_wconf 89' lang='lat' dir='ltr'>neque</span> <span class='ocrx_word' id='word_1_19' title='bbox 1997 360 2282 435; x_wconf 91' lang='lat' dir='ltr'>tempore</span> <span class='ocrx_word' id='word_1_20' title='bbox 2311 345 2444 412; x_wconf 89' lang='lat' dir='ltr'>ullo</span> <span class='ocrx_word' id='word_1_21' title='bbox 2471 345 2807 412; x_wconf 84' lang='lat' dir='ltr'>crederent</span> 
     </span>
    </p>
   </div>
   <div class='ocr_carea' id='block_1_6' title="bbox 718 434 2868 2577">
    <p class='ocr_par' dir='ltr' id='par_1_6' title="bbox 718 434 2818 1573">
     <span class='ocr_line' id='line_1_8' title="bbox 718 434 2810 522; baseline -0.002 -19"><span class='ocrx_word' id='word_1_22' title='bbox 718 436 1014 503; x_wconf 87' lang='lat' dir='ltr'>sustineri</span> <span class='ocrx_word' id='word_1_23' title='bbox 1254 482 1270 500; x_wconf 92' lang='lat'><strong>.</strong></span> <span class='ocrx_word' id='word_1_24' title='bbox 1630 457 1773 522; x_wconf 89' lang='lat' dir='ltr'>spes</span> <span class='ocrx_word' id='word_1_25' title='bbox 1828 434 2138 521; x_wconf 82' lang='lat' dir='ltr'>provexit,</span> <span class='ocrx_word' id='word_1_26' title='bbox 2199 445 2272 499; x_wconf 87' lang='lat' dir='ltr'>ut</span> <span class='ocrx_word' id='word_1_27' title='bbox 2329 434 2412 498; x_wconf 88' lang='lat' dir='ltr'>ad</span> <span class='ocrx_word' id='word_1_28' title='bbox 2465 447 2810 520; x_wconf 75' lang='lat' dir='ltr'>conspecta</span> 
     </span>
     <span class='ocr_line' id='line_1_9' title="bbox 718 459 2810 612; baseline -0.002 -24"><span class='ocrx_word' id='word_1_29' title='bbox 718 522 941 612; x_wconf 89' lang='lat' dir='ltr'>procul</span> <span class='ocrx_word' id='word_1_30' title='bbox 982 545 1023 587; x_wconf 93' lang='lat' dir='ltr'>a</span> <span class='ocrx_word' id='word_1_31' title='bbox 1068 459 1373 586; x_wconf 67' lang='lat' dir='ltr'>gremera</span> <span class='ocrx_word' id='word_1_32' title='bbox 1408 543 1641 608; x_wconf 81' lang='lat' dir='ltr'>magno</span> <span class='ocrx_word' id='word_1_33' title='bbox 1683 521 1894 608; x_wconf 89' lang='lat' dir='ltr'>campi</span> <span class='ocrx_word' id='word_1_34' title='bbox 1931 519 2258 586; x_wconf 82' lang='lat' dir='ltr'>intervallo</span> <span class='ocrx_word' id='word_1_35' title='bbox 2302 543 2532 608; x_wconf 85' lang='lat' dir='ltr'>pecora</span> <span class='ocrx_word' id='word_1_36' title='bbox 2569 519 2810 607; x_wconf 86' lang='lat' dir='ltr'>(quan-</span> 
     </span>
     <span class='ocr_line' id='line_1_10' title="bbox 719 606 2812 698; baseline -0.002 -23"><span class='ocrx_word' id='word_1_37' title='bbox 719 633 913 698; x_wconf 87' lang='lat' dir='ltr'>quam</span> <span class='ocrx_word' id='word_1_38' title='bbox 969 631 1109 674; x_wconf 89' lang='lat' dir='ltr'>rara</span> <span class='ocrx_word' id='word_1_39' title='bbox 1160 607 1441 672; x_wconf 89' lang='lat' dir='ltr'>hostium</span> <span class='ocrx_word' id='word_1_40' title='bbox 1498 608 1883 694; x_wconf 76' lang='lat' dir='ltr'>apparebant</span> <span class='ocrx_word' id='word_1_41' title='bbox 1941 606 2144 692; x_wconf 87' lang='lat' dir='ltr'>arma)</span> <span class='ocrx_word' id='word_1_42' title='bbox 2201 607 2628 672; x_wconf 78' lang='lat' dir='ltr'>decurrerent.</span> <span class='ocrx_word' id='word_1_43' title='bbox 2721 606 2812 672; x_wconf 84' lang='lat' dir='ltr'>Et</span> 
     </span>
     <span class='ocr_line' id='line_1_11' title="bbox 720 693 2812 784; baseline -0.001 -24"><span class='ocrx_word' id='word_1_44' title='bbox 720 717 919 784; x_wconf 90' lang='lat' dir='ltr'>quum</span> <span class='ocrx_word' id='word_1_45' title='bbox 942 695 1279 783; x_wconf 85' lang='lat' dir='ltr'>improvidi</span> <span class='ocrx_word' id='word_1_46' title='bbox 1302 695 1500 760; x_wconf 84' lang='lat' dir='ltr'>effuso</span> <span class='ocrx_word' id='word_1_47' title='bbox 1523 716 1710 758; x_wconf 88' lang='lat' dir='ltr'>cursu</span> <span class='ocrx_word' id='word_1_48' title='bbox 1739 693 1997 758; x_wconf 84' lang='lat' dir='ltr'>insidias</span> <span class='ocrx_word' id='word_1_49' title='bbox 2017 694 2185 759; x_wconf 87' lang='lat' dir='ltr'>circa</span> <span class='ocrx_word' id='word_1_50' title='bbox 2203 694 2412 782; x_wconf 89' lang='lat' dir='ltr'>ipsum</span> <span class='ocrx_word' id='word_1_51' title='bbox 2428 693 2548 758; x_wconf 90' lang='lat' dir='ltr'>iter</span> <span class='ocrx_word' id='word_1_52' title='bbox 2575 693 2812 758; x_wconf 78' lang='lat' dir='ltr'>locatas</span> 
     </span>
     <span class='ocr_line' id='line_1_12' title="bbox 723 780 2810 881; baseline -0.001 -34"><span class='ocrx_word' id='word_1_53' title='bbox 723 795 1139 870; x_wconf 76' lang='lat' dir='ltr'>superassent,</span> <span class='ocrx_word' id='word_1_54' title='bbox 1184 780 1504 869; x_wconf 89' lang='lat' dir='ltr'>palatique</span> <span class='ocrx_word' id='word_1_55' title='bbox 1547 781 1777 868; x_wconf 81' lang='lat' dir='ltr'>passim</span> <span class='ocrx_word' id='word_1_56' title='bbox 1821 804 1997 881; x_wconf 62' lang='lat' dir='ltr'>vaga,</span> <span class='ocrx_word' id='word_1_57' title='bbox 2045 795 2123 846; x_wconf 91' lang='lat' dir='ltr'>ut</span> <span class='ocrx_word' id='word_1_58' title='bbox 2161 781 2236 845; x_wconf 88' lang='lat' dir='ltr'>fit</span> <span class='ocrx_word' id='word_1_59' title='bbox 2276 803 2504 881; x_wconf 85' lang='lat' dir='ltr'>pavore</span> <span class='ocrx_word' id='word_1_60' title='bbox 2547 780 2810 856; x_wconf 86' lang='lat' dir='ltr'>iniecto,</span> 
     </span>
     <span class='ocr_line' id='line_1_13' title="bbox 723 866 2814 1042; baseline -0.002 -22"><span class='ocrx_word' id='word_1_61' title='bbox 723 866 2814 1042; x_wconf 47' lang='grc' dir='ltr'>ἑῗῖἱῗιῖξέἒῗοῗιέἰῖῗῗὲ.θχΡἘῗῖιῖἙὲῗΞέἓὲἑῖ-ξιὶὥῗίῗ</span> 
     </span>
     <span class='ocr_line' id='line_1_14' title="bbox 724 1040 2814 1126; baseline -0.001 -20"><span class='ocrx_word' id='word_1_62' title='bbox 724 1042 982 1118; x_wconf 84' lang='lat' dir='ltr'>terruit3</span> <span class='ocrx_word' id='word_1_63' title='bbox 1028 1041 1183 1105; x_wconf 88' lang='lat' dir='ltr'>dein</span> <span class='ocrx_word' id='word_1_64' title='bbox 1211 1040 1339 1106; x_wconf 91' lang='lat' dir='ltr'>tela</span> <span class='ocrx_word' id='word_1_65' title='bbox 1366 1041 1446 1104; x_wconf 88' lang='lat' dir='ltr'>ab</span> <span class='ocrx_word' id='word_1_66' title='bbox 1467 1040 1645 1105; x_wconf 90' lang='lat' dir='ltr'>omni</span> <span class='ocrx_word' id='word_1_67' title='bbox 1663 1053 1840 1126; x_wconf 88' lang='lat' dir='ltr'>parte</span> <span class='ocrx_word' id='word_1_68' title='bbox 1863 1040 2260 1106; x_wconf 68' lang='lat' dir='ltr'>accidebant:</span> <span class='ocrx_word' id='word_1_69' title='bbox 2307 1041 2814 1126; x_wconf 84' lang='lat' dir='ltr'>coeuntibusque</span> 
     </span>
     <span class='ocr_line' id='line_1_15' title="bbox 726 1127 2816 1228; baseline -0.001 -36"><span class='ocrx_word' id='word_1_70' title='bbox 726 1128 1025 1206; x_wconf 85' lang='lat' dir='ltr'>Etruscis,</span> <span class='ocrx_word' id='word_1_71' title='bbox 1078 1128 1203 1193; x_wconf 89' lang='lat' dir='ltr'>iam</span> <span class='ocrx_word' id='word_1_72' title='bbox 1256 1127 1610 1192; x_wconf 88' lang='lat' dir='ltr'>continenti</span> <span class='ocrx_word' id='word_1_73' title='bbox 1661 1127 1912 1214; x_wconf 79' lang='lat' dir='ltr'>agmine</span> <span class='ocrx_word' id='word_1_74' title='bbox 1969 1139 2350 1192; x_wconf 85' lang='lat' dir='ltr'>armatorum</span> <span class='ocrx_word' id='word_1_75' title='bbox 2407 1127 2625 1228; x_wconf 76' lang='lat' dir='ltr'>saepti,</span> <span class='ocrx_word' id='word_1_76' title='bbox 2679 1150 2816 1226; x_wconf 84' lang='lat' dir='ltr'>quo</span> 
     </span>
     <span class='ocr_line' id='line_1_16' title="bbox 722 1214 2816 1376; baseline -0.001 -96"><span class='ocrx_word' id='word_1_77' title='bbox 722 1216 921 1367; x_wconf 49' lang='lat' dir='ltr'>mrffiis</span> <span class='ocrx_word' id='word_1_78' title='bbox 948 1239 1015 1280; x_wconf 87' lang='lat' dir='ltr'>se</span> <span class='ocrx_word' id='word_1_79' title='bbox 1045 1215 1243 1365; x_wconf 57' lang='lat' dir='ltr'>lliimis</span> <span class='ocrx_word' id='word_1_80' title='bbox 1271 1214 1601 1376; x_wconf 48' lang='lat' dir='ltr'>infigebat,</span> <span class='ocrx_word' id='word_1_81' title='bbox 1633 1214 2331 1365; x_wconf 47' lang='lat' dir='ltr'>cogetbanturtgffvigre</span> <span class='ocrx_word' id='word_1_82' title='bbox 2303 1226 2562 1366; x_wconf 45' lang='lat' dir='ltr'>1551qu</span> <span class='ocrx_word' id='word_1_83' title='bbox 2575 1227 2660 1314; x_wconf 40' lang='lat' dir='ltr'>‘et</span> <span class='ocrx_word' id='word_1_84' title='bbox 2687 1235 2816 1364; x_wconf 53' lang='lat' dir='ltr'>gn?</span> 
     </span>
     <span class='ocr_line' id='line_1_17' title="bbox 721 1322 2814 1474; baseline -0.001 -21"><span class='ocrx_word' id='word_1_85' title='bbox 721 1325 789 1453; x_wconf 64' lang='lat' dir='ltr'>{t</span> <span class='ocrx_word' id='word_1_86' title='bbox 810 1324 1285 1453; x_wconf 57' lang='grc' dir='ltr'>ωζᾟὲἵυὼῗέἕ</span> <span class='ocrx_word' id='word_1_87' title='bbox 1310 1323 1759 1464; x_wconf 52' lang='lat' dir='ltr'><strong>Emmfflffl</strong></span> <span class='ocrx_word' id='word_1_88' title='bbox 1760 1323 2197 1474; x_wconf 57' lang='lat'>„133331023</span> <span class='ocrx_word' id='word_1_89' title='bbox 2216 1323 2439 1452; x_wconf 45' lang='lat' dir='ltr'>iimo</span> <span class='ocrx_word' id='word_1_90' title='bbox 2461 1322 2814 1465; x_wconf 60' lang='lat' dir='ltr'>ffibus}</span> 
     </span>
     <span class='ocr_line' id='line_1_18' title="bbox 722 1473 2818 1573; baseline -0.001 -33"><span class='ocrx_word' id='word_1_91' title='bbox 722 1475 1008 1540; x_wconf 82' lang='lat' dir='ltr'>faciebat.</span> <span class='ocrx_word' id='word_1_92' title='bbox 1123 1474 1314 1551; x_wconf 90' lang='lat' dir='ltr'>Tum,</span> <span class='ocrx_word' id='word_1_93' title='bbox 1373 1474 1604 1539; x_wconf 88' lang='lat' dir='ltr'>omissa</span> <span class='ocrx_word' id='word_1_94' title='bbox 1657 1497 1890 1561; x_wconf 78' lang='lat' dir='ltr'>pugna,</span> <span class='ocrx_word' id='word_1_95' title='bbox 1949 1496 2142 1561; x_wconf 83' lang='lat' dir='ltr'>quam</span> <span class='ocrx_word' id='word_1_96' title='bbox 2197 1473 2268 1538; x_wconf 88' lang='lat' dir='ltr'>in</span> <span class='ocrx_word' id='word_1_97' title='bbox 2325 1496 2544 1538; x_wconf 86' lang='lat' dir='ltr'>omnes</span> <span class='ocrx_word' id='word_1_98' title='bbox 2599 1485 2818 1573; x_wconf 82' lang='lat' dir='ltr'>partes</span> 
     </span>
    </p>

    <p class='ocr_par' dir='ltr' id='par_1_7' title="bbox 878 1559 2811 1638">
     <span class='ocr_line' id='line_1_19' title="bbox 878 1559 2811 1638; baseline 0 -14"><span class='ocrx_word' id='word_1_99' title='bbox 878 1584 943 1624; x_wconf 92' lang='lat' dir='ltr'>m</span> <span class='ocrx_word' id='word_1_100' title='bbox 989 1559 1413 1638; x_wconf 85' lang='lat' dir='ltr'>intenderant,</span> <span class='ocrx_word' id='word_1_101' title='bbox 1460 1560 1533 1624; x_wconf 87' lang='lat' dir='ltr'>in</span> <span class='ocrx_word' id='word_1_102' title='bbox 1583 1583 1784 1624; x_wconf 88' lang='lat' dir='ltr'>unum</span> <span class='ocrx_word' id='word_1_103' title='bbox 1830 1560 2044 1625; x_wconf 91' lang='lat' dir='ltr'>locum</span> <span class='ocrx_word' id='word_1_104' title='bbox 2093 1583 2160 1626; x_wconf 89' lang='lat' dir='ltr'>se</span> <span class='ocrx_word' id='word_1_105' title='bbox 2205 1582 2426 1626; x_wconf 90' lang='lat' dir='ltr'>omnes</span> <span class='ocrx_word' id='word_1_106' title='bbox 2475 1559 2811 1625; x_wconf 79' lang='lat' dir='ltr'>inclinant.</span> 
     </span>
    </p>

    <p class='ocr_par' dir='ltr' id='par_1_8' title="bbox 723 1646 2868 2577">
     <span class='ocr_line' id='line_1_20' title="bbox 870 1646 2864 1734; baseline 0.001 -23"><span class='ocrx_word' id='word_1_107' title='bbox 870 1647 995 1711; x_wconf 89' lang='lat' dir='ltr'>nisi</span> <span class='ocrx_word' id='word_1_108' title='bbox 1028 1647 1394 1734; x_wconf 85' lang='lat' dir='ltr'>corporibus</span> <span class='ocrx_word' id='word_1_109' title='bbox 1433 1647 1770 1733; x_wconf 85' lang='lat' dir='ltr'>armisque,</span> <span class='ocrx_word' id='word_1_110' title='bbox 1806 1669 2035 1734; x_wconf 89' lang='lat' dir='ltr'>rupere</span> <span class='ocrx_word' id='word_1_111' title='bbox 2077 1669 2284 1712; x_wconf 89' lang='lat' dir='ltr'>cuneo</span> <span class='ocrx_word' id='word_1_112' title='bbox 2325 1647 2510 1712; x_wconf 87' lang='lat' dir='ltr'>viam.</span> <span class='ocrx_word' id='word_1_113' title='bbox 2602 1646 2818 1713; x_wconf 83' lang='lat' dir='ltr'>Duxit</span> <span class='ocrx_word' id='word_1_114' title='bbox 2831 1671 2864 1720; x_wconf 84' lang='lat'>9</span> 
     </span>
     <span class='ocr_line' id='line_1_21' title="bbox 724 1732 2815 1820; baseline 0.001 -24"><span class='ocrx_word' id='word_1_115' title='bbox 724 1733 832 1798; x_wconf 86' lang='lat' dir='ltr'>via</span> <span class='ocrx_word' id='word_1_116' title='bbox 856 1733 926 1797; x_wconf 89' lang='lat' dir='ltr'>in</span> <span class='ocrx_word' id='word_1_117' title='bbox 955 1733 1199 1799; x_wconf 88' lang='lat' dir='ltr'>editum</span> <span class='ocrx_word' id='word_1_118' title='bbox 1228 1732 1458 1798; x_wconf 85' lang='lat' dir='ltr'>leniter</span> <span class='ocrx_word' id='word_1_119' title='bbox 1490 1733 1736 1798; x_wconf 84' lang='lat' dir='ltr'>collem.</span> <span class='ocrx_word' id='word_1_120' title='bbox 1829 1732 1991 1799; x_wconf 90' lang='lat' dir='ltr'>Inde</span> <span class='ocrx_word' id='word_1_121' title='bbox 2025 1734 2231 1820; x_wconf 91' lang='lat' dir='ltr'>primo</span> <span class='ocrx_word' id='word_1_122' title='bbox 2269 1734 2589 1799; x_wconf 81' lang='lat' dir='ltr'>restitere:</span> <span class='ocrx_word' id='word_1_123' title='bbox 2637 1755 2815 1812; x_wconf 86' lang='lat' dir='ltr'>mox,</span> 
     </span>
     <span class='ocr_line' id='line_1_22' title="bbox 726 1818 2820 1920; baseline 0.001 -37"><span class='ocrx_word' id='word_1_124' title='bbox 726 1831 801 1883; x_wconf 91' lang='lat' dir='ltr'>ut</span> <span class='ocrx_word' id='word_1_125' title='bbox 828 1818 1177 1906; x_wconf 88' lang='lat' dir='ltr'>respirandi</span> <span class='ocrx_word' id='word_1_126' title='bbox 1204 1819 1489 1920; x_wconf 81' lang='lat' dir='ltr'>superior</span> <span class='ocrx_word' id='word_1_127' title='bbox 1525 1819 1702 1884; x_wconf 89' lang='lat' dir='ltr'>locus</span> <span class='ocrx_word' id='word_1_128' title='bbox 1729 1821 2003 1907; x_wconf 87' lang='lat' dir='ltr'>spatium</span> <span class='ocrx_word' id='word_1_129' title='bbox 2041 1820 2238 1898; x_wconf 84' lang='lat' dir='ltr'>dedit,</span> <span class='ocrx_word' id='word_1_130' title='bbox 2267 1819 2750 1908; x_wconf 88' lang='lat' dir='ltr'>recipiendique</span> <span class='ocrx_word' id='word_1_131' title='bbox 2777 1843 2820 1886; x_wconf 91' lang='lat' dir='ltr'>a</span> 
     </span>
     <span class='ocr_line' id='line_1_23' title="bbox 724 1906 2820 1993; baseline 0.001 -23"><span class='ocrx_word' id='word_1_132' title='bbox 724 1927 955 1992; x_wconf 88' lang='lat' dir='ltr'>pavore</span> <span class='ocrx_word' id='word_1_133' title='bbox 986 1918 1163 1971; x_wconf 89' lang='lat' dir='ltr'>tanto</span> <span class='ocrx_word' id='word_1_134' title='bbox 1186 1928 1489 1982; x_wconf 73' lang='lat' dir='ltr'>animum,</span> <span class='ocrx_word' id='word_1_135' title='bbox 1520 1906 1824 1993; x_wconf 87' lang='lat' dir='ltr'>pepulere</span> <span class='ocrx_word' id='word_1_136' title='bbox 1853 1907 2043 1972; x_wconf 89' lang='lat' dir='ltr'>etiam</span> <span class='ocrx_word' id='word_1_137' title='bbox 2073 1908 2442 1974; x_wconf 64' lang='lat' dir='ltr'>subeuntem</span> <span class='ocrx_word' id='word_1_138' title='bbox 2487 1907 2820 1972; x_wconf 83' lang='lat' dir='ltr'>vincebat-</span> 
     </span>
     <span class='ocr_line' id='line_1_24' title="bbox 726 1992 2820 2082; baseline 0.001 -27"><span class='ocrx_word' id='word_1_139' title='bbox 726 2014 853 2078; x_wconf 89' lang='lat' dir='ltr'>que</span> <span class='ocrx_word' id='word_1_140' title='bbox 894 1993 1131 2058; x_wconf 86' lang='lat' dir='ltr'>auxilio</span> <span class='ocrx_word' id='word_1_141' title='bbox 1169 1992 1293 2058; x_wconf 92' lang='lat' dir='ltr'>loci</span> <span class='ocrx_word' id='word_1_142' title='bbox 1327 1993 1631 2079; x_wconf 85' lang='lat' dir='ltr'>paucitas,</span> <span class='ocrx_word' id='word_1_143' title='bbox 1667 1994 1740 2057; x_wconf 89' lang='lat' dir='ltr'>ni</span> <span class='ocrx_word' id='word_1_144' title='bbox 1773 1993 1925 2082; x_wconf 79' lang='lat' dir='ltr'>iugo</span> <span class='ocrx_word' id='word_1_145' title='bbox 1963 1994 2426 2058; x_wconf 83' lang='lat' dir='ltr'>circummissus</span> <span class='ocrx_word' id='word_1_146' title='bbox 2467 1992 2712 2058; x_wconf 88' lang='lat' dir='ltr'>Veiens</span> <span class='ocrx_word' id='word_1_147' title='bbox 2745 1995 2820 2058; x_wconf 83' lang='lat' dir='ltr'>in</span> 
     </span>
     <span class='ocr_line' id='line_1_25' title="bbox 724 2078 2816 2168; baseline 0.002 -26"><span class='ocrx_word' id='word_1_148' title='bbox 724 2079 1025 2144; x_wconf 82' lang='lat' dir='ltr'>verticem</span> <span class='ocrx_word' id='word_1_149' title='bbox 1054 2078 1231 2144; x_wconf 87' lang='lat' dir='ltr'>collis</span> <span class='ocrx_word' id='word_1_150' title='bbox 1268 2079 1578 2144; x_wconf 84' lang='lat' dir='ltr'>evasisset.</span> <span class='ocrx_word' id='word_1_151' title='bbox 1670 2078 1772 2144; x_wconf 88' lang='lat' dir='ltr'>Ita</span> <span class='ocrx_word' id='word_1_152' title='bbox 1807 2081 2092 2168; x_wconf 87' lang='lat' dir='ltr'>superior</span> <span class='ocrx_word' id='word_1_153' title='bbox 2117 2103 2331 2146; x_wconf 89' lang='lat' dir='ltr'>rursus</span> <span class='ocrx_word' id='word_1_154' title='bbox 2367 2079 2562 2146; x_wconf 81' lang='lat' dir='ltr'>hostis</span> <span class='ocrx_word' id='word_1_155' title='bbox 2589 2080 2816 2146; x_wconf 84' lang='lat' dir='ltr'>factus.</span> 
     </span>
     <span class='ocr_line' id='line_1_26' title="bbox 726 2163 2862 2268; baseline 0.001 -40"><span class='ocrx_word' id='word_1_156' title='bbox 726 2163 905 2229; x_wconf 89' lang='lat' dir='ltr'>Fabii</span> <span class='ocrx_word' id='word_1_157' title='bbox 944 2166 1110 2231; x_wconf 88' lang='lat' dir='ltr'>caesi</span> <span class='ocrx_word' id='word_1_158' title='bbox 1152 2166 1234 2231; x_wconf 86' lang='lat' dir='ltr'>ad</span> <span class='ocrx_word' id='word_1_159' title='bbox 1278 2188 1477 2231; x_wconf 89' lang='lat' dir='ltr'>unum</span> <span class='ocrx_word' id='word_1_160' title='bbox 1519 2188 1757 2245; x_wconf 88' lang='lat' dir='ltr'>omnes,</span> <span class='ocrx_word' id='word_1_161' title='bbox 1797 2166 2311 2254; x_wconf 84' lang='lat' dir='ltr'>praesidiumque</span> <span class='ocrx_word' id='word_1_162' title='bbox 2355 2179 2814 2254; x_wconf 82' lang='lat' dir='ltr'>expugnatum.</span> <span class='ocrx_word' id='word_1_163' title='bbox 2843 2235 2862 2268; x_wconf 52' lang='grc' dir='ltr'><strong>ι</strong></span> 
     </span>
     <span class='ocr_line' id='line_1_27' title="bbox 726 2250 2866 2341; baseline 0.001 -25"><span class='ocrx_word' id='word_1_164' title='bbox 726 2250 1075 2317; x_wconf 89' lang='lat' dir='ltr'>Trecentos</span> <span class='ocrx_word' id='word_1_165' title='bbox 1102 2275 1215 2317; x_wconf 85' lang='lat' dir='ltr'>sex</span> <span class='ocrx_word' id='word_1_166' title='bbox 1242 2254 1477 2339; x_wconf 87' lang='lat' dir='ltr'>perisse</span> <span class='ocrx_word' id='word_1_167' title='bbox 1507 2254 1658 2318; x_wconf 87' lang='lat' dir='ltr'>satis</span> <span class='ocrx_word' id='word_1_168' title='bbox 1677 2255 2009 2318; x_wconf 82' lang='lat' dir='ltr'>convenit:</span> <span class='ocrx_word' id='word_1_169' title='bbox 2057 2276 2258 2318; x_wconf 90' lang='lat' dir='ltr'>unum</span> <span class='ocrx_word' id='word_1_170' title='bbox 2287 2275 2482 2341; x_wconf 90' lang='lat' dir='ltr'>prope</span> <span class='ocrx_word' id='word_1_171' title='bbox 2503 2255 2816 2341; x_wconf 67' lang='lat' dir='ltr'>puberem</span> <span class='ocrx_word' id='word_1_172' title='bbox 2837 2301 2866 2333; x_wconf 71' lang='lat'><em>2</em></span> 
     </span>
     <span class='ocr_line' id='line_1_28' title="bbox 723 2338 2868 2428; baseline 0.003 -26"><span class='ocrx_word' id='word_1_173' title='bbox 723 2349 929 2403; x_wconf 88' lang='lat' dir='ltr'>aetate</span> <span class='ocrx_word' id='word_1_174' title='bbox 986 2338 1297 2416; x_wconf 89' lang='lat' dir='ltr'>relictum,</span> <span class='ocrx_word' id='word_1_175' title='bbox 1356 2339 1616 2427; x_wconf 88' lang='lat' dir='ltr'>stirpem</span> <span class='ocrx_word' id='word_1_176' title='bbox 1671 2341 1850 2427; x_wconf 82' lang='lat' dir='ltr'>genti</span> <span class='ocrx_word' id='word_1_177' title='bbox 1919 2340 2170 2419; x_wconf 86' lang='lat' dir='ltr'>Fabiae,</span> <span class='ocrx_word' id='word_1_178' title='bbox 2229 2339 2565 2428; x_wconf 89' lang='lat' dir='ltr'>dubiisque</span> <span class='ocrx_word' id='word_1_179' title='bbox 2625 2342 2818 2406; x_wconf 88' lang='lat' dir='ltr'>rebus</span> <span class='ocrx_word' id='word_1_180' title='bbox 2838 2363 2868 2410; x_wconf 87' lang='lat'>3</span> 
     </span>
     <span class='ocr_line' id='line_1_29' title="bbox 724 2424 2868 2575; baseline 0.001 -86"><span class='ocrx_word' id='word_1_181' title='bbox 724 2425 945 2575; x_wconf 62' lang='lat' dir='ltr'>popiqii</span> <span class='ocrx_word' id='word_1_182' title='bbox 975 2424 1251 2490; x_wconf 87' lang='lat' dir='ltr'>Romani</span> <span class='ocrx_word' id='word_1_183' title='bbox 1280 2449 1465 2514; x_wconf 88' lang='lat' dir='ltr'>saepe</span> <span class='ocrx_word' id='word_1_184' title='bbox 1496 2426 1673 2492; x_wconf 90' lang='lat' dir='ltr'>domi</span> <span class='ocrx_word' id='word_1_185' title='bbox 1709 2426 1985 2514; x_wconf 89' lang='lat' dir='ltr'>bellique</span> <span class='ocrx_word' id='word_1_186' title='bbox 2008 2427 2109 2492; x_wconf 81' lang='lat' dir='ltr'>vel</span> <span class='ocrx_word' id='word_1_187' title='bbox 2139 2427 2488 2492; x_wconf 84' lang='lat' dir='ltr'>maximum</span> <span class='ocrx_word' id='word_1_188' title='bbox 2527 2427 2818 2492; x_wconf 66' lang='lat' dir='ltr'>sumn-um</span> <span class='ocrx_word' id='word_1_189' title='bbox 2837 2431 2868 2474; x_wconf 80' lang='lat'>4</span> 
     </span>
     <span class='ocr_line' id='line_1_30' title="bbox 724 2532 1052 2577; baseline 0.009 -3"><span class='ocrx_word' id='word_1_190' title='bbox 724 2532 853 2575; x_wconf 87' lang='lat' dir='ltr'>aux</span> <span class='ocrx_word' id='word_1_191' title='bbox 904 2534 1052 2577; x_wconf 87' lang='lat' dir='ltr'>mm.</span> 
     </span>
    </p>
   </div>
   <div class='ocr_carea' id='block_1_7' title="bbox 724 2596 2866 2754">
    <p class='ocr_par' dir='ltr' id='par_1_9' title="bbox 724 2596 2866 2754">
     <span class='ocr_line' id='line_1_31' title="bbox 817 2596 2866 2687; baseline 0.002 -24"><span class='ocrx_word' id='word_1_192' title='bbox 817 2596 1041 2673; x_wconf 80' lang='lat' dir='ltr'>Quum</span> <span class='ocrx_word' id='word_1_193' title='bbox 1068 2597 1225 2668; x_wconf 80' lang='lat' dir='ltr'>haec</span> <span class='ocrx_word' id='word_1_194' title='bbox 1262 2613 1524 2687; x_wconf 76' lang='lat' dir='ltr'>accepta</span> <span class='ocrx_word' id='word_1_195' title='bbox 1551 2599 1762 2666; x_wconf 89' lang='lat' dir='ltr'>clades</span> <span class='ocrx_word' id='word_1_196' title='bbox 1800 2612 1985 2678; x_wconf 88' lang='lat' dir='ltr'>esset,</span> <span class='ocrx_word' id='word_1_197' title='bbox 2013 2600 2140 2665; x_wconf 89' lang='lat' dir='ltr'>iam</span> <span class='ocrx_word' id='word_1_198' title='bbox 2175 2599 2252 2665; x_wconf 89' lang='lat' dir='ltr'>C.</span> <span class='ocrx_word' id='word_1_199' title='bbox 2289 2599 2592 2665; x_wconf 90' lang='lat' dir='ltr'>Horatius</span> <span class='ocrx_word' id='word_1_200' title='bbox 2631 2613 2702 2664; x_wconf 89' lang='lat' dir='ltr'>et</span> <span class='ocrx_word' id='word_1_201' title='bbox 2731 2601 2812 2666; x_wconf 90' lang='lat' dir='ltr'>T.</span> <span class='ocrx_word' id='word_1_202' title='bbox 2839 2619 2866 2668; x_wconf 82' lang='lat'>5</span> 
     </span>
     <span class='ocr_line' id='line_1_32' title="bbox 724 2682 2818 2754; baseline 0.001 -5"><span class='ocrx_word' id='word_1_203' title='bbox 724 2682 1069 2750; x_wconf 88' lang='lat' dir='ltr'>Menenius</span> <span class='ocrx_word' id='word_1_204' title='bbox 1122 2686 1412 2751; x_wconf 89' lang='lat' dir='ltr'>consules</span> <span class='ocrx_word' id='word_1_205' title='bbox 1478 2700 1676 2752; x_wconf 85' lang='lat' dir='ltr'>erant.</span> <span class='ocrx_word' id='word_1_206' title='bbox 1797 2686 2144 2752; x_wconf 89' lang='lat' dir='ltr'>Menenius</span> <span class='ocrx_word' id='word_1_207' title='bbox 2209 2688 2506 2752; x_wconf 82' lang='lat' dir='ltr'>adversus</span> <span class='ocrx_word' id='word_1_208' title='bbox 2565 2685 2818 2754; x_wconf 82' lang='lat' dir='ltr'>Tuscos</span> 
     </span>
    </p>
   </div>
   <div class='ocr_carea' id='block_1_8' title="bbox 724 2886 2822 4302">
    <p class='ocr_par' dir='ltr' id='par_1_10' title="bbox 724 2886 2822 3143">
     <span class='ocr_line' id='line_1_33' title="bbox 785 2886 2819 2950; baseline 0.004 -16"><span class='ocrx_word' id='word_1_209' title='bbox 785 2902 818 2950; x_wconf 90' lang='lat'>9</span> <span class='ocrx_word' id='word_1_210' title='bbox 848 2888 1050 2948; x_wconf 60' lang='lat' dir='ltr'>Rupes-e</span> <span class='ocrx_word' id='word_1_211' title='bbox 1080 2901 1233 2936; x_wconf 74' lang='lat' dir='ltr'>cuneo</span> <span class='ocrx_word' id='word_1_212' title='bbox 1262 2888 1417 2945; x_wconf 75' lang='lat' dir='ltr'>viam]</span> <span class='ocrx_word' id='word_1_213' title='bbox 1469 2901 1538 2936; x_wconf 89' lang='lat' dir='ltr'>sc.</span> <span class='ocrx_word' id='word_1_214' title='bbox 1565 2887 1736 2936; x_wconf 87' lang='lat' dir='ltr'>Perru-</span> <span class='ocrx_word' id='word_1_215' title='bbox 1799 2886 2028 2937; x_wconf 80' lang='lat' dir='ltr'>vicesimo</span> <span class='ocrx_word' id='word_1_216' title='bbox 2069 2889 2244 2940; x_wconf 73' lang='lat' dir='ltr'>aetafis</span> <span class='ocrx_word' id='word_1_217' title='bbox 2283 2905 2414 2939; x_wconf 87' lang='lat' dir='ltr'>anno</span> <span class='ocrx_word' id='word_1_218' title='bbox 2451 2891 2702 2941; x_wconf 85' lang='lat' dir='ltr'>consulem</span> <span class='ocrx_word' id='word_1_219' title='bbox 2743 2891 2819 2943; x_wconf 77' lang='lat' dir='ltr'>fu·</span> 
     </span>
     <span class='ocr_line' id='line_1_34' title="bbox 724 2949 2820 3018; baseline 0.004 -20"><span class='ocrx_word' id='word_1_220' title='bbox 724 2965 857 3014; x_wconf 87' lang='lat' dir='ltr'>pere,</span> <span class='ocrx_word' id='word_1_221' title='bbox 888 2955 945 2998; x_wconf 89' lang='lat' dir='ltr'>ut</span> <span class='ocrx_word' id='word_1_222' title='bbox 980 2965 1211 3011; x_wconf 75' lang='lat' dir='ltr'>rumpere</span> <span class='ocrx_word' id='word_1_223' title='bbox 1244 2952 1339 3000; x_wconf 78' lang='lat' dir='ltr'>iter</span> <span class='ocrx_word' id='word_1_224' title='bbox 1382 2949 1469 2998; x_wconf 83' lang='lat' dir='ltr'>Sil.</span> <span class='ocrx_word' id='word_1_225' title='bbox 1506 2950 1622 3000; x_wconf 86' lang='lat' dir='ltr'>Ital.</span> <span class='ocrx_word' id='word_1_226' title='bbox 1653 2966 1736 3001; x_wconf 78' lang='lat' dir='ltr'>xv.</span> <span class='ocrx_word' id='word_1_227' title='bbox 1799 2952 1907 3002; x_wconf 88' lang='lat' dir='ltr'>isse.</span> <span class='ocrx_word' id='word_1_228' title='bbox 1973 2953 2124 3010; x_wconf 78' lang='lat' dir='ltr'>Quod</span> <span class='ocrx_word' id='word_1_229' title='bbox 2155 2953 2246 3004; x_wconf 83' lang='lat' dir='ltr'>etsi</span> <span class='ocrx_word' id='word_1_230' title='bbox 2277 2970 2374 3004; x_wconf 84' lang='lat' dir='ltr'>nou</span> <span class='ocrx_word' id='word_1_231' title='bbox 2407 2961 2482 3004; x_wconf 82' lang='lat' dir='ltr'>est</span> <span class='ocrx_word' id='word_1_232' title='bbox 2512 2955 2820 3018; x_wconf 78' lang='lat' dir='ltr'>incredibile,</span> 
     </span>
     <span class='ocr_line' id='line_1_35' title="bbox 729 3013 2820 3093; baseline 0.004 -30"><span class='ocrx_word' id='word_1_233' title='bbox 729 3015 837 3076; x_wconf 80' lang='lat'>781.</span> <span class='ocrx_word' id='word_1_234' title='bbox 879 3029 1107 3076; x_wconf 77' lang='lat' dir='ltr'>rumpere</span> <span class='ocrx_word' id='word_1_235' title='bbox 1143 3015 1307 3062; x_wconf 72' lang='lat' dir='ltr'>aditus</span> <span class='ocrx_word' id='word_1_236' title='bbox 1346 3013 1481 3076; x_wconf 83' lang='lat' dir='ltr'>Virg.</span> <span class='ocrx_word' id='word_1_237' title='bbox 1523 3015 1648 3064; x_wconf 83' lang='lat' dir='ltr'>Aen.</span> <span class='ocrx_word' id='word_1_238' title='bbox 1685 3014 1735 3064; x_wconf 86' lang='lat' dir='ltr'>ii.</span> <span class='ocrx_word' id='word_1_239' title='bbox 1800 3021 1973 3079; x_wconf 78' lang='lat' dir='ltr'>utpote</span> <span class='ocrx_word' id='word_1_240' title='bbox 1995 3019 2126 3080; x_wconf 88' lang='lat' dir='ltr'>quod</span> <span class='ocrx_word' id='word_1_241' title='bbox 2157 3023 2330 3093; x_wconf 83' lang='lat' dir='ltr'>postea</span> <span class='ocrx_word' id='word_1_242' title='bbox 2353 3019 2404 3068; x_wconf 91' lang='lat' dir='ltr'>in</span> <span class='ocrx_word' id='word_1_243' title='bbox 2428 3020 2630 3069; x_wconf 86' lang='lat' dir='ltr'>Valerio</span> <span class='ocrx_word' id='word_1_244' title='bbox 2652 3023 2820 3072; x_wconf 73' lang='lat' dir='ltr'>Con-o</span> 
     </span>
     <span class='ocr_line' id='line_1_36' title="bbox 725 3076 2822 3143; baseline 0.005 -18"><span class='ocrx_word' id='word_1_245' title='bbox 725 3091 837 3140; x_wconf 86' lang='lat'><strong>494.</strong></span> <span class='ocrx_word' id='word_1_246' title='bbox 902 3076 985 3126; x_wconf 88' lang='lat' dir='ltr'>De</span> <span class='ocrx_word' id='word_1_247' title='bbox 1004 3092 1157 3125; x_wconf 75' lang='lat' dir='ltr'>cuneo</span> <span class='ocrx_word' id='word_1_248' title='bbox 1179 3077 1239 3125; x_wconf 82' lang='lat' dir='ltr'>cf.</span> <span class='ocrx_word' id='word_1_249' title='bbox 1261 3077 1371 3125; x_wconf 79' lang='lat' dir='ltr'>infr.</span> <span class='ocrx_word' id='word_1_250' title='bbox 1396 3077 1512 3126; x_wconf 76' lang='lat' dir='ltr'>xxii.</span> <span class='ocrx_word' id='word_1_251' title='bbox 1535 3089 1613 3140; x_wconf 88' lang='grc'>47.</span> <span class='ocrx_word' id='word_1_252' title='bbox 1799 3081 1985 3129; x_wconf 77' lang='lat' dir='ltr'>factum</span> <span class='ocrx_word' id='word_1_253' title='bbox 2023 3097 2334 3143; x_wconf 70' lang='lat' dir='ltr'>reperiamus,</span> <span class='ocrx_word' id='word_1_254' title='bbox 2369 3089 2422 3133; x_wconf 87' lang='lat' dir='ltr'>at</span> <span class='ocrx_word' id='word_1_255' title='bbox 2463 3091 2594 3134; x_wconf 84' lang='lat' dir='ltr'>certe</span> <span class='ocrx_word' id='word_1_256' title='bbox 2636 3088 2702 3134; x_wconf 86' lang='lat' dir='ltr'>ab</span> <span class='ocrx_word' id='word_1_257' title='bbox 2741 3085 2822 3136; x_wconf 84' lang='lat' dir='ltr'>his</span> 
     </span>
    </p>

    <p class='ocr_par' dir='ltr' id='par_1_11' title="bbox 726 3141 2822 3402">
     <span class='ocr_line' id='line_1_37' title="bbox 796 3141 2820 3208; baseline 0.005 -20"><span class='ocrx_word' id='word_1_258' title='bbox 796 3155 816 3188; x_wconf 88' lang='lat'>1</span> <span class='ocrx_word' id='word_1_259' title='bbox 852 3141 987 3189; x_wconf 64' lang='lat' dir='ltr'>Sosis</span> <span class='ocrx_word' id='word_1_260' title='bbox 1002 3143 1251 3201; x_wconf 64' lang='lat' dir='ltr'>convenit]</span> <span class='ocrx_word' id='word_1_261' title='bbox 1286 3141 1388 3190; x_wconf 90' lang='lat' dir='ltr'>Hic</span> <span class='ocrx_word' id='word_1_262' title='bbox 1409 3156 1516 3191; x_wconf 88' lang='lat' dir='ltr'>mos</span> <span class='ocrx_word' id='word_1_263' title='bbox 1537 3142 1737 3204; x_wconf 88' lang='lat' dir='ltr'>loquen-</span> <span class='ocrx_word' id='word_1_264' title='bbox 1800 3144 2111 3208; x_wconf 83' lang='lat' dir='ltr'>scriptoribus</span> <span class='ocrx_word' id='word_1_265' title='bbox 2151 3147 2392 3195; x_wconf 80' lang='lat' dir='ltr'>observari</span> <span class='ocrx_word' id='word_1_266' title='bbox 2433 3149 2686 3208; x_wconf 74' lang='lat' dir='ltr'>debuerat,</span> <span class='ocrx_word' id='word_1_267' title='bbox 2729 3151 2820 3200; x_wconf 85' lang='lat' dir='ltr'>ubi</span> 
     </span>
     <span class='ocr_line' id='line_1_38' title="bbox 726 3203 2818 3274; baseline 0.006 -21"><span class='ocrx_word' id='word_1_268' title='bbox 726 3203 777 3254; x_wconf 77' lang='lat' dir='ltr'>‹li</span> <span class='ocrx_word' id='word_1_269' title='bbox 805 3205 923 3267; x_wconf 85' lang='lat' dir='ltr'>quid</span> <span class='ocrx_word' id='word_1_270' title='bbox 954 3205 1089 3265; x_wconf 83' lang='lat' dir='ltr'>velit,</span> <span class='ocrx_word' id='word_1_271' title='bbox 1109 3211 1313 3268; x_wconf 84' lang='lat' dir='ltr'>apparet</span> <span class='ocrx_word' id='word_1_272' title='bbox 1338 3221 1402 3254; x_wconf 88' lang='lat' dir='ltr'>ex</span> <span class='ocrx_word' id='word_1_273' title='bbox 1434 3206 1556 3255; x_wconf 84' lang='lat' dir='ltr'>libro</span> <span class='ocrx_word' id='word_1_274' title='bbox 1586 3207 1738 3256; x_wconf 82' lang='lat' dir='ltr'>xxvii.</span> <span class='ocrx_word' id='word_1_275' title='bbox 1801 3209 1865 3258; x_wconf 82' lang='lat' dir='ltr'>de</span> <span class='ocrx_word' id='word_1_276' title='bbox 1885 3211 2142 3259; x_wconf 75' lang='lat' dir='ltr'>conmlstu</span> <span class='ocrx_word' id='word_1_277' title='bbox 2166 3211 2270 3260; x_wconf 86' lang='lat' dir='ltr'>eius</span> <span class='ocrx_word' id='word_1_278' title='bbox 2299 3217 2514 3274; x_wconf 75' lang='lat' dir='ltr'>egenmt.</span> <span class='ocrx_word' id='word_1_279' title='bbox 2579 3214 2818 3264; x_wconf 70' lang='lat' dir='ltr'>cetea-um</span> 
     </span>
     <span class='ocr_line' id='line_1_39' title="bbox 726 3269 2822 3337; baseline 0.005 -20"><span class='ocrx_word' id='word_1_280' title='bbox 726 3283 773 3318; x_wconf 73' lang='grc' dir='ltr'>α.</span> <span class='ocrx_word' id='word_1_281' title='bbox 795 3271 828 3295; x_wconf 83' lang='grc'>“</span> <span class='ocrx_word' id='word_1_282' title='bbox 846 3275 897 3318; x_wconf 89' lang='lat' dir='ltr'>et</span> <span class='ocrx_word' id='word_1_283' title='bbox 913 3269 1135 3319; x_wconf 83' lang='lat' dir='ltr'>Priverni</span> <span class='ocrx_word' id='word_1_284' title='bbox 1153 3272 1273 3319; x_wconf 69' lang='lat' dir='ltr'>satis</span> <span class='ocrx_word' id='word_1_285' title='bbox 1292 3273 1541 3320; x_wconf 71' lang='lat' dir='ltr'>constabat</span> <span class='ocrx_word' id='word_1_286' title='bbox 1559 3273 1735 3322; x_wconf 77' lang='lat' dir='ltr'>bovem</span> <span class='ocrx_word' id='word_1_287' title='bbox 1798 3287 1900 3322; x_wconf 88' lang='lat' dir='ltr'>non</span> <span class='ocrx_word' id='word_1_288' title='bbox 1937 3272 2182 3323; x_wconf 78' lang='lat' dir='ltr'>immerito</span> <span class='ocrx_word' id='word_1_289' title='bbox 2223 3275 2496 3337; x_wconf 84' lang='lat' dir='ltr'>suspicatur</span> <span class='ocrx_word' id='word_1_290' title='bbox 2537 3276 2822 3328; x_wconf 79' lang='lat' dir='ltr'>Gronovius</span> 
     </span>
     <span class='ocr_line' id='line_1_40' title="bbox 727 3333 2820 3402; baseline 0.006 -22"><span class='ocrx_word' id='word_1_291' title='bbox 727 3333 961 3382; x_wconf 85' lang='lat' dir='ltr'>locutum.</span> <span class='ocrx_word' id='word_1_292' title='bbox 967 3337 1000 3359; x_wconf 76' lang='lat'>’⁹</span> <span class='ocrx_word' id='word_1_293' title='bbox 1801 3336 1996 3385; x_wconf 80' lang='lat' dir='ltr'>Livium</span> <span class='ocrx_word' id='word_1_294' title='bbox 2012 3338 2254 3400; x_wconf 79' lang='lat' dir='ltr'>scripsisse</span> <span class='ocrx_word' id='word_1_295' title='bbox 2267 3355 2424 3402; x_wconf 75' lang='lat' dir='ltr'>prope</span> <span class='ocrx_word' id='word_1_296' title='bbox 2433 3343 2666 3402; x_wconf 72' lang='lat' dir='ltr'>puberem</span> <span class='ocrx_word' id='word_1_297' title='bbox 2681 3351 2820 3393; x_wconf 73' lang='lat' dir='ltr'>aeta-</span> 
     </span>
    </p>

    <p class='ocr_par' dir='ltr' id='par_1_12' title="bbox 724 3397 2820 4175">
     <span class='ocr_line' id='line_1_41' title="bbox 792 3397 2494 3465; baseline 0.005 -20"><span class='ocrx_word' id='word_1_298' title='bbox 792 3411 819 3445; x_wconf 79' lang='lat'><em>2</em></span> <span class='ocrx_word' id='word_1_299' title='bbox 862 3399 1051 3457; x_wconf 75' lang='lat' dir='ltr'>Unum]</span> <span class='ocrx_word' id='word_1_300' title='bbox 1094 3397 1245 3446; x_wconf 88' lang='lat' dir='ltr'>Hanc</span> <span class='ocrx_word' id='word_1_301' title='bbox 1276 3399 1601 3448; x_wconf 81' lang='lat' dir='ltr'>narrationem</span> <span class='ocrx_word' id='word_1_302' title='bbox 1633 3400 1738 3450; x_wconf 86' lang='lat' dir='ltr'>iure</span> <span class='ocrx_word' id='word_1_303' title='bbox 1799 3407 1911 3460; x_wconf 68' lang='lat' dir='ltr'>tea,</span> <span class='ocrx_word' id='word_1_304' title='bbox 1931 3407 1988 3449; x_wconf 88' lang='lat' dir='ltr'>ut</span> <span class='ocrx_word' id='word_1_305' title='bbox 2007 3417 2136 3464; x_wconf 88' lang='lat' dir='ltr'>supr.</span> <span class='ocrx_word' id='word_1_306' title='bbox 2159 3401 2190 3452; x_wconf 92' lang='lat' dir='ltr'>i.</span> <span class='ocrx_word' id='word_1_307' title='bbox 2215 3415 2293 3465; x_wconf 80' lang='grc'>35.</span> <span class='ocrx_word' id='word_1_308' title='bbox 2331 3405 2494 3454; x_wconf 75' lang='lat' dir='ltr'>Cnsv.</span> 
     </span>
     <span class='ocr_line' id='line_1_42' title="bbox 727 3460 2820 3534; baseline 0.006 -27"><span class='ocrx_word' id='word_1_309' title='bbox 727 3460 915 3534; x_wconf 85' lang='lat' dir='ltr'>optimo</span> <span class='ocrx_word' id='word_1_310' title='bbox 935 3461 1162 3523; x_wconf 85' lang='lat' dir='ltr'>repudiat</span> <span class='ocrx_word' id='word_1_311' title='bbox 1184 3462 1388 3512; x_wconf 87' lang='lat' dir='ltr'>Niebhr.</span> <span class='ocrx_word' id='word_1_312' title='bbox 1411 3463 1495 3525; x_wconf 90' lang='lat' dir='ltr'>qui</span> <span class='ocrx_word' id='word_1_313' title='bbox 1521 3465 1739 3527; x_wconf 85' lang='lat' dir='ltr'>stirpem,</span> <span class='ocrx_word' id='word_1_314' title='bbox 1865 3483 1897 3526; x_wconf 87' lang='grc'><strong>4</strong></span> <span class='ocrx_word' id='word_1_315' title='bbox 1927 3467 2139 3528; x_wconf 67' lang='lat' dir='ltr'>Stirpem</span> <span class='ocrx_word' id='word_1_316' title='bbox 2165 3469 2328 3529; x_wconf 68' lang='lat' dir='ltr'>qemi]</span> <span class='ocrx_word' id='word_1_317' title='bbox 2380 3467 2449 3516; x_wconf 76' lang='lat' dir='ltr'>Et</span> <span class='ocrx_word' id='word_1_318' title='bbox 2479 3483 2597 3518; x_wconf 81' lang='lat' dir='ltr'>sane</span> <span class='ocrx_word' id='word_1_319' title='bbox 2627 3484 2820 3531; x_wconf 76' lang='lat' dir='ltr'>omnes,</span> 
     </span>
     <span class='ocr_line' id='line_1_43' title="bbox 726 3525 2819 3593; baseline 0.005 -21"><span class='ocrx_word' id='word_1_320' title='bbox 726 3538 769 3572; x_wconf 81' lang='grc' dir='ltr'>ιιι</span> <span class='ocrx_word' id='word_1_321' title='bbox 810 3525 957 3573; x_wconf 88' lang='lat' dir='ltr'>modo</span> <span class='ocrx_word' id='word_1_322' title='bbox 999 3525 1145 3574; x_wconf 86' lang='lat' dir='ltr'>unica</span> <span class='ocrx_word' id='word_1_323' title='bbox 1194 3532 1337 3587; x_wconf 86' lang='lat' dir='ltr'>esset,</span> <span class='ocrx_word' id='word_1_324' title='bbox 1377 3528 1513 3591; x_wconf 80' lang='lat' dir='ltr'>genti</span> <span class='ocrx_word' id='word_1_325' title='bbox 1555 3529 1738 3577; x_wconf 83' lang='lat' dir='ltr'>Fabiae</span> <span class='ocrx_word' id='word_1_326' title='bbox 1801 3528 1884 3591; x_wconf 88' lang='lat' dir='ltr'>qui</span> <span class='ocrx_word' id='word_1_327' title='bbox 1911 3529 2144 3592; x_wconf 82' lang='lat' dir='ltr'>proximis</span> <span class='ocrx_word' id='word_1_328' title='bbox 2163 3531 2464 3593; x_wconf 84' lang='lat' dir='ltr'>temporibus</span> <span class='ocrx_word' id='word_1_329' title='bbox 2483 3532 2536 3580; x_wconf 86' lang='lat' dir='ltr'>in</span> <span class='ocrx_word' id='word_1_330' title='bbox 2557 3535 2819 3584; x_wconf 74' lang='lat' dir='ltr'>annalibus</span> 
     </span>
     <span class='ocr_line' id='line_1_44' title="bbox 728 3589 2819 3660; baseline 0.005 -24"><span class='ocrx_word' id='word_1_331' title='bbox 728 3590 980 3638; x_wconf 59' lang='lat' dir='ltr'>Malum&amp;</span> <span class='ocrx_word' id='word_1_332' title='bbox 1000 3589 1219 3639; x_wconf 84' lang='lat' dir='ltr'>relictam</span> <span class='ocrx_word' id='word_1_333' title='bbox 1240 3605 1345 3640; x_wconf 86' lang='lat' dir='ltr'>esse</span> <span class='ocrx_word' id='word_1_334' title='bbox 1364 3597 1525 3655; x_wconf 83' lang='lat' dir='ltr'>putat,</span> <span class='ocrx_word' id='word_1_335' title='bbox 1541 3597 1592 3641; x_wconf 88' lang='lat' dir='ltr'>et</span> <span class='ocrx_word' id='word_1_336' title='bbox 1608 3597 1737 3655; x_wconf 90' lang='lat' dir='ltr'>post-</span> <span class='ocrx_word' id='word_1_337' title='bbox 1801 3597 1852 3642; x_wconf 87' lang='lat' dir='ltr'>et</span> <span class='ocrx_word' id='word_1_338' title='bbox 1877 3595 2208 3644; x_wconf 86' lang='lat' dir='ltr'>consularibus</span> <span class='ocrx_word' id='word_1_339' title='bbox 2238 3595 2374 3644; x_wconf 78' lang='lat' dir='ltr'>fastis</span> <span class='ocrx_word' id='word_1_340' title='bbox 2393 3595 2538 3645; x_wconf 83' lang='lat' dir='ltr'>Fabii</span> <span class='ocrx_word' id='word_1_341' title='bbox 2567 3599 2819 3660; x_wconf 81' lang='lat' dir='ltr'>reperiun-</span> 
     </span>
     <span class='ocr_line' id='line_1_45' title="bbox 728 3653 2820 3718; baseline 0.006 -18"><span class='ocrx_word' id='word_1_342' title='bbox 728 3667 789 3700; x_wconf 87' lang='lat' dir='ltr'>ea</span> <span class='ocrx_word' id='word_1_343' title='bbox 823 3653 1035 3702; x_wconf 86' lang='lat' dir='ltr'>Romam</span> <span class='ocrx_word' id='word_1_344' title='bbox 1068 3655 1362 3717; x_wconf 83' lang='lat' dir='ltr'>remigrasse.</span> <span class='ocrx_word' id='word_1_345' title='bbox 1405 3657 1467 3705; x_wconf 65' lang='lat' dir='ltr'>ct</span> <span class='ocrx_word' id='word_1_346' title='bbox 1492 3657 1666 3705; x_wconf 83' lang='lat' dir='ltr'>Festus</span> <span class='ocrx_word' id='word_1_347' title='bbox 1691 3673 1739 3707; x_wconf 78' lang='lat' dir='ltr'>v.</span> <span class='ocrx_word' id='word_1_348' title='bbox 1803 3663 1898 3718; x_wconf 86' lang='lat' dir='ltr'>tur,</span> <span class='ocrx_word' id='word_1_349' title='bbox 1919 3659 1982 3706; x_wconf 84' lang='lat' dir='ltr'>ab</span> <span class='ocrx_word' id='word_1_350' title='bbox 2003 3673 2102 3706; x_wconf 88' lang='lat' dir='ltr'>uno</span> <span class='ocrx_word' id='word_1_351' title='bbox 2125 3659 2193 3716; x_wconf 73' lang='lat' dir='ltr'>Q„</span> <span class='ocrx_word' id='word_1_352' title='bbox 2215 3659 2370 3708; x_wconf 85' lang='lat' dir='ltr'>Fabio</span> <span class='ocrx_word' id='word_1_353' title='bbox 2393 3662 2467 3711; x_wconf 80' lang='lat' dir='ltr'>M.</span> <span class='ocrx_word' id='word_1_354' title='bbox 2487 3661 2543 3711; x_wconf 88' lang='lat' dir='ltr'>F.</span> <span class='ocrx_word' id='word_1_355' title='bbox 2563 3661 2820 3712; x_wconf 85' lang='lat' dir='ltr'>Vibulano</span> 
     </span>
     <span class='ocr_line' id='line_1_46' title="bbox 726 3718 2818 3787; baseline 0.005 -22"><span class='ocrx_word' id='word_1_356' title='bbox 726 3718 1009 3767; x_wconf 74' lang='lat' dir='ltr'>Numer-im.</span> <span class='ocrx_word' id='word_1_357' title='bbox 1072 3719 1217 3768; x_wconf 84' lang='lat' dir='ltr'>Solus</span> <span class='ocrx_word' id='word_1_358' title='bbox 1239 3719 1522 3782; x_wconf 77' lang='lat' dir='ltr'>Diony-us,</span> <span class='ocrx_word' id='word_1_359' title='bbox 1535 3735 1660 3783; x_wconf 82' lang='lat' dir='ltr'>quae</span> <span class='ocrx_word' id='word_1_360' title='bbox 1676 3721 1740 3770; x_wconf 81' lang='lat' dir='ltr'>de</span> <span class='ocrx_word' id='word_1_361' title='bbox 1803 3721 2027 3770; x_wconf 79' lang='lat' dir='ltr'>videntur</span> <span class='ocrx_word' id='word_1_362' title='bbox 2068 3723 2193 3771; x_wconf 88' lang='lat' dir='ltr'>orti:</span> <span class='ocrx_word' id='word_1_363' title='bbox 2241 3726 2636 3787; x_wconf 84' lang='lat' dir='ltr'>quandoquidem</span> <span class='ocrx_word' id='word_1_364' title='bbox 2679 3727 2818 3776; x_wconf 84' lang='lat' dir='ltr'>dein-</span> 
     </span>
     <span class='ocr_line' id='line_1_47' title="bbox 728 3782 2816 3850; baseline 0.006 -23"><span class='ocrx_word' id='word_1_365' title='bbox 728 3794 827 3827; x_wconf 87' lang='lat' dir='ltr'>uno</span> <span class='ocrx_word' id='word_1_366' title='bbox 864 3797 921 3829; x_wconf 88' lang='lat' dir='ltr'>su</span> <span class='ocrx_word' id='word_1_367' title='bbox 984 3782 1121 3832; x_wconf 80' lang='lat' dir='ltr'>rstite</span> <span class='ocrx_word' id='word_1_368' title='bbox 1158 3783 1315 3832; x_wconf 82' lang='lat' dir='ltr'>Fabio</span> <span class='ocrx_word' id='word_1_369' title='bbox 1350 3783 1596 3844; x_wconf 83' lang='lat' dir='ltr'>dicuntur,</span> <span class='ocrx_word' id='word_1_370' title='bbox 1633 3791 1738 3834; x_wconf 86' lang='lat' dir='ltr'>tan-</span> <span class='ocrx_word' id='word_1_371' title='bbox 1801 3799 1919 3848; x_wconf 88' lang='lat' dir='ltr'>ceps</span> <span class='ocrx_word' id='word_1_372' title='bbox 1938 3785 2147 3850; x_wconf 85' lang='lat' dir='ltr'>proximi</span> <span class='ocrx_word' id='word_1_373' title='bbox 2169 3793 2358 3850; x_wconf 86' lang='lat' dir='ltr'>patrem</span> <span class='ocrx_word' id='word_1_374' title='bbox 2380 3789 2646 3849; x_wconf 76' lang='lat' dir='ltr'>Quintum,</span> <span class='ocrx_word' id='word_1_375' title='bbox 2663 3807 2816 3840; x_wconf 76' lang='lat' dir='ltr'>avum</span> 
     </span>
     <span class='ocr_line' id='line_1_48' title="bbox 730 3846 2818 3915; baseline 0.006 -23"><span class='ocrx_word' id='word_1_376' title='bbox 730 3857 877 3915; x_wconf 68' lang='lat' dir='ltr'>“uam</span> <span class='ocrx_word' id='word_1_377' title='bbox 906 3851 930 3893; x_wconf 91' lang='lat' dir='ltr'>t</span> <span class='ocrx_word' id='word_1_378' title='bbox 964 3846 1154 3900; x_wconf 71' lang='lat' dir='ltr'>eati-icis</span> <span class='ocrx_word' id='word_1_379' title='bbox 1186 3847 1429 3909; x_wconf 77' lang='lat' dir='ltr'>figmentis</span> <span class='ocrx_word' id='word_1_380' title='bbox 1458 3848 1637 3897; x_wconf 83' lang='lat' dir='ltr'>similia</span> <span class='ocrx_word' id='word_1_381' title='bbox 1665 3865 1737 3898; x_wconf 87' lang='lat' dir='ltr'>re-</span> <span class='ocrx_word' id='word_1_382' title='bbox 1802 3849 2058 3909; x_wconf 76' lang='lat' dir='ltr'>Marcum3</span> <span class='ocrx_word' id='word_1_383' title='bbox 2089 3851 2384 3913; x_wconf 73' lang='lat' dir='ltr'>remotiores,</span> <span class='ocrx_word' id='word_1_384' title='bbox 2399 3869 2547 3902; x_wconf 83' lang='lat' dir='ltr'>avum</span> <span class='ocrx_word' id='word_1_385' title='bbox 2565 3854 2818 3911; x_wconf 78' lang='lat' dir='ltr'>Quintum</span> 
     </span>
     <span class='ocr_line' id='line_1_49' title="bbox 726 3909 2818 3982; baseline 0.006 -26"><span class='ocrx_word' id='word_1_386' title='bbox 726 3911 849 3967; x_wconf 65' lang='lat' dir='ltr'>liert„</span> <span class='ocrx_word' id='word_1_387' title='bbox 880 3910 994 3972; x_wconf 88' lang='lat' dir='ltr'>quia</span> <span class='ocrx_word' id='word_1_388' title='bbox 1027 3911 1120 3974; x_wconf 87' lang='lat' dir='ltr'>ipsi</span> <span class='ocrx_word' id='word_1_389' title='bbox 1156 3909 1259 3959; x_wconf 86' lang='lat' dir='ltr'>fieri</span> <span class='ocrx_word' id='word_1_390' title='bbox 1290 3911 1489 3960; x_wconf 82' lang='lat' dir='ltr'>omnino</span> <span class='ocrx_word' id='word_1_391' title='bbox 1521 3926 1620 3960; x_wconf 88' lang='lat' dir='ltr'>non</span> <span class='ocrx_word' id='word_1_392' title='bbox 1652 3929 1738 3975; x_wconf 90' lang='lat' dir='ltr'>po-</span> <span class='ocrx_word' id='word_1_393' title='bbox 1800 3913 1944 3963; x_wconf 83' lang='lat' dir='ltr'>illum</span> <span class='ocrx_word' id='word_1_394' title='bbox 1997 3915 2223 3965; x_wconf 79' lang='lat' dir='ltr'>habuisse</span> <span class='ocrx_word' id='word_1_395' title='bbox 2277 3916 2329 3966; x_wconf 89' lang='lat' dir='ltr'>in</span> <span class='ocrx_word' id='word_1_396' title='bbox 2381 3918 2519 3967; x_wconf 79' lang='lat' dir='ltr'>fastis</span> <span class='ocrx_word' id='word_1_397' title='bbox 2570 3919 2818 3982; x_wconf 81' lang='lat' dir='ltr'>leg-untur.</span> 
     </span>
     <span class='ocr_line' id='line_1_50' title="bbox 728 3971 1967 4037; baseline 0.006 -17"><span class='ocrx_word' id='word_1_398' title='bbox 728 3971 879 4021; x_wconf 87' lang='lat' dir='ltr'>tuisse</span> <span class='ocrx_word' id='word_1_399' title='bbox 918 3973 1120 4034; x_wconf 84' lang='lat' dir='ltr'>videtur,</span> <span class='ocrx_word' id='word_1_400' title='bbox 1157 3981 1215 4024; x_wconf 88' lang='lat' dir='ltr'>ut</span> <span class='ocrx_word' id='word_1_401' title='bbox 1252 3989 1351 4023; x_wconf 86' lang='lat' dir='ltr'>non</span> <span class='ocrx_word' id='word_1_402' title='bbox 1382 3975 1671 4037; x_wconf 80' lang='lat' dir='ltr'>quibusdam</span> <span class='ocrx_word' id='word_1_403' title='bbox 1709 3993 1739 4026; x_wconf 87' lang='lat' dir='ltr'>e</span> <span class='ocrx_word' id='word_1_404' title='bbox 1803 3979 1967 4028; x_wconf 68' lang='lat' dir='ltr'>Cur.</span> 
     </span>
     <span class='ocr_line' id='line_1_51' title="bbox 724 4037 2816 4108; baseline 0.006 -23"><span class='ocrx_word' id='word_1_405' title='bbox 724 4037 955 4086; x_wconf 84' lang='lat' dir='ltr'>trecentis</span> <span class='ocrx_word' id='word_1_406' title='bbox 978 4039 1077 4088; x_wconf 89' lang='lat' dir='ltr'>illis</span> <span class='ocrx_word' id='word_1_407' title='bbox 1098 4037 1263 4087; x_wconf 86' lang='lat' dir='ltr'>Fabiis</span> <span class='ocrx_word' id='word_1_408' title='bbox 1282 4044 1370 4088; x_wconf 89' lang='lat' dir='ltr'>aut</span> <span class='ocrx_word' id='word_1_409' title='bbox 1390 4039 1562 4088; x_wconf 74' lang='lat' dir='ltr'>fiatres</span> <span class='ocrx_word' id='word_1_410' title='bbox 1578 4039 1736 4103; x_wconf 86' lang='lat' dir='ltr'>impu·</span> <span class='ocrx_word' id='word_1_411' title='bbox 1865 4053 1893 4104; x_wconf 81' lang='lat'><strong>5</strong></span> <span class='ocrx_word' id='word_1_412' title='bbox 1925 4045 2062 4104; x_wconf 68' lang='lat' dir='ltr'>Im]</span> <span class='ocrx_word' id='word_1_413' title='bbox 2121 4045 2240 4094; x_wconf 86' lang='lat' dir='ltr'>Hoc</span> <span class='ocrx_word' id='word_1_414' title='bbox 2255 4050 2480 4108; x_wconf 82' lang='lat' dir='ltr'>tempore</span> <span class='ocrx_word' id='word_1_415' title='bbox 2499 4049 2724 4098; x_wconf 79' lang='lat' dir='ltr'>consules</span> <span class='ocrx_word' id='word_1_416' title='bbox 2743 4047 2816 4098; x_wconf 82' lang='lat' dir='ltr'>in-</span> 
     </span>
     <span class='ocr_line' id='line_1_52' title="bbox 726 4101 2816 4175; baseline 0.006 -26"><span class='ocrx_word' id='word_1_417' title='bbox 726 4101 865 4150; x_wconf 75' lang='lat' dir='ltr'>beres</span> <span class='ocrx_word' id='word_1_418' title='bbox 884 4109 1061 4164; x_wconf 79' lang='lat' dir='ltr'>essent,</span> <span class='ocrx_word' id='word_1_419' title='bbox 1081 4109 1167 4151; x_wconf 89' lang='lat' dir='ltr'>aut</span> <span class='ocrx_word' id='word_1_420' title='bbox 1188 4102 1293 4151; x_wconf 80' lang='lat' dir='ltr'>filii.</span> <span class='ocrx_word' id='word_1_421' title='bbox 1799 4111 1948 4156; x_wconf 75' lang='lat' dir='ltr'>eunte</span> <span class='ocrx_word' id='word_1_422' title='bbox 1988 4123 2120 4156; x_wconf 82' lang='lat' dir='ltr'>anno</span> <span class='ocrx_word' id='word_1_423' title='bbox 2163 4109 2516 4172; x_wconf 80' lang='lat' dir='ltr'>olympiadum</span> <span class='ocrx_word' id='word_1_424' title='bbox 2562 4113 2816 4175; x_wconf 80' lang='lat' dir='ltr'>magistra-</span> 
     </span>
    </p>

    <p class='ocr_par' dir='ltr' id='par_1_13' title="bbox 727 4164 2817 4302">
     <span class='ocr_line' id='line_1_53' title="bbox 792 4164 2817 4237; baseline 0.006 -24"><span class='ocrx_word' id='word_1_425' title='bbox 792 4180 821 4227; x_wconf 81' lang='lat'>3</span> <span class='ocrx_word' id='word_1_426' title='bbox 858 4167 1023 4229; x_wconf 76' lang='lat' dir='ltr'>Propo</span> <span class='ocrx_word' id='word_1_427' title='bbox 1054 4169 1310 4229; x_wconf 73' lang='lat' dir='ltr'>puberem]</span> <span class='ocrx_word' id='word_1_428' title='bbox 1370 4164 1560 4214; x_wconf 74' lang='grc' dir='ltr'>Παιδίον</span> <span class='ocrx_word' id='word_1_429' title='bbox 1594 4175 1737 4217; x_wconf 81' lang='lat' dir='ltr'>vocat</span> <span class='ocrx_word' id='word_1_430' title='bbox 1797 4173 1903 4217; x_wconf 85' lang='lat' dir='ltr'>tum</span> <span class='ocrx_word' id='word_1_431' title='bbox 1919 4173 2252 4234; x_wconf 59' lang='lat' dir='ltr'>(rependunt,</span> <span class='ocrx_word' id='word_1_432' title='bbox 2265 4175 2396 4222; x_wconf 86' lang='lat' dir='ltr'>unde</span> <span class='ocrx_word' id='word_1_433' title='bbox 2418 4175 2572 4237; x_wconf 86' lang='lat' dir='ltr'>liquet</span> <span class='ocrx_word' id='word_1_434' title='bbox 2593 4177 2686 4226; x_wconf 81' lang='lat' dir='ltr'>hos</span> <span class='ocrx_word' id='word_1_435' title='bbox 2700 4193 2817 4226; x_wconf 84' lang='lat' dir='ltr'>eon-</span> 
     </span>
     <span class='ocr_line' id='line_1_54' title="bbox 727 4228 2817 4302; baseline 0.007 -26"><span class='ocrx_word' id='word_1_436' title='bbox 727 4228 876 4278; x_wconf 89' lang='lat' dir='ltr'>Dion.</span> <span class='ocrx_word' id='word_1_437' title='bbox 898 4230 966 4280; x_wconf 83' lang='lat' dir='ltr'>ix.</span> <span class='ocrx_word' id='word_1_438' title='bbox 992 4245 1067 4279; x_wconf 79' lang='lat'>22.</span> <span class='ocrx_word' id='word_1_439' title='bbox 1134 4230 1285 4291; x_wconf 80' lang='lat' dir='ltr'>Atqui</span> <span class='ocrx_word' id='word_1_440' title='bbox 1314 4235 1481 4278; x_wconf 85' lang='lat' dir='ltr'>tamen</span> <span class='ocrx_word' id='word_1_441' title='bbox 1505 4245 1618 4279; x_wconf 89' lang='lat' dir='ltr'>eum</span> <span class='ocrx_word' id='word_1_442' title='bbox 1647 4247 1735 4281; x_wconf 86' lang='lat' dir='ltr'>un-</span> <span class='ocrx_word' id='word_1_443' title='bbox 1797 4235 1928 4283; x_wconf 86' lang='lat' dir='ltr'>sules</span> <span class='ocrx_word' id='word_1_444' title='bbox 1969 4236 2282 4286; x_wconf 85' lang='lat' dir='ltr'>undecimum</span> <span class='ocrx_word' id='word_1_445' title='bbox 2325 4238 2637 4302; x_wconf 78' lang='lat' dir='ltr'>magistratus</span> <span class='ocrx_word' id='word_1_446' title='bbox 2677 4257 2817 4291; x_wconf 87' lang='lat' dir='ltr'>men-</span> 
     </span>
    </p>
   </div>
   <div class='ocr_carea' id='block_1_9' title="bbox 725 4293 2720 4423">
    <p class='ocr_par' dir='ltr' id='par_1_14' title="bbox 725 4293 2720 4423">
     <span class='ocr_line' id='line_1_55' title="bbox 725 4293 2720 4369; baseline 0.009 -30"><span class='ocrx_word' id='word_1_447' title='bbox 725 4293 916 4367; x_wconf 65' lang='lat' dir='ltr'>flecimo</span> <span class='ocrx_word' id='word_1_448' title='bbox 950 4299 1059 4355; x_wconf 87' lang='lat' dir='ltr'>post</span> <span class='ocrx_word' id='word_1_449' title='bbox 1088 4308 1219 4342; x_wconf 84' lang='lat' dir='ltr'>anno</span> <span class='ocrx_word' id='word_1_450' title='bbox 1245 4295 1495 4344; x_wconf 86' lang='lat' dir='ltr'>consulem</span> <span class='ocrx_word' id='word_1_451' title='bbox 1519 4294 1738 4346; x_wconf 81' lang='lat' dir='ltr'>videmus</span> <span class='ocrx_word' id='word_1_452' title='bbox 1799 4311 1901 4347; x_wconf 87' lang='lat' dir='ltr'>sem</span> <span class='ocrx_word' id='word_1_453' title='bbox 1923 4298 2022 4349; x_wconf 87' lang='lat' dir='ltr'>iam</span> <span class='ocrx_word' id='word_1_454' title='bbox 2043 4309 2200 4364; x_wconf 72' lang='lat' dir='ltr'>agere.</span> <span class='ocrx_word' id='word_1_455' title='bbox 2235 4300 2441 4354; x_wconf 83' lang='lat' dir='ltr'>Niebhr.</span> <span class='ocrx_word' id='word_1_456' title='bbox 2463 4302 2514 4353; x_wconf 86' lang='lat' dir='ltr'>ii.</span> <span class='ocrx_word' id='word_1_457' title='bbox 2538 4319 2588 4356; x_wconf 87' lang='lat' dir='ltr'>n.</span> <span class='ocrx_word' id='word_1_458' title='bbox 2606 4317 2720 4369; x_wconf 81' lang='lat'>451.</span> 
     </span>
     <span class='ocr_line' id='line_1_56' title="bbox 726 4356 1738 4423; baseline 0.007 -20"><span class='ocrx_word' id='word_1_459' title='bbox 726 4356 833 4407; x_wconf 77' lang='lat' dir='ltr'>infr.</span> <span class='ocrx_word' id='word_1_460' title='bbox 848 4371 913 4407; x_wconf 86' lang='grc' dir='ltr'><strong>ιιι.</strong></span> <span class='ocrx_word' id='word_1_461' title='bbox 934 4371 975 4408; x_wconf 87' lang='grc' dir='ltr'>ι.</span> <span class='ocrx_word' id='word_1_462' title='bbox 991 4359 1122 4408; x_wconf 81' lang='lat' dir='ltr'>unde</span> <span class='ocrx_word' id='word_1_463' title='bbox 1139 4357 1346 4408; x_wconf 82' lang='lat' dir='ltr'>eflicitur</span> <span class='ocrx_word' id='word_1_464' title='bbox 1364 4373 1480 4410; x_wconf 86' lang='lat' dir='ltr'>eum</span> <span class='ocrx_word' id='word_1_465' title='bbox 1495 4365 1670 4423; x_wconf 81' lang='lat' dir='ltr'>quarto</span> <span class='ocrx_word' id='word_1_466' title='bbox 1685 4365 1738 4410; x_wconf 90' lang='lat' dir='ltr'>et</span> 
     </span>
    </p>
   </div>
  </div>
 </body>
</html>
