<?xml version="1.0" encoding="UTF-8"?>
<!DOCTYPE html PUBLIC "-//W3C//DTD XHTML 1.0 Transitional//EN"
    "http://www.w3.org/TR/xhtml1/DTD/xhtml1-transitional.dtd">
<html xmlns="http://www.w3.org/1999/xhtml" xml:lang="en" lang="en">
 <head>
  <title>
</title>
<meta http-equiv="Content-Type" content="text/html;charset=utf-8" />
  <meta name='ocr-system' content='tesseract 3.04.00' />
  <meta name='ocr-capabilities' content='ocr_page ocr_carea ocr_par ocr_line ocrx_word'/>
</head>
<body>
  <div class='ocr_page' id='page_1' title='image "./tliviipatavinih10unkngoog_0579.png"; bbox 0 0 3000 4784; ppageno 0'>
   <div class='ocr_carea' id='block_1_1' title="bbox 1857 0 2974 2">
    <p class='ocr_par' dir='ltr' id='par_1_1' title="bbox 1857 0 2974 2">
     <span class='ocr_line' id='line_1_1' title="bbox 1857 0 2974 2; baseline 0 0"><span class='ocrx_word' id='word_1_1' title='bbox 1857 0 2974 2; x_wconf 95' lang='lat' dir='ltr'><strong> </strong></span> 
     </span>
    </p>
   </div>
   <div class='ocr_carea' id='block_1_2' title="bbox 931 254 1657 326">
    <p class='ocr_par' dir='ltr' id='par_1_2' title="bbox 931 254 1657 326">
     <span class='ocr_line' id='line_1_2' title="bbox 931 254 1657 326; baseline 0.008 -6"><span class='ocrx_word' id='word_1_2' title='bbox 931 254 1122 321; x_wconf 94' lang='lat' dir='ltr'><strong>LIB.</strong></span> <span class='ocrx_word' id='word_1_3' title='bbox 1172 257 1255 322; x_wconf 89' lang='lat' dir='ltr'><strong>X.</strong></span> <span class='ocrx_word' id='word_1_4' title='bbox 1330 257 1550 326; x_wconf 89' lang='lat' dir='ltr'><strong>CAP.</strong></span> <span class='ocrx_word' id='word_1_5' title='bbox 1598 267 1657 326; x_wconf 89' lang='lat'><strong>8.</strong></span> 
     </span>
    </p>
   </div>
   <div class='ocr_carea' id='block_1_3' title="bbox 100 393 2640 2562">
    <p class='ocr_par' dir='ltr' id='par_1_3' title="bbox 100 393 2640 2562">
     <span class='ocr_line' id='line_1_3' title="bbox 100 393 2639 482; baseline 0 -24"><span class='ocrx_word' id='word_1_6' title='bbox 100 405 107 410; x_wconf 86' lang='lat'>&#39;</span> <span class='ocrx_word' id='word_1_7' title='bbox 214 403 241 432; x_wconf 88' lang='lat'><strong><em>⁶</em></strong></span> <span class='ocrx_word' id='word_1_8' title='bbox 276 393 551 458; x_wconf 87' lang='lat' dir='ltr'><strong>bilitatis</strong></span> <span class='ocrx_word' id='word_1_9' title='bbox 587 393 851 480; x_wconf 87' lang='lat' dir='ltr'><strong>quidem</strong></span> <span class='ocrx_word' id='word_1_10' title='bbox 890 415 1038 458; x_wconf 86' lang='lat' dir='ltr'><strong>suae</strong></span> <span class='ocrx_word' id='word_1_11' title='bbox 1130 393 1368 458; x_wconf 85' lang='lat' dir='ltr'><strong>lebeios</strong></span> <span class='ocrx_word' id='word_1_12' title='bbox 1411 394 1756 482; x_wconf 86' lang='lat' dir='ltr'><strong>poenitere.</strong></span> <span class='ocrx_word' id='word_1_13' title='bbox 1847 393 1976 460; x_wconf 87' lang='lat' dir='ltr'><strong>Pro</strong></span> <span class='ocrx_word' id='word_1_14' title='bbox 2014 406 2186 460; x_wconf 85' lang='lat' dir='ltr'><strong>certo</strong></span> <span class='ocrx_word' id='word_1_15' title='bbox 2223 394 2336 460; x_wconf 83' lang='lat' dir='ltr'><strong>ha-</strong></span> <span class='ocrx_word' id='word_1_16' title='bbox 2356 409 2424 458; x_wconf 85' lang='lat' dir='ltr'><strong>U.</strong></span> <span class='ocrx_word' id='word_1_17' title='bbox 2447 410 2506 460; x_wconf 89' lang='lat' dir='ltr'><strong>c.</strong></span> <span class='ocrx_word' id='word_1_18' title='bbox 2529 421 2639 471; x_wconf 77' lang='lat'><strong>452·</strong></span> 
     </span>
     <span class='ocr_line' id='line_1_4' title="bbox 214 415 2640 568; baseline 0 -22"><span class='ocrx_word' id='word_1_19' title='bbox 214 491 241 520; x_wconf 88' lang='lat'><strong><em>⁶</em></strong></span> <span class='ocrx_word' id='word_1_20' title='bbox 276 481 463 558; x_wconf 89' lang='lat' dir='ltr'><strong>bere,</strong></span> <span class='ocrx_word' id='word_1_21' title='bbox 496 480 555 544; x_wconf 88' lang='lat' dir='ltr'><strong>si</strong></span> <span class='ocrx_word' id='word_1_22' title='bbox 592 480 767 567; x_wconf 90' lang='lat' dir='ltr'><strong>quod</strong></span> <span class='ocrx_word' id='word_1_23' title='bbox 808 502 1036 567; x_wconf 87' lang='lat' dir='ltr'><strong>repens</strong></span> <span class='ocrx_word' id='word_1_24' title='bbox 1076 415 1316 545; x_wconf 49' lang='lat' dir='ltr'><strong>{ellum</strong></span> <span class='ocrx_word' id='word_1_25' title='bbox 1358 481 1614 560; x_wconf 87' lang='lat' dir='ltr'><strong>oriatur,</strong></span> <span class='ocrx_word' id='word_1_26' title='bbox 1661 504 1794 547; x_wconf 89' lang='lat' dir='ltr'><strong>non</strong></span> <span class='ocrx_word' id='word_1_27' title='bbox 1833 481 1980 568; x_wconf 84' lang='lat' dir='ltr'><strong>plus</strong></span> <span class='ocrx_word' id='word_1_28' title='bbox 2021 482 2156 568; x_wconf 88' lang='lat' dir='ltr'><strong>spei</strong></span> <span class='ocrx_word' id='word_1_29' title='bbox 2199 482 2334 547; x_wconf 84' lang='lat' dir='ltr'><strong>fore</strong></span> <span class='ocrx_word' id='word_1_30' title='bbox 2352 474 2414 525; x_wconf 78' lang='lat' dir='ltr'><strong>A.</strong></span> <span class='ocrx_word' id='word_1_31' title='bbox 2447 475 2506 525; x_wconf 82' lang='lat'><strong>0·</strong></span> <span class='ocrx_word' id='word_1_32' title='bbox 2531 483 2640 536; x_wconf 75' lang='lat'><strong>³0⁶·</strong></span> 
     </span>
     <span class='ocr_line' id='line_1_5' title="bbox 214 566 2337 670; baseline 0.001 -38"><span class='ocrx_word' id='word_1_33' title='bbox 214 577 245 607; x_wconf 89' lang='lat'><strong><em>⁶</em></strong></span> <span class='ocrx_word' id='word_1_34' title='bbox 276 567 539 668; x_wconf 70' lang='lat' dir='ltr'><strong>senatui</strong></span> <span class='ocrx_word' id='word_1_35' title='bbox 576 566 771 655; x_wconf 91' lang='lat' dir='ltr'><strong>popul</strong></span> <span class='ocrx_word' id='word_1_36' title='bbox 858 590 939 631; x_wconf 86' lang='lat' dir='ltr'><strong>ue</strong></span> <span class='ocrx_word' id='word_1_37' title='bbox 971 566 1266 632; x_wconf 89' lang='lat' dir='ltr'><strong>Romano</strong></span> <span class='ocrx_word' id='word_1_38' title='bbox 1304 566 1375 630; x_wconf 89' lang='lat' dir='ltr'><strong>in</strong></span> <span class='ocrx_word' id='word_1_39' title='bbox 1413 569 1709 654; x_wconf 83' lang='lat' dir='ltr'><strong>patriciis,</strong></span> <span class='ocrx_word' id='word_1_40' title='bbox 1743 591 1934 670; x_wconf 86' lang='lat' dir='ltr'><strong>quam</strong></span> <span class='ocrx_word' id='word_1_41' title='bbox 1969 568 2038 632; x_wconf 91' lang='lat' dir='ltr'><strong>in</strong></span> <span class='ocrx_word' id='word_1_42' title='bbox 2071 567 2337 654; x_wconf 87' lang='lat' dir='ltr'><strong>plebeiis</strong></span> 
     </span>
     <span class='ocr_line' id='line_1_6' title="bbox 214 589 2337 741; baseline 0.001 -23"><span class='ocrx_word' id='word_1_43' title='bbox 214 663 246 692; x_wconf 90' lang='lat'><strong><em>⁶</em></strong></span> <span class='ocrx_word' id='word_1_44' title='bbox 276 653 575 719; x_wconf 80' lang='lat' dir='ltr'><strong>ducibus.</strong></span> <span class='ocrx_word' id='word_1_45' title='bbox 671 589 867 730; x_wconf 50' lang='lat' dir='ltr'><strong>Quffi</strong></span> <span class='ocrx_word' id='word_1_46' title='bbox 904 676 1105 741; x_wconf 87' lang='lat' dir='ltr'><strong>quum</strong></span> <span class='ocrx_word' id='word_1_47' title='bbox 1146 653 1239 719; x_wconf 86' lang='lat' dir='ltr'><strong>ita</strong></span> <span class='ocrx_word' id='word_1_48' title='bbox 1278 675 1346 718; x_wconf 87' lang='lat' dir='ltr'><strong>ee</strong></span> <span class='ocrx_word' id='word_1_49' title='bbox 1391 653 1639 732; x_wconf 87' lang='lat' dir='ltr'><strong>habeat,</strong></span> <span class='ocrx_word' id='word_1_50' title='bbox 1681 677 1788 721; x_wconf 80' lang='lat' dir='ltr'><strong>cul</strong></span> <span class='ocrx_word' id='word_1_51' title='bbox 1827 655 2091 720; x_wconf 89' lang='lat' dir='ltr'><strong>deorum</strong></span> <span class='ocrx_word' id='word_1_52' title='bbox 2131 653 2337 720; x_wconf 89' lang='lat' dir='ltr'><strong>homi-</strong></span> 
     </span>
     <span class='ocr_line' id='line_1_7' title="bbox 212 740 2336 843; baseline 0.001 -39"><span class='ocrx_word' id='word_1_53' title='bbox 212 750 245 780; x_wconf 92' lang='lat'><strong><em>⁶</em></strong></span> <span class='ocrx_word' id='word_1_54' title='bbox 274 763 523 806; x_wconf 83' lang='lat' dir='ltr'><strong>numve</strong></span> <span class='ocrx_word' id='word_1_55' title='bbox 548 740 907 843; x_wconf 34' lang='lat' dir='ltr'><strong>‘indignum</strong></span> <span class='ocrx_word' id='word_1_56' title='bbox 947 740 1150 805; x_wconf 82' lang='lat' dir='ltr'><strong>videri</strong></span> <span class='ocrx_word' id='word_1_57' title='bbox 1196 741 1443 828; x_wconf 87' lang='lat' dir='ltr'><strong>potest,’</strong></span> <span class='ocrx_word' id='word_1_58' title='bbox 1482 742 1714 830; x_wconf 86' lang='lat' dir='ltr'><strong>inquit,</strong></span> <span class='ocrx_word' id='word_1_59' title='bbox 1767 750 1788 781; x_wconf 81' lang='grc'><strong><em>6</em></strong></span> <span class='ocrx_word' id='word_1_60' title='bbox 1803 765 1912 806; x_wconf 90' lang='lat' dir='ltr'><strong>eos</strong></span> <span class='ocrx_word' id='word_1_61' title='bbox 1951 741 2134 820; x_wconf 76' lang='lat' dir='ltr'><strong>vitoe,</strong></span> <span class='ocrx_word' id='word_1_62' title='bbox 2175 763 2336 828; x_wconf 88' lang='lat' dir='ltr'><strong>quos</strong></span> 
     </span>
     <span class='ocr_line' id='line_1_8' title="bbox 144 825 2337 954; baseline 0 -63"><span class='ocrx_word' id='word_1_63' title='bbox 144 825 191 936; x_wconf 62' lang='grc' dir='ltr'>Ξ</span> <span class='ocrx_word' id='word_1_64' title='bbox 216 835 249 954; x_wconf 60' lang='grc' dir='ltr'>ἶ</span> <span class='ocrx_word' id='word_1_65' title='bbox 276 849 403 928; x_wconf 74' lang='lat' dir='ltr'><strong>vos</strong></span> <span class='ocrx_word' id='word_1_66' title='bbox 429 827 597 892; x_wconf 77' lang='lat' dir='ltr'><strong>sellis</strong></span> <span class='ocrx_word' id='word_1_67' title='bbox 626 827 965 928; x_wconf 75' lang='lat' dir='ltr'><strong>curullbus,</strong></span> <span class='ocrx_word' id='word_1_68' title='bbox 988 840 1138 915; x_wconf 78' lang='lat' dir='ltr'><strong>toga</strong></span> <span class='ocrx_word' id='word_1_69' title='bbox 1210 839 1511 928; x_wconf 71' lang='lat' dir='ltr'><strong>raetexta,</strong></span> <span class='ocrx_word' id='word_1_70' title='bbox 1536 830 1752 894; x_wconf 88' lang='lat' dir='ltr'><strong>tunica</strong></span> <span class='ocrx_word' id='word_1_71' title='bbox 1777 827 2072 930; x_wconf 73' lang='lat' dir='ltr'><strong>palmata,</strong></span> <span class='ocrx_word' id='word_1_72' title='bbox 2094 841 2162 892; x_wconf 92' lang='lat' dir='ltr'><strong>et</strong></span> <span class='ocrx_word' id='word_1_73' title='bbox 2187 839 2337 916; x_wconf 81' lang='lat' dir='ltr'><strong>toga</strong></span> 
     </span>
     <span class='ocr_line' id='line_1_9' title="bbox 148 913 2334 1088; baseline 0 -24"><span class='ocrx_word' id='word_1_74' title='bbox 148 955 249 1064; x_wconf 66' lang='lat' dir='ltr'><strong>{c</strong></span> <span class='ocrx_word' id='word_1_75' title='bbox 278 913 1616 1088; x_wconf 50' lang='lat' dir='ltr'><strong>Effsssesspssiissnffoffiffipssffiissaffifflss</strong></span> <span class='ocrx_word' id='word_1_76' title='bbox 1633 915 2334 1080; x_wconf 53' lang='lat' dir='ltr'><strong>*issfflrfffuffi’fssssssffl</strong></span> 
     </span>
     <span class='ocr_line' id='line_1_10' title="bbox 160 1085 2334 1188; baseline 0.001 -38"><span class='ocrx_word' id='word_1_77' title='bbox 160 1113 199 1163; x_wconf 83' lang='lat'>7</span> <span class='ocrx_word' id='word_1_78' title='bbox 222 1095 251 1127; x_wconf 87' lang='lat'><strong><em>⁶</em></strong></span> <span class='ocrx_word' id='word_1_79' title='bbox 278 1087 678 1175; x_wconf 86' lang='lat' dir='ltr'><strong>pontificalia</strong></span> <span class='ocrx_word' id='word_1_80' title='bbox 704 1099 895 1188; x_wconf 80' lang='lat' dir='ltr'><strong>atque</strong></span> <span class='ocrx_word' id='word_1_81' title='bbox 924 1085 1250 1174; x_wconf 79' lang='lat' dir='ltr'><strong>auguralia</strong></span> <span class='ocrx_word' id='word_1_82' title='bbox 1276 1086 1550 1174; x_wconf 81' lang='lat' dir='ltr'><strong>insignia</strong></span> <span class='ocrx_word' id='word_1_83' title='bbox 1575 1087 1900 1152; x_wconf 83' lang='lat' dir='ltr'><strong>adiicere?</strong></span> <span class='ocrx_word' id='word_1_84' title='bbox 1977 1085 2132 1165; x_wconf 83' lang='lat' dir='ltr'><strong>Qui,</strong></span> <span class='ocrx_word' id='word_1_85' title='bbox 2163 1087 2334 1154; x_wconf 80' lang='lat' dir='ltr'><strong>Iovis</strong></span> 
     </span>
     <span class='ocr_line' id='line_1_11' title="bbox 218 1174 2334 1274; baseline -0 -34"><span class='ocrx_word' id='word_1_86' title='bbox 218 1182 251 1214; x_wconf 99' lang='lat'><strong><em>⁶</em></strong></span> <span class='ocrx_word' id='word_1_87' title='bbox 280 1174 513 1262; x_wconf 89' lang='lat' dir='ltr'><strong>optimi</strong></span> <span class='ocrx_word' id='word_1_88' title='bbox 542 1174 803 1239; x_wconf 79' lang='lat' dir='ltr'><strong>maximi</strong></span> <span class='ocrx_word' id='word_1_89' title='bbox 832 1187 1061 1239; x_wconf 89' lang='lat' dir='ltr'><strong>ornatu</strong></span> <span class='ocrx_word' id='word_1_90' title='bbox 1088 1174 1439 1250; x_wconf 73' lang='lat' dir='ltr'><strong>decoratae,</strong></span> <span class='ocrx_word' id='word_1_91' title='bbox 1479 1194 1670 1238; x_wconf 88' lang='lat' dir='ltr'><strong>curru</strong></span> <span class='ocrx_word' id='word_1_92' title='bbox 1707 1186 1926 1253; x_wconf 76' lang='lat' dir='ltr'><strong>aurato</strong></span> <span class='ocrx_word' id='word_1_93' title='bbox 1959 1195 2078 1274; x_wconf 85' lang='lat' dir='ltr'><strong>per</strong></span> <span class='ocrx_word' id='word_1_94' title='bbox 2110 1175 2334 1240; x_wconf 86' lang='lat' dir='ltr'><strong>urbem</strong></span> 
     </span>
     <span class='ocr_line' id='line_1_12' title="bbox 153 1258 2333 1348; baseline 0.001 -25"><span class='ocrx_word' id='word_1_95' title='bbox 153 1275 197 1323; x_wconf 89' lang='lat'><strong>8</strong></span> <span class='ocrx_word' id='word_1_96' title='bbox 222 1271 251 1300; x_wconf 87' lang='lat'><strong><em>⁶</em></strong></span> <span class='ocrx_word' id='word_1_97' title='bbox 282 1273 507 1326; x_wconf 84' lang='lat' dir='ltr'><strong>vectus</strong></span> <span class='ocrx_word' id='word_1_98' title='bbox 563 1261 651 1324; x_wconf 91' lang='lat' dir='ltr'><strong>in·</strong></span> <span class='ocrx_word' id='word_1_99' title='bbox 695 1258 1085 1348; x_wconf 82' lang='lat' dir='ltr'><strong>Capitolium</strong></span> <span class='ocrx_word' id='word_1_100' title='bbox 1150 1259 1522 1338; x_wconf 83' lang='lat' dir='ltr'><strong>ascenderit,</strong></span> <span class='ocrx_word' id='word_1_101' title='bbox 1581 1260 1636 1324; x_wconf 90' lang='lat' dir='ltr'><strong>si</strong></span> <span class='ocrx_word' id='word_1_102' title='bbox 1700 1260 2122 1348; x_wconf 75' lang='lat' dir='ltr'><strong>conspicmtur</strong></span> <span class='ocrx_word' id='word_1_103' title='bbox 2185 1283 2333 1326; x_wconf 87' lang='lat' dir='ltr'><strong>cum</strong></span> 
     </span>
     <span class='ocr_line' id='line_1_13' title="bbox 222 1345 2330 1435; baseline 0 -23"><span class='ocrx_word' id='word_1_104' title='bbox 222 1357 253 1388; x_wconf 93' lang='lat'><strong><em>⁶</em></strong></span> <span class='ocrx_word' id='word_1_105' title='bbox 278 1346 510 1435; x_wconf 86' lang='lat' dir='ltr'><strong>capide</strong></span> <span class='ocrx_word' id='word_1_106' title='bbox 539 1370 613 1412; x_wconf 84' lang='lat' dir='ltr'><strong>ac</strong></span> <span class='ocrx_word' id='word_1_107' title='bbox 640 1346 819 1424; x_wconf 79' lang='lat' dir='ltr'><strong>lituu,</strong></span> <span class='ocrx_word' id='word_1_108' title='bbox 842 1371 919 1412; x_wconf 90' lang='lat' dir='ltr'><strong>ca</strong></span> <span class='ocrx_word' id='word_1_109' title='bbox 963 1347 1048 1412; x_wconf 89' lang='lat' dir='ltr'><strong>ite</strong></span> <span class='ocrx_word' id='word_1_110' title='bbox 1068 1345 1277 1411; x_wconf 81' lang='lat' dir='ltr'><strong>velato</strong></span> <span class='ocrx_word' id='word_1_111' title='bbox 1296 1346 1619 1410; x_wconf 82' lang='lat' dir='ltr'><strong>victimam</strong></span> <span class='ocrx_word' id='word_1_112' title='bbox 1649 1346 1893 1423; x_wconf 87' lang='lat' dir='ltr'><strong>caedat,</strong></span> <span class='ocrx_word' id='word_1_113' title='bbox 1919 1346 2330 1434; x_wconf 78' lang='lat' dir='ltr'><strong>auguriumve</strong></span> 
     </span>
     <span class='ocr_line' id='line_1_14' title="bbox 222 1432 2331 1522; baseline 0 -24"><span class='ocrx_word' id='word_1_114' title='bbox 222 1443 251 1474; x_wconf 93' lang='lat'><strong><em>⁶</em></strong></span> <span class='ocrx_word' id='word_1_115' title='bbox 282 1457 371 1500; x_wconf 82' lang='lat' dir='ltr'><strong>ex</strong></span> <span class='ocrx_word' id='word_1_116' title='bbox 399 1457 542 1500; x_wconf 84' lang='lat' dir='ltr'><strong>arce</strong></span> <span class='ocrx_word' id='word_1_117' title='bbox 573 1434 828 1522; x_wconf 79' lang='lat' dir='ltr'><strong>capiat?</strong></span> <span class='ocrx_word' id='word_1_118' title='bbox 982 1435 1124 1498; x_wconf 89' lang='lat' dir='ltr'><strong>nius</strong></span> <span class='ocrx_word' id='word_1_119' title='bbox 1150 1432 1443 1519; x_wconf 81' lang='lat' dir='ltr'><strong>imaginis</strong></span> <span class='ocrx_word' id='word_1_120' title='bbox 1478 1432 1664 1498; x_wconf 86' lang='lat' dir='ltr'><strong>titulo</strong></span> <span class='ocrx_word' id='word_1_121' title='bbox 1693 1433 2074 1512; x_wconf 70' lang='lat' dir='ltr'><strong>consulatue,</strong></span> <span class='ocrx_word' id='word_1_122' title='bbox 2103 1455 2331 1499; x_wconf 87' lang='lat' dir='ltr'><strong>censu-</strong></span> 
     </span>
     <span class='ocr_line' id='line_1_15' title="bbox 219 1519 2332 1609; baseline -0.001 -22"><span class='ocrx_word' id='word_1_123' title='bbox 219 1531 251 1560; x_wconf 90' lang='lat'><strong><em>⁶</em></strong></span> <span class='ocrx_word' id='word_1_124' title='bbox 278 1543 503 1608; x_wconf 87' lang='lat' dir='ltr'><strong>raque,</strong></span> <span class='ocrx_word' id='word_1_125' title='bbox 534 1533 600 1586; x_wconf 90' lang='lat' dir='ltr'><strong>et</strong></span> <span class='ocrx_word' id='word_1_126' title='bbox 639 1519 1015 1608; x_wconf 75' lang='lat' dir='ltr'><strong>triumphuS,</strong></span> <span class='ocrx_word' id='word_1_127' title='bbox 1045 1542 1250 1607; x_wconf 85' lang='lat' dir='ltr'><strong>aequo</strong></span> <span class='ocrx_word' id='word_1_128' title='bbox 1288 1519 1499 1584; x_wconf 88' lang='lat' dir='ltr'><strong>animo</strong></span> <span class='ocrx_word' id='word_1_129' title='bbox 1534 1519 1817 1609; x_wconf 78' lang='lat' dir='ltr'><strong>legetur3</strong></span> <span class='ocrx_word' id='word_1_130' title='bbox 1863 1520 1918 1585; x_wconf 91' lang='lat' dir='ltr'><strong>si</strong></span> <span class='ocrx_word' id='word_1_131' title='bbox 1955 1533 2332 1608; x_wconf 81' lang='lat' dir='ltr'><strong>auguratum</strong></span> 
     </span>
     <span class='ocr_line' id='line_1_16' title="bbox 224 1605 2332 1710; baseline 0 -38"><span class='ocrx_word' id='word_1_132' title='bbox 224 1619 251 1648; x_wconf 93' lang='lat'><strong><em>⁶</em></strong></span> <span class='ocrx_word' id='word_1_133' title='bbox 280 1622 399 1672; x_wconf 89' lang='lat' dir='ltr'><strong>aut</strong></span> <span class='ocrx_word' id='word_1_134' title='bbox 438 1607 883 1710; x_wconf 81' lang='lat' dir='ltr'><strong>pontificatum</strong></span> <span class='ocrx_word' id='word_1_135' title='bbox 927 1606 1301 1683; x_wconf 87' lang='lat' dir='ltr'><strong>adieceritis,</strong></span> <span class='ocrx_word' id='word_1_136' title='bbox 1348 1629 1481 1670; x_wconf 92' lang='lat' dir='ltr'><strong>non</strong></span> <span class='ocrx_word' id='word_1_137' title='bbox 1531 1605 1935 1672; x_wconf 84' lang='lat' dir='ltr'><strong>sustinebunt</strong></span> <span class='ocrx_word' id='word_1_138' title='bbox 1982 1605 2332 1694; x_wconf 80' lang='lat' dir='ltr'><strong>legentium</strong></span> 
     </span>
     <span class='ocr_line' id='line_1_17' title="bbox 222 1691 2332 1794; baseline -0.001 -34"><span class='ocrx_word' id='word_1_139' title='bbox 222 1705 251 1734; x_wconf 91' lang='grc'><strong><em>6</em></strong></span> <span class='ocrx_word' id='word_1_140' title='bbox 282 1693 507 1760; x_wconf 80' lang='lat' dir='ltr'><strong>oculi?</strong></span> <span class='ocrx_word' id='word_1_141' title='bbox 566 1693 887 1780; x_wconf 85' lang='lat' dir='ltr'><strong>Equidem</strong></span> <span class='ocrx_word' id='word_1_142' title='bbox 917 1693 1105 1781; x_wconf 86' lang='lat' dir='ltr'><strong>(pace</strong></span> <span class='ocrx_word' id='word_1_143' title='bbox 1132 1691 1403 1758; x_wconf 77' lang='lat' dir='ltr'><strong>dixerim</strong></span> <span class='ocrx_word' id='word_1_144' title='bbox 1432 1691 1660 1780; x_wconf 88' lang='lat' dir='ltr'><strong>deum)</strong></span> <span class='ocrx_word' id='word_1_145' title='bbox 1688 1716 1796 1760; x_wconf 84' lang='lat' dir='ltr'><strong>eos</strong></span> <span class='ocrx_word' id='word_1_146' title='bbox 1823 1716 1941 1758; x_wconf 89' lang='lat' dir='ltr'><strong>nos</strong></span> <span class='ocrx_word' id='word_1_147' title='bbox 1961 1694 2088 1759; x_wconf 88' lang='lat' dir='ltr'><strong>iam</strong></span> <span class='ocrx_word' id='word_1_148' title='bbox 2110 1691 2332 1794; x_wconf 83' lang='lat' dir='ltr'><strong>populi</strong></span> 
     </span>
     <span class='ocr_line' id='line_1_18' title="bbox 225 1780 2334 1867; baseline -0.001 -21"><span class='ocrx_word' id='word_1_149' title='bbox 225 1792 253 1822; x_wconf 91' lang='grc'><strong><em>6</em></strong></span> <span class='ocrx_word' id='word_1_150' title='bbox 288 1781 567 1846; x_wconf 80' lang='lat' dir='ltr'><strong>Romani</strong></span> <span class='ocrx_word' id='word_1_151' title='bbox 612 1781 924 1846; x_wconf 87' lang='lat' dir='ltr'><strong>beneficio</strong></span> <span class='ocrx_word' id='word_1_152' title='bbox 970 1802 1105 1845; x_wconf 85' lang='lat' dir='ltr'><strong>esse</strong></span> <span class='ocrx_word' id='word_1_153' title='bbox 1152 1801 1354 1867; x_wconf 88' lang='lat' dir='ltr'><strong>spero,</strong></span> <span class='ocrx_word' id='word_1_154' title='bbox 1392 1781 1505 1867; x_wconf 89' lang='lat' dir='ltr'><strong>qui</strong></span> <span class='ocrx_word' id='word_1_155' title='bbox 1551 1780 1914 1846; x_wconf 79' lang='lat' dir='ltr'><strong>sacerdotiis</strong></span> <span class='ocrx_word' id='word_1_156' title='bbox 1953 1803 2086 1846; x_wconf 88' lang='lat' dir='ltr'><strong>non</strong></span> <span class='ocrx_word' id='word_1_157' title='bbox 2123 1801 2334 1844; x_wconf 90' lang='lat' dir='ltr'><strong>mmus</strong></span> 
     </span>
     <span class='ocr_line' id='line_1_19' title="bbox 226 1866 2330 1956; baseline -0 -23"><span class='ocrx_word' id='word_1_158' title='bbox 226 1879 254 1909; x_wconf 91' lang='grc'><strong><em>6</em></strong></span> <span class='ocrx_word' id='word_1_159' title='bbox 280 1867 625 1933; x_wconf 87' lang='lat' dir='ltr'><strong>reddamus</strong></span> <span class='ocrx_word' id='word_1_160' title='bbox 664 1867 1032 1956; x_wconf 80' lang='lat' dir='ltr'><strong>dignatione</strong></span> <span class='ocrx_word' id='word_1_161' title='bbox 1074 1879 1287 1932; x_wconf 85' lang='lat' dir='ltr'><strong>nostra</strong></span> <span class='ocrx_word' id='word_1_162' title='bbox 1320 1866 1598 1946; x_wconf 81' lang='lat' dir='ltr'><strong>hon&#39;oris,</strong></span> <span class='ocrx_word' id='word_1_163' title='bbox 1629 1889 1824 1954; x_wconf 88' lang='lat' dir='ltr'><strong>quam</strong></span> <span class='ocrx_word' id='word_1_164' title='bbox 1861 1866 2330 1955; x_wconf 85' lang='lat' dir='ltr'><strong>acceperimus3</strong></span> 
     </span>
     <span class='ocr_line' id='line_1_20' title="bbox 226 1954 2334 2054; baseline -0 -34"><span class='ocrx_word' id='word_1_165' title='bbox 226 1965 257 1996; x_wconf 90' lang='lat'><strong><em>⁶</em></strong></span> <span class='ocrx_word' id='word_1_166' title='bbox 284 1968 353 2020; x_wconf 90' lang='lat' dir='ltr'><strong>et</strong></span> <span class='ocrx_word' id='word_1_167' title='bbox 380 1954 647 2020; x_wconf 88' lang='lat' dir='ltr'><strong>deorum</strong></span> <span class='ocrx_word' id='word_1_168' title='bbox 675 1954 893 2042; x_wconf 83' lang='lat' dir='ltr'><strong>magis,</strong></span> <span class='ocrx_word' id='word_1_169' title='bbox 924 1976 1119 2041; x_wconf 91' lang='lat' dir='ltr'><strong>quam</strong></span> <span class='ocrx_word' id='word_1_170' title='bbox 1154 1967 1371 2018; x_wconf 85' lang='lat' dir='ltr'><strong>nostra</strong></span> <span class='ocrx_word' id='word_1_171' title='bbox 1406 1977 1597 2018; x_wconf 88' lang='lat' dir='ltr'><strong>causa</strong></span> <span class='ocrx_word' id='word_1_172' title='bbox 1629 1967 2018 2054; x_wconf 84' lang='lat' dir='ltr'><strong>expetamus,</strong></span> <span class='ocrx_word' id='word_1_173' title='bbox 2051 1965 2142 2031; x_wconf 89' lang='lat' dir='ltr'><strong>ut,</strong></span> <span class='ocrx_word' id='word_1_174' title='bbox 2174 1975 2334 2042; x_wconf 79' lang='lat' dir='ltr'><strong>quos</strong></span> 
     </span>
     <span class='ocr_line' id='line_1_21' title="bbox 228 2038 2533 2129; baseline -0.001 -23"><span class='ocrx_word' id='word_1_175' title='bbox 228 2051 257 2081; x_wconf 93' lang='lat'><strong><em>⁶</em></strong></span> <span class='ocrx_word' id='word_1_176' title='bbox 282 2041 579 2129; x_wconf 81' lang='lat' dir='ltr'><strong>privatim</strong></span> <span class='ocrx_word' id='word_1_177' title='bbox 614 2040 897 2118; x_wconf 76' lang='lat' dir='ltr'><strong>colimne,</strong></span> <span class='ocrx_word' id='word_1_178' title='bbox 929 2039 1181 2128; x_wconf 90' lang='lat' dir='ltr'><strong>publice</strong></span> <span class='ocrx_word' id='word_1_179' title='bbox 1220 2039 1517 2104; x_wconf 89' lang='lat' dir='ltr'><strong>colamus.</strong></span> <span class='ocrx_word' id='word_1_180' title='bbox 1613 2040 1793 2116; x_wconf 82' lang='lat' dir='ltr'>de</span> <span class='ocrx_word' id='word_1_181' title='bbox 1831 2053 2045 2106; x_wconf 86' lang='lat' dir='ltr'><strong>autem</strong></span> <span class='ocrx_word' id='word_1_182' title='bbox 2243 2041 2332 2105; x_wconf 88' lang='lat' dir='ltr'><strong>sic</strong></span> <span class='ocrx_word' id='word_1_183' title='bbox 2474 2038 2533 2096; x_wconf 88' lang='lat'><strong>8·</strong></span> 
     </span>
     <span class='ocr_line' id='line_1_22' title="bbox 228 2125 2334 2216; baseline -0.001 -23"><span class='ocrx_word' id='word_1_184' title='bbox 228 2138 257 2168; x_wconf 91' lang='lat'><strong><em>⁶</em></strong></span> <span class='ocrx_word' id='word_1_185' title='bbox 282 2127 499 2194; x_wconf 84' lang='lat' dir='ltr'><strong>adhuc</strong></span> <span class='ocrx_word' id='word_1_186' title='bbox 524 2129 647 2216; x_wconf 83' lang='lat' dir='ltr'><strong>egi,</strong></span> <span class='ocrx_word' id='word_1_187' title='bbox 677 2142 982 2215; x_wconf 90' lang='lat' dir='ltr'><strong>tanquam</strong></span> <span class='ocrx_word' id='word_1_188' title='bbox 1022 2127 1272 2213; x_wconf 80' lang='lat' dir='ltr'><strong>integra</strong></span> <span class='ocrx_word' id='word_1_189' title='bbox 1312 2125 1394 2188; x_wconf 90' lang='lat' dir='ltr'><strong>sit</strong></span> <span class='ocrx_word' id='word_1_190' title='bbox 1439 2148 1628 2190; x_wconf 86' lang='lat' dir='ltr'><strong>cauea</strong></span> <span class='ocrx_word' id='word_1_191' title='bbox 1671 2126 2080 2214; x_wconf 86' lang='lat' dir='ltr'><strong>patriciorum</strong></span> <span class='ocrx_word' id='word_1_192' title='bbox 2165 2149 2201 2190; x_wconf 90' lang='lat' dir='ltr'><strong>e</strong></span> <span class='ocrx_word' id='word_1_193' title='bbox 2235 2149 2334 2190; x_wconf 89' lang='lat' dir='ltr'><strong>sa-</strong></span> 
     </span>
     <span class='ocr_line' id='line_1_23' title="bbox 230 2211 2334 2299; baseline -0.002 -19"><span class='ocrx_word' id='word_1_194' title='bbox 230 2227 259 2256; x_wconf 87' lang='lat'><strong><em>⁶</em></strong></span> <span class='ocrx_word' id='word_1_195' title='bbox 284 2214 604 2293; x_wconf 90' lang='lat' dir='ltr'><strong>cerdotiis,</strong></span> <span class='ocrx_word' id='word_1_196' title='bbox 626 2227 695 2280; x_wconf 90' lang='lat' dir='ltr'><strong>et</strong></span> <span class='ocrx_word' id='word_1_197' title='bbox 720 2236 854 2278; x_wconf 88' lang='lat' dir='ltr'><strong>non</strong></span> <span class='ocrx_word' id='word_1_198' title='bbox 882 2214 1009 2278; x_wconf 88' lang='lat' dir='ltr'><strong>iam</strong></span> <span class='ocrx_word' id='word_1_199' title='bbox 1038 2214 1107 2276; x_wconf 90' lang='lat' dir='ltr'><strong>in</strong></span> <span class='ocrx_word' id='word_1_200' title='bbox 1130 2212 1518 2299; x_wconf 69' lang='lat' dir='ltr'><strong>pooeessione</strong></span> <span class='ocrx_word' id='word_1_201' title='bbox 1542 2211 1731 2276; x_wconf 87' lang='lat' dir='ltr'><strong>unius</strong></span> <span class='ocrx_word' id='word_1_202' title='bbox 1752 2211 2118 2299; x_wconf 77' lang='lat' dir='ltr'><strong>amplissimi</strong></span> <span class='ocrx_word' id='word_1_203' title='bbox 2139 2211 2334 2276; x_wconf 87' lang='lat' dir='ltr'><strong>simus</strong></span> 
     </span>
     <span class='ocr_line' id='line_1_24' title="bbox 232 2297 2332 2377; baseline -0.003 -10"><span class='ocrx_word' id='word_1_204' title='bbox 232 2313 261 2344; x_wconf 96' lang='lat'><strong><em>⁶</em></strong></span> <span class='ocrx_word' id='word_1_205' title='bbox 283 2301 670 2367; x_wconf 81' lang='lat' dir='ltr'><strong>sacerdotii?</strong></span> <span class='ocrx_word' id='word_1_206' title='bbox 756 2299 1168 2364; x_wconf 81' lang='lat' dir='ltr'><strong>Decemviros</strong></span> <span class='ocrx_word' id='word_1_207' title='bbox 1216 2297 1407 2362; x_wconf 86' lang='lat' dir='ltr'><strong>sacris</strong></span> <span class='ocrx_word' id='word_1_208' title='bbox 1448 2297 1780 2377; x_wconf 88' lang='lat' dir='ltr'><strong>faciundis,</strong></span> <span class='ocrx_word' id='word_1_209' title='bbox 1828 2298 2178 2364; x_wconf 87' lang='lat' dir='ltr'><strong>carminum</strong></span> <span class='ocrx_word' id='word_1_210' title='bbox 2233 2297 2332 2362; x_wconf 87' lang='lat' dir='ltr'><strong>Si-</strong></span> 
     </span>
     <span class='ocr_line' id='line_1_25' title="bbox 232 2383 2332 2478; baseline -0.002 -24"><span class='ocrx_word' id='word_1_211' title='bbox 232 2399 261 2430; x_wconf 90' lang='lat'><strong><em>⁶</em></strong></span> <span class='ocrx_word' id='word_1_212' title='bbox 280 2389 495 2478; x_wconf 86' lang='lat' dir='ltr'><strong>byllae</strong></span> <span class='ocrx_word' id='word_1_213' title='bbox 558 2411 633 2453; x_wconf 90' lang='lat' dir='ltr'><strong>ac</strong></span> <span class='ocrx_word' id='word_1_214' title='bbox 688 2387 961 2452; x_wconf 85' lang='lat' dir='ltr'><strong>fatorum</strong></span> <span class='ocrx_word' id='word_1_215' title='bbox 1025 2383 1249 2474; x_wconf 91' lang='lat' dir='ltr'><strong>populi</strong></span> <span class='ocrx_word' id='word_1_216' title='bbox 1312 2384 1502 2449; x_wconf 90' lang='lat' dir='ltr'><strong>huius</strong></span> <span class='ocrx_word' id='word_1_217' title='bbox 1565 2385 1962 2472; x_wconf 87' lang='lat' dir='ltr'><strong>interpretes,</strong></span> <span class='ocrx_word' id='word_1_218' title='bbox 2023 2383 2332 2450; x_wconf 77' lang='lat' dir='ltr'><strong>antistites</strong></span> 
     </span>
     <span class='ocr_line' id='line_1_26' title="bbox 174 2470 2329 2562; baseline -0.002 -21"><span class='ocrx_word' id='word_1_219' title='bbox 174 2505 215 2554; x_wconf 91' lang='lat'>9</span> <span class='ocrx_word' id='word_1_220' title='bbox 236 2487 263 2518; x_wconf 94' lang='lat'><strong><em>⁶</em></strong></span> <span class='ocrx_word' id='word_1_221' title='bbox 283 2475 546 2542; x_wconf 88' lang='lat' dir='ltr'><strong>eosdem</strong></span> <span class='ocrx_word' id='word_1_222' title='bbox 618 2473 1005 2562; x_wconf 82' lang='lat' dir='ltr'><strong>Apollinaris</strong></span> <span class='ocrx_word' id='word_1_223' title='bbox 1076 2471 1236 2536; x_wconf 86' lang='lat' dir='ltr'><strong>sacri</strong></span> <span class='ocrx_word' id='word_1_224' title='bbox 1312 2471 1960 2559; x_wconf 82' lang='lat' dir='ltr'><strong>caerimoniarumque</strong></span> <span class='ocrx_word' id='word_1_225' title='bbox 2046 2470 2329 2549; x_wconf 83' lang='lat' dir='ltr'><strong>aliarum,</strong></span> 
     </span>
    </p>
   </div>
   <div class='ocr_carea' id='block_1_4' title="bbox 2212 264 2338 327">
    <p class='ocr_par' dir='ltr' id='par_1_4' title="bbox 2212 264 2338 327">
     <span class='ocr_line' id='line_1_27' title="bbox 2212 264 2338 327; baseline 0 -1"><span class='ocrx_word' id='word_1_226' title='bbox 2212 264 2338 327; x_wconf 88' lang='grc'><strong>565</strong></span> 
     </span>
    </p>
   </div>
   <div class='ocr_carea' id='block_1_5' title="bbox 232 2667 1261 4469">
    <p class='ocr_par' dir='ltr' id='par_1_5' title="bbox 232 2667 1259 2863">
     <span class='ocr_line' id='line_1_28' title="bbox 308 2667 1255 2735; baseline -0.006 -14"><span class='ocrx_word' id='word_1_227' title='bbox 308 2687 339 2735; x_wconf 79' lang='lat'><strong>3</strong></span> <span class='ocrx_word' id='word_1_228' title='bbox 378 2671 567 2720; x_wconf 67' lang='grc' dir='ltr'><strong><em>Ἠιπίοα</em></strong></span> <span class='ocrx_word' id='word_1_229' title='bbox 816 2671 839 2729; x_wconf 94' lang='grc'>]</span> <span class='ocrx_word' id='word_1_230' title='bbox 874 2667 1069 2718; x_wconf 83' lang='lat' dir='ltr'><strong>Tunica</strong></span> <span class='ocrx_word' id='word_1_231' title='bbox 1100 2668 1255 2716; x_wconf 85' lang='lat' dir='ltr'><strong>intex-</strong></span> 
     </span>
     <span class='ocr_line' id='line_1_29' title="bbox 232 2731 1259 2798; baseline -0.006 -12"><span class='ocrx_word' id='word_1_232' title='bbox 232 2735 307 2786; x_wconf 87' lang='lat' dir='ltr'><strong>t-is</strong></span> <span class='ocrx_word' id='word_1_233' title='bbox 326 2735 507 2798; x_wconf 86' lang='lat' dir='ltr'><strong>palmis</strong></span> <span class='ocrx_word' id='word_1_234' title='bbox 524 2741 711 2784; x_wconf 84' lang='lat' dir='ltr'><strong>ornata.</strong></span> <span class='ocrx_word' id='word_1_235' title='bbox 754 2734 881 2782; x_wconf 86' lang='lat' dir='ltr'><strong>Eam</strong></span> <span class='ocrx_word' id='word_1_236' title='bbox 902 2731 1259 2795; x_wconf 78' lang='lat' dir='ltr'><strong>triumphantes</strong></span> 
     </span>
     <span class='ocr_line' id='line_1_30' title="bbox 234 2801 709 2863; baseline -0.004 -13"><span class='ocrx_word' id='word_1_237' title='bbox 234 2801 514 2863; x_wconf 74' lang='lat' dir='ltr'><strong>gestabant.</strong></span> <span class='ocrx_word' id='word_1_238' title='bbox 549 2801 709 2849; x_wconf 75' lang='lat' dir='ltr'><strong>Cnav.</strong></span> 
     </span>
    </p>

    <p class='ocr_par' dir='ltr' id='par_1_6' title="bbox 236 2863 1259 3631">
     <span class='ocr_line' id='line_1_31' title="bbox 309 2863 1256 2936; baseline -0.005 -23"><span class='ocrx_word' id='word_1_239' title='bbox 309 2883 342 2925; x_wconf 84' lang='lat'>4</span> <span class='ocrx_word' id='word_1_240' title='bbox 367 2866 495 2926; x_wconf 68' lang='lat' dir='ltr'><strong>Toya</strong></span> <span class='ocrx_word' id='word_1_241' title='bbox 510 2865 671 2926; x_wconf 73' lang='lat' dir='ltr'><strong>picta]</strong></span> <span class='ocrx_word' id='word_1_242' title='bbox 697 2863 838 2925; x_wconf 83' lang='lat' dir='ltr'><strong>Toga</strong></span> <span class='ocrx_word' id='word_1_243' title='bbox 858 2875 1118 2925; x_wconf 83' lang='lat' dir='ltr'><strong>purpurea,</strong></span> <span class='ocrx_word' id='word_1_244' title='bbox 1130 2875 1256 2936; x_wconf 80' lang='lat' dir='ltr'><strong>quae</strong></span> 
     </span>
     <span class='ocr_line' id='line_1_32' title="bbox 236 2927 1259 2989; baseline -0.005 -12"><span class='ocrx_word' id='word_1_245' title='bbox 236 2927 542 2977; x_wconf 75' lang='lat' dir='ltr'><strong>diversarum</strong></span> <span class='ocrx_word' id='word_1_246' title='bbox 573 2943 735 2977; x_wconf 88' lang='lat' dir='ltr'><strong>rerum</strong></span> <span class='ocrx_word' id='word_1_247' title='bbox 766 2927 943 2989; x_wconf 78' lang='lat' dir='ltr'><strong>figures</strong></span> <span class='ocrx_word' id='word_1_248' title='bbox 975 2941 1069 2974; x_wconf 85' lang='lat' dir='ltr'><strong>acu</strong></span> <span class='ocrx_word' id='word_1_249' title='bbox 1101 2931 1259 2987; x_wconf 77' lang='lat' dir='ltr'><strong>pictas</strong></span> 
     </span>
     <span class='ocr_line' id='line_1_33' title="bbox 236 2991 1257 3054; baseline -0.003 -14"><span class='ocrx_word' id='word_1_250' title='bbox 236 2993 461 3042; x_wconf 82' lang='lat' dir='ltr'><strong>haberet.</strong></span> <span class='ocrx_word' id='word_1_251' title='bbox 526 2991 656 3040; x_wconf 82' lang='lat' dir='ltr'><strong>Eam</strong></span> <span class='ocrx_word' id='word_1_252' title='bbox 682 2991 838 3054; x_wconf 88' lang='lat' dir='ltr'><strong>primo</strong></span> <span class='ocrx_word' id='word_1_253' title='bbox 860 3004 1157 3054; x_wconf 81' lang='lat' dir='ltr'><strong>purpuream</strong></span> <span class='ocrx_word' id='word_1_254' title='bbox 1174 3005 1257 3038; x_wconf 81' lang='lat' dir='ltr'><strong>vo-</strong></span> 
     </span>
     <span class='ocr_line' id='line_1_34' title="bbox 241 3053 1259 3118; baseline -0.002 -14"><span class='ocrx_word' id='word_1_255' title='bbox 241 3057 467 3118; x_wconf 81' lang='lat' dir='ltr'><strong>citatam,</strong></span> <span class='ocrx_word' id='word_1_256' title='bbox 486 3073 546 3106; x_wconf 84' lang='lat' dir='ltr'><strong>ac</strong></span> <span class='ocrx_word' id='word_1_257' title='bbox 574 3056 721 3106; x_wconf 83' lang='lat' dir='ltr'><strong>fuisse</strong></span> <span class='ocrx_word' id='word_1_258' title='bbox 752 3057 857 3105; x_wconf 84' lang='lat' dir='ltr'><strong>sine</strong></span> <span class='ocrx_word' id='word_1_259' title='bbox 925 3054 1081 3103; x_wconf 88' lang='lat' dir='ltr'><strong>ictura</strong></span> <span class='ocrx_word' id='word_1_260' title='bbox 1110 3053 1259 3102; x_wconf 78' lang='lat' dir='ltr'><strong>tradit</strong></span> 
     </span>
     <span class='ocr_line' id='line_1_35' title="bbox 242 3121 1258 3180; baseline -0.004 -10"><span class='ocrx_word' id='word_1_261' title='bbox 242 3121 425 3170; x_wconf 81' lang='lat' dir='ltr'><strong>Festus</strong></span> <span class='ocrx_word' id='word_1_262' title='bbox 444 3121 495 3169; x_wconf 91' lang='lat' dir='ltr'><strong>in</strong></span> <span class='ocrx_word' id='word_1_263' title='bbox 516 3136 634 3170; x_wconf 79' lang='lat' dir='ltr'><strong>voce</strong></span> <span class='ocrx_word' id='word_1_264' title='bbox 655 3121 815 3170; x_wconf 71' lang='lat' dir='ltr'><strong>Picta.</strong></span> <span class='ocrx_word' id='word_1_265' title='bbox 922 3125 943 3167; x_wconf 94' lang='lat' dir='ltr'><strong>t</strong></span> <span class='ocrx_word' id='word_1_266' title='bbox 964 3133 1079 3167; x_wconf 78' lang='lat' dir='ltr'><strong>sane</strong></span> <span class='ocrx_word' id='word_1_267' title='bbox 1100 3125 1258 3180; x_wconf 63' lang='lat' dir='ltr'><strong>iopam</strong></span> 
     </span>
     <span class='ocr_line' id='line_1_36' title="bbox 236 3183 1256 3248; baseline -0.004 -15"><span class='ocrx_word' id='word_1_268' title='bbox 236 3187 427 3247; x_wconf 66' lang='lat' dir='ltr'><strong>pictam</strong></span> <span class='ocrx_word' id='word_1_269' title='bbox 460 3189 512 3232; x_wconf 88' lang='lat' dir='ltr'><strong>et</strong></span> <span class='ocrx_word' id='word_1_270' title='bbox 548 3191 704 3247; x_wconf 72' lang='lat' dir='ltr'><strong>toyam</strong></span> <span class='ocrx_word' id='word_1_271' title='bbox 735 3199 1041 3248; x_wconf 70' lang='lat' dir='ltr'><strong>purpuream</strong></span> <span class='ocrx_word' id='word_1_272' title='bbox 1080 3183 1256 3244; x_wconf 87' lang='lat' dir='ltr'><strong>promi-</strong></span> 
     </span>
     <span class='ocr_line' id='line_1_37' title="bbox 241 3244 1258 3312; baseline -0.004 -14"><span class='ocrx_word' id='word_1_273' title='bbox 241 3263 363 3298; x_wconf 84' lang='lat' dir='ltr'><strong>scue</strong></span> <span class='ocrx_word' id='word_1_274' title='bbox 384 3264 637 3312; x_wconf 80' lang='lat' dir='ltr'><strong>usurpasse</strong></span> <span class='ocrx_word' id='word_1_275' title='bbox 658 3249 827 3298; x_wconf 83' lang='lat' dir='ltr'><strong>Livius</strong></span> <span class='ocrx_word' id='word_1_276' title='bbox 846 3247 997 3296; x_wconf 83' lang='lat' dir='ltr'><strong>videri</strong></span> <span class='ocrx_word' id='word_1_277' title='bbox 1020 3251 1198 3309; x_wconf 80' lang='lat' dir='ltr'><strong>potest,</strong></span> <span class='ocrx_word' id='word_1_278' title='bbox 1218 3244 1258 3294; x_wconf 86' lang='lat' dir='ltr'><strong>si</strong></span> 
     </span>
     <span class='ocr_line' id='line_1_38' title="bbox 244 3310 1255 3376; baseline -0.002 -16"><span class='ocrx_word' id='word_1_279' title='bbox 244 3311 357 3376; x_wconf 87' lang='lat' dir='ltr'><strong>quis</strong></span> <span class='ocrx_word' id='word_1_280' title='bbox 378 3313 638 3362; x_wconf 83' lang='lat' dir='ltr'><strong>contulerit</strong></span> <span class='ocrx_word' id='word_1_281' title='bbox 656 3329 775 3362; x_wconf 84' lang='lat' dir='ltr'><strong>xxx.</strong></span> <span class='ocrx_word' id='word_1_282' title='bbox 797 3324 871 3375; x_wconf 84' lang='lat'><strong>15.</strong></span> <span class='ocrx_word' id='word_1_283' title='bbox 894 3326 1005 3359; x_wconf 86' lang='lat' dir='ltr'><strong>cum</strong></span> <span class='ocrx_word' id='word_1_284' title='bbox 1028 3310 1164 3359; x_wconf 86' lang='lat' dir='ltr'><strong>xxxi.</strong></span> <span class='ocrx_word' id='word_1_285' title='bbox 1184 3323 1255 3358; x_wconf 84' lang='lat'><strong>11.</strong></span> 
     </span>
     <span class='ocr_line' id='line_1_39' title="bbox 244 3373 1256 3439; baseline -0.006 -13"><span class='ocrx_word' id='word_1_286' title='bbox 244 3377 388 3439; x_wconf 83' lang='lat' dir='ltr'><strong>Toga</strong></span> <span class='ocrx_word' id='word_1_287' title='bbox 425 3376 557 3439; x_wconf 86' lang='lat' dir='ltr'><strong>picta</strong></span> <span class='ocrx_word' id='word_1_288' title='bbox 588 3383 691 3425; x_wconf 88' lang='lat' dir='ltr'><strong>erat</strong></span> <span class='ocrx_word' id='word_1_289' title='bbox 723 3382 773 3425; x_wconf 88' lang='lat' dir='ltr'><strong>et</strong></span> <span class='ocrx_word' id='word_1_290' title='bbox 809 3377 917 3439; x_wconf 86' lang='lat' dir='ltr'><strong>ipsa</strong></span> <span class='ocrx_word' id='word_1_291' title='bbox 952 3373 1256 3436; x_wconf 82' lang='lat' dir='ltr'><strong>triumphan-</strong></span> 
     </span>
     <span class='ocr_line' id='line_1_40' title="bbox 241 3438 1258 3504; baseline -0.008 -12"><span class='ocrx_word' id='word_1_292' title='bbox 241 3442 373 3492; x_wconf 84' lang='lat' dir='ltr'><strong>tium</strong></span> <span class='ocrx_word' id='word_1_293' title='bbox 393 3441 593 3504; x_wconf 73' lang='lat' dir='ltr'><strong>insigne.</strong></span> <span class='ocrx_word' id='word_1_294' title='bbox 648 3442 729 3490; x_wconf 85' lang='lat' dir='ltr'><strong>De</strong></span> <span class='ocrx_word' id='word_1_295' title='bbox 884 3439 1018 3502; x_wconf 86' lang='lat' dir='ltr'><strong>picta</strong></span> <span class='ocrx_word' id='word_1_296' title='bbox 1036 3439 1143 3486; x_wconf 70' lang='lat' dir='ltr'><strong>mse</strong></span> <span class='ocrx_word' id='word_1_297' title='bbox 1166 3438 1258 3485; x_wconf 84' lang='lat' dir='ltr'><strong>dis·</strong></span> 
     </span>
     <span class='ocr_line' id='line_1_41' title="bbox 243 3501 1257 3565; baseline -0.005 -10"><span class='ocrx_word' id='word_1_298' title='bbox 243 3507 365 3555; x_wconf 85' lang='lat' dir='ltr'><strong>serit</strong></span> <span class='ocrx_word' id='word_1_299' title='bbox 378 3507 493 3556; x_wconf 78' lang='lat' dir='ltr'><strong>Ald.</strong></span> <span class='ocrx_word' id='word_1_300' title='bbox 508 3507 701 3555; x_wconf 78' lang='lat' dir='ltr'><strong>Manat.</strong></span> <span class='ocrx_word' id='word_1_301' title='bbox 718 3504 771 3554; x_wconf 86' lang='lat' dir='ltr'><strong>in</strong></span> <span class='ocrx_word' id='word_1_302' title='bbox 843 3502 1039 3553; x_wconf 85' lang='lat' dir='ltr'><strong>uaesitis</strong></span> <span class='ocrx_word' id='word_1_303' title='bbox 1060 3517 1149 3565; x_wconf 85' lang='lat' dir='ltr'><strong>per</strong></span> <span class='ocrx_word' id='word_1_304' title='bbox 1160 3501 1257 3564; x_wconf 88' lang='lat' dir='ltr'><strong>Ep.</strong></span> 
     </span>
     <span class='ocr_line' id='line_1_42' title="bbox 244 3572 671 3631; baseline -0.002 -10"><span class='ocrx_word' id='word_1_305' title='bbox 244 3573 329 3621; x_wconf 81' lang='lat' dir='ltr'><strong>De</strong></span> <span class='ocrx_word' id='word_1_306' title='bbox 350 3578 474 3631; x_wconf 73' lang='lat' dir='ltr'><strong>toya.</strong></span> <span class='ocrx_word' id='word_1_307' title='bbox 510 3572 671 3620; x_wconf 68' lang='lat' dir='ltr'><strong>Cam.</strong></span> 
     </span>
    </p>

    <p class='ocr_par' dir='ltr' id='par_1_7' title="bbox 244 3628 1261 4082">
     <span class='ocr_line' id='line_1_43' title="bbox 314 3628 1259 3710; baseline -0.011 -25"><span class='ocrx_word' id='word_1_308' title='bbox 314 3645 343 3710; x_wconf 68' lang='lat'>5</span> <span class='ocrx_word' id='word_1_309' title='bbox 379 3635 568 3684; x_wconf 78' lang='lat' dir='ltr'><strong>Corona</strong></span> <span class='ocrx_word' id='word_1_310' title='bbox 588 3633 901 3696; x_wconf 72' lang='lat' dir='ltr'><strong>triumphali]</strong></span> <span class='ocrx_word' id='word_1_311' title='bbox 939 3631 1107 3688; x_wconf 79' lang='lat' dir='ltr'><strong>Quam</strong></span> <span class='ocrx_word' id='word_1_312' title='bbox 1136 3628 1259 3677; x_wconf 85' lang='lat' dir='ltr'><strong>anti-</strong></span> 
     </span>
     <span class='ocr_line' id='line_1_44' title="bbox 244 3697 1259 3762; baseline -0.007 -14"><span class='ocrx_word' id='word_1_313' title='bbox 244 3704 415 3762; x_wconf 82' lang='lat' dir='ltr'><strong>qmtns</strong></span> <span class='ocrx_word' id='word_1_314' title='bbox 446 3714 475 3747; x_wconf 87' lang='lat' dir='ltr'><strong>e</strong></span> <span class='ocrx_word' id='word_1_315' title='bbox 506 3699 645 3748; x_wconf 87' lang='lat' dir='ltr'><strong>lauro</strong></span> <span class='ocrx_word' id='word_1_316' title='bbox 662 3697 827 3756; x_wconf 70' lang='lat' dir='ltr'><strong>finisse,</strong></span> <span class='ocrx_word' id='word_1_317' title='bbox 848 3701 1019 3758; x_wconf 81' lang='lat' dir='ltr'><strong>postea</strong></span> <span class='ocrx_word' id='word_1_318' title='bbox 1050 3709 1113 3743; x_wconf 77' lang='lat' dir='ltr'><strong>ex</strong></span> <span class='ocrx_word' id='word_1_319' title='bbox 1142 3707 1259 3742; x_wconf 87' lang='lat' dir='ltr'><strong>auro</strong></span> 
     </span>
     <span class='ocr_line' id='line_1_45' title="bbox 246 3757 1258 3826; baseline -0.008 -14"><span class='ocrx_word' id='word_1_320' title='bbox 246 3763 355 3812; x_wconf 87' lang='lat' dir='ltr'><strong>fieri</strong></span> <span class='ocrx_word' id='word_1_321' title='bbox 377 3767 603 3826; x_wconf 84' lang='lat' dir='ltr'><strong>coeptam</strong></span> <span class='ocrx_word' id='word_1_322' title='bbox 624 3761 790 3811; x_wconf 78' lang='lat' dir='ltr'><strong>scribit</strong></span> <span class='ocrx_word' id='word_1_323' title='bbox 813 3761 947 3810; x_wconf 83' lang='lat' dir='ltr'><strong>Gen.</strong></span> <span class='ocrx_word' id='word_1_324' title='bbox 966 3775 1009 3808; x_wconf 75' lang='lat' dir='ltr'><strong>v.</strong></span> <span class='ocrx_word' id='word_1_325' title='bbox 1027 3757 1073 3807; x_wconf 94' lang='lat'><strong>6.</strong></span> <span class='ocrx_word' id='word_1_326' title='bbox 1110 3757 1258 3806; x_wconf 88' lang='lat' dir='ltr'><strong>Dion.</strong></span> 
     </span>
     <span class='ocr_line' id='line_1_46' title="bbox 246 3820 1261 3889; baseline -0.008 -13"><span class='ocrx_word' id='word_1_327' title='bbox 246 3828 373 3876; x_wconf 88' lang='lat' dir='ltr'><strong>Hal.</strong></span> <span class='ocrx_word' id='word_1_328' title='bbox 396 3827 464 3876; x_wconf 90' lang='lat' dir='ltr'><strong>iii.</strong></span> <span class='ocrx_word' id='word_1_329' title='bbox 486 3828 551 3876; x_wconf 87' lang='lat' dir='ltr'><strong>ad</strong></span> <span class='ocrx_word' id='word_1_330' title='bbox 578 3831 802 3889; x_wconf 84' lang='lat' dir='ltr'><strong>tempora</strong></span> <span class='ocrx_word' id='word_1_331' title='bbox 827 3839 983 3886; x_wconf 90' lang='lat' dir='ltr'><strong>usque</strong></span> <span class='ocrx_word' id='word_1_332' title='bbox 1008 3820 1261 3884; x_wconf 86' lang='lat' dir='ltr'><strong>Tarquinii</strong></span> 
     </span>
     <span class='ocr_line' id='line_1_47' title="bbox 250 3889 1261 3954; baseline -0.008 -13"><span class='ocrx_word' id='word_1_333' title='bbox 250 3891 407 3941; x_wconf 85' lang='lat' dir='ltr'><strong>Prisci</strong></span> <span class='ocrx_word' id='word_1_334' title='bbox 434 3891 579 3940; x_wconf 80' lang='lat' dir='ltr'><strong>refert</strong></span> <span class='ocrx_word' id='word_1_335' title='bbox 603 3889 835 3954; x_wconf 78' lang='lat' dir='ltr'><strong>originem</strong></span> <span class='ocrx_word' id='word_1_336' title='bbox 866 3901 1149 3938; x_wconf 87' lang='lat' dir='ltr'><strong>coronarum</strong></span> <span class='ocrx_word' id='word_1_337' title='bbox 1178 3901 1261 3934; x_wconf 88' lang='lat' dir='ltr'><strong>au-</strong></span> 
     </span>
     <span class='ocr_line' id='line_1_48' title="bbox 245 3949 1258 4018; baseline -0.007 -14"><span class='ocrx_word' id='word_1_338' title='bbox 245 3971 441 4004; x_wconf 87' lang='lat' dir='ltr'><strong>rearum</strong></span> <span class='ocrx_word' id='word_1_339' title='bbox 477 3970 509 4003; x_wconf 86' lang='lat' dir='ltr'><strong>a</strong></span> <span class='ocrx_word' id='word_1_340' title='bbox 546 3955 735 4018; x_wconf 79' lang='lat' dir='ltr'><strong>regibus</strong></span> <span class='ocrx_word' id='word_1_341' title='bbox 766 3954 996 4016; x_wconf 87' lang='lat' dir='ltr'><strong>primum,</strong></span> <span class='ocrx_word' id='word_1_342' title='bbox 1022 3949 1198 3999; x_wconf 88' lang='lat' dir='ltr'><strong>deinde</strong></span> <span class='ocrx_word' id='word_1_343' title='bbox 1227 3965 1258 3997; x_wconf 87' lang='lat' dir='ltr'><strong>a</strong></span> 
     </span>
     <span class='ocr_line' id='line_1_49' title="bbox 244 4016 1183 4082; baseline -0.009 -12"><span class='ocrx_word' id='word_1_344' title='bbox 244 4019 662 4082; x_wconf 82' lang='lat' dir='ltr'><strong>triumphantibus</strong></span> <span class='ocrx_word' id='word_1_345' title='bbox 680 4023 989 4080; x_wconf 80' lang='lat' dir='ltr'><strong>gestatamm.</strong></span> <span class='ocrx_word' id='word_1_346' title='bbox 1023 4016 1183 4064; x_wconf 78' lang='lat' dir='ltr'><strong>Caav,</strong></span> 
     </span>
    </p>

    <p class='ocr_par' dir='ltr' id='par_1_8' title="bbox 246 4080 1261 4469">
     <span class='ocr_line' id='line_1_50' title="bbox 322 4080 1261 4144; baseline -0.009 -11"><span class='ocrx_word' id='word_1_347' title='bbox 322 4083 353 4133; x_wconf 95' lang='lat'><strong>6</strong></span> <span class='ocrx_word' id='word_1_348' title='bbox 395 4085 611 4143; x_wconf 73' lang='lat' dir='ltr'><strong>Quorum</strong></span> <span class='ocrx_word' id='word_1_349' title='bbox 650 4085 809 4132; x_wconf 71' lang='lat' dir='ltr'><strong>domos</strong></span> <span class='ocrx_word' id='word_1_350' title='bbox 848 4082 1015 4144; x_wconf 72' lang='lat' dir='ltr'><strong>spoliis</strong></span> <span class='ocrx_word' id='word_1_351' title='bbox 1054 4080 1261 4128; x_wconf 75' lang='lat' dir='ltr'><strong>hostium</strong></span> 
     </span>
     <span class='ocr_line' id='line_1_51' title="bbox 246 4142 1261 4210; baseline -0.01 -11"><span class='ocrx_word' id='word_1_352' title='bbox 246 4150 411 4210; x_wconf 49' lang='lat' dir='ltr'><strong>ciffi-ris</strong></span> <span class='ocrx_word' id='word_1_353' title='bbox 430 4149 648 4210; x_wconf 65' lang='lat' dir='ltr'><strong>insigms</strong></span> <span class='ocrx_word' id='word_1_354' title='bbox 670 4146 990 4208; x_wconf 61' lang='lat' dir='ltr'><strong>...feces-itis]</strong></span> <span class='ocrx_word' id='word_1_355' title='bbox 1034 4144 1148 4192; x_wconf 84' lang='lat' dir='ltr'><strong>Mos</strong></span> <span class='ocrx_word' id='word_1_356' title='bbox 1167 4142 1261 4190; x_wconf 77' lang='lat' dir='ltr'><strong>fuit</strong></span> 
     </span>
     <span class='ocr_line' id='line_1_52' title="bbox 246 4206 1259 4274; baseline -0.009 -11"><span class='ocrx_word' id='word_1_357' title='bbox 246 4213 507 4272; x_wconf 82' lang='lat' dir='ltr'><strong>Romanis,</strong></span> <span class='ocrx_word' id='word_1_358' title='bbox 530 4217 587 4261; x_wconf 90' lang='lat' dir='ltr'><strong>ut</strong></span> <span class='ocrx_word' id='word_1_359' title='bbox 619 4210 775 4274; x_wconf 86' lang='lat' dir='ltr'><strong>spolia</strong></span> <span class='ocrx_word' id='word_1_360' title='bbox 802 4208 1015 4258; x_wconf 81' lang='lat' dir='ltr'><strong>hostium</strong></span> <span class='ocrx_word' id='word_1_361' title='bbox 1048 4206 1259 4255; x_wconf 84' lang='lat' dir='ltr'><strong>devicto—</strong></span> 
     </span>
     <span class='ocr_line' id='line_1_53' title="bbox 246 4274 1259 4338; baseline -0.01 -11"><span class='ocrx_word' id='word_1_362' title='bbox 246 4293 359 4327; x_wconf 90' lang='lat' dir='ltr'><strong>rum</strong></span> <span class='ocrx_word' id='word_1_363' title='bbox 406 4277 458 4325; x_wconf 88' lang='lat' dir='ltr'><strong>in</strong></span> <span class='ocrx_word' id='word_1_364' title='bbox 507 4274 725 4338; x_wconf 78' lang='lat' dir='ltr'><strong>postibus</strong></span> <span class='ocrx_word' id='word_1_365' title='bbox 767 4274 1023 4322; x_wconf 89' lang='lat' dir='ltr'><strong>domorum</strong></span> <span class='ocrx_word' id='word_1_366' title='bbox 1065 4285 1259 4319; x_wconf 86' lang='lat' dir='ltr'><strong>suarum</strong></span> 
     </span>
     <span class='ocr_line' id='line_1_54' title="bbox 249 4333 1260 4404; baseline -0.008 -14"><span class='ocrx_word' id='word_1_367' title='bbox 249 4343 468 4404; x_wconf 82' lang='lat' dir='ltr'><strong>figerent.</strong></span> <span class='ocrx_word' id='word_1_368' title='bbox 509 4339 625 4389; x_wconf 86' lang='lat' dir='ltr'><strong>Vid.</strong></span> <span class='ocrx_word' id='word_1_369' title='bbox 634 4339 743 4387; x_wconf 81' lang='lat' dir='ltr'><strong>infr.</strong></span> <span class='ocrx_word' id='word_1_370' title='bbox 754 4337 887 4386; x_wconf 85' lang='lat' dir='ltr'><strong>xxiii.</strong></span> <span class='ocrx_word' id='word_1_371' title='bbox 898 4351 925 4384; x_wconf 67' lang='grc' dir='ltr'><strong><em>ἰ</em></strong></span> <span class='ocrx_word' id='word_1_372' title='bbox 932 4351 975 4398; x_wconf 83' lang='lat'><strong>3.</strong></span> <span class='ocrx_word' id='word_1_373' title='bbox 993 4341 1043 4384; x_wconf 85' lang='lat' dir='ltr'><strong>et</strong></span> <span class='ocrx_word' id='word_1_374' title='bbox 1057 4333 1260 4382; x_wconf 81' lang='lat' dir='ltr'><strong>xxxviii.</strong></span> 
     </span>
     <span class='ocr_line' id='line_1_55' title="bbox 252 4398 1261 4469; baseline -0.01 -12"><span class='ocrx_word' id='word_1_375' title='bbox 252 4422 330 4469; x_wconf 83' lang='lat'><strong>43.</strong></span> <span class='ocrx_word' id='word_1_376' title='bbox 382 4408 547 4468; x_wconf 81' lang='lat' dir='ltr'><strong>Atque</strong></span> <span class='ocrx_word' id='word_1_377' title='bbox 568 4419 628 4454; x_wconf 88' lang='lat' dir='ltr'><strong>ea</strong></span> <span class='ocrx_word' id='word_1_378' title='bbox 647 4419 739 4452; x_wconf 87' lang='lat' dir='ltr'><strong>nec</strong></span> <span class='ocrx_word' id='word_1_379' title='bbox 760 4400 967 4464; x_wconf 84' lang='lat' dir='ltr'><strong>emptori</strong></span> <span class='ocrx_word' id='word_1_380' title='bbox 988 4401 1185 4462; x_wconf 81' lang='lat' dir='ltr'><strong>refigere</strong></span> <span class='ocrx_word' id='word_1_381' title='bbox 1207 4398 1261 4447; x_wconf 85' lang='lat' dir='ltr'><strong>li-</strong></span> 
     </span>
    </p>
   </div>
   <div class='ocr_carea' id='block_1_6' title="bbox 1320 2666 2340 4394">
    <p class='ocr_par' dir='ltr' id='par_1_9' title="bbox 1322 2666 2333 2782">
     <span class='ocr_line' id='line_1_56' title="bbox 1322 2666 2333 2782; baseline 0.002 -66"><span class='ocrx_word' id='word_1_382' title='bbox 1322 2666 1475 2782; x_wconf 54' lang='lat' dir='ltr'><strong>guisse</strong></span> <span class='ocrx_word' id='word_1_383' title='bbox 1507 2669 1652 2717; x_wconf 86' lang='lat' dir='ltr'><strong>docet</strong></span> <span class='ocrx_word' id='word_1_384' title='bbox 1685 2667 1877 2717; x_wconf 85' lang='lat' dir='ltr'><strong>Plinius</strong></span> <span class='ocrx_word' id='word_1_385' title='bbox 1905 2667 1975 2717; x_wconf 90' lang='lat' dir='ltr'><strong>H.</strong></span> <span class='ocrx_word' id='word_1_386' title='bbox 2000 2666 2069 2716; x_wconf 88' lang='lat' dir='ltr'><strong>N.</strong></span> <span class='ocrx_word' id='word_1_387' title='bbox 2102 2681 2252 2715; x_wconf 78' lang='lat' dir='ltr'><strong>xxxv.</strong></span> <span class='ocrx_word' id='word_1_388' title='bbox 2289 2681 2333 2718; x_wconf 65' lang='grc' dir='ltr'><strong>π.</strong></span> 
     </span>
     <span class='ocr_line' id='line_1_57' title="bbox 1368 2747 1483 2781; baseline 0.009 -2"><span class='ocrx_word' id='word_1_389' title='bbox 1368 2747 1483 2781; x_wconf 62' lang='grc' dir='ltr'><strong>ην.</strong></span> 
     </span>
    </p>

    <p class='ocr_par' dir='ltr' id='par_1_10' title="bbox 1320 2796 2336 3307">
     <span class='ocr_line' id='line_1_58' title="bbox 1406 2796 2332 2860; baseline -0.003 -14"><span class='ocrx_word' id='word_1_390' title='bbox 1406 2809 1433 2858; x_wconf 82' lang='grc'><strong>7</strong></span> <span class='ocrx_word' id='word_1_391' title='bbox 1472 2798 1606 2846; x_wconf 72' lang='lat' dir='ltr'><strong>Iovis</strong></span> <span class='ocrx_word' id='word_1_392' title='bbox 1651 2797 1820 2860; x_wconf 70' lang='lat' dir='ltr'><strong>optimi</strong></span> <span class='ocrx_word' id='word_1_393' title='bbox 1871 2797 2073 2844; x_wconf 74' lang='lat' dir='ltr'><strong>maa-imi</strong></span> <span class='ocrx_word' id='word_1_394' title='bbox 2123 2796 2332 2856; x_wconf 70' lang='lat' dir='ltr'><strong>emta]</strong></span> 
     </span>
     <span class='ocr_line' id='line_1_59' title="bbox 1320 2857 2336 2924; baseline -0.001 -15"><span class='ocrx_word' id='word_1_395' title='bbox 1320 2861 1517 2910; x_wconf 85' lang='lat' dir='ltr'><strong>Corona</strong></span> <span class='ocrx_word' id='word_1_396' title='bbox 1550 2875 1715 2922; x_wconf 80' lang='lat' dir='ltr'><strong>aurea,</strong></span> <span class='ocrx_word' id='word_1_397' title='bbox 1749 2865 1939 2924; x_wconf 87' lang='lat' dir='ltr'><strong>sceptro</strong></span> <span class='ocrx_word' id='word_1_398' title='bbox 1976 2857 2123 2922; x_wconf 83' lang='lat' dir='ltr'><strong>regio,</strong></span> <span class='ocrx_word' id='word_1_399' title='bbox 2160 2857 2336 2920; x_wconf 88' lang='lat' dir='ltr'><strong>quibus</strong></span> 
     </span>
     <span class='ocr_line' id='line_1_60' title="bbox 1320 2922 2334 2988; baseline 0 -15"><span class='ocrx_word' id='word_1_400' title='bbox 1320 2924 1694 2988; x_wconf 81' lang='lat' dir='ltr'><strong>triumphantes,</strong></span> <span class='ocrx_word' id='word_1_401' title='bbox 1747 2923 2163 2987; x_wconf 82' lang='lat' dir='ltr'><strong>quemadmodum</strong></span> <span class='ocrx_word' id='word_1_402' title='bbox 2227 2922 2334 2986; x_wconf 85' lang='lat' dir='ltr'><strong>ipse</strong></span> 
     </span>
     <span class='ocr_line' id='line_1_61' title="bbox 1324 2987 2334 3052; baseline -0.002 -15"><span class='ocrx_word' id='word_1_403' title='bbox 1324 2989 1534 3052; x_wconf 82' lang='lat' dir='ltr'><strong>Iupiter,</strong></span> <span class='ocrx_word' id='word_1_404' title='bbox 1566 2990 1934 3038; x_wconf 80' lang='lat' dir='ltr'><strong>decorabantur.</strong></span> <span class='ocrx_word' id='word_1_405' title='bbox 2006 2987 2148 3045; x_wconf 79' lang='lat' dir='ltr'><strong>Quin</strong></span> <span class='ocrx_word' id='word_1_406' title='bbox 2183 2987 2334 3036; x_wconf 86' lang='lat' dir='ltr'><strong>etiam</strong></span> 
     </span>
     <span class='ocr_line' id='line_1_62' title="bbox 1321 3051 2333 3116; baseline -0.003 -14"><span class='ocrx_word' id='word_1_407' title='bbox 1321 3054 1495 3102; x_wconf 81' lang='lat' dir='ltr'><strong>faciem</strong></span> <span class='ocrx_word' id='word_1_408' title='bbox 1539 3053 1955 3116; x_wconf 85' lang='lat' dir='ltr'><strong>triumphantibus</strong></span> <span class='ocrx_word' id='word_1_409' title='bbox 2005 3051 2158 3100; x_wconf 88' lang='lat' dir='ltr'><strong>minio</strong></span> <span class='ocrx_word' id='word_1_410' title='bbox 2207 3051 2333 3100; x_wconf 86' lang='lat' dir='ltr'><strong>illini</strong></span> 
     </span>
     <span class='ocr_line' id='line_1_63' title="bbox 1321 3115 2336 3180; baseline 0 -15"><span class='ocrx_word' id='word_1_411' title='bbox 1321 3117 1440 3166; x_wconf 89' lang='lat' dir='ltr'><strong>olim</strong></span> <span class='ocrx_word' id='word_1_412' title='bbox 1472 3118 1683 3178; x_wconf 83' lang='lat' dir='ltr'><strong>solitam,</strong></span> <span class='ocrx_word' id='word_1_413' title='bbox 1701 3117 2114 3180; x_wconf 85' lang='lat' dir='ltr'><strong>quemadmodum</strong></span> <span class='ocrx_word' id='word_1_414' title='bbox 2143 3115 2252 3164; x_wconf 85' lang='lat' dir='ltr'><strong>Iovi</strong></span> <span class='ocrx_word' id='word_1_415' title='bbox 2284 3122 2336 3165; x_wconf 87' lang='lat' dir='ltr'><strong>et</strong></span> 
     </span>
     <span class='ocr_line' id='line_1_64' title="bbox 1320 3179 2332 3242; baseline -0.003 -12"><span class='ocrx_word' id='word_1_416' title='bbox 1320 3181 1610 3242; x_wconf 83' lang='lat' dir='ltr'><strong>quibusdam</strong></span> <span class='ocrx_word' id='word_1_417' title='bbox 1645 3181 1756 3230; x_wconf 89' lang='lat' dir='ltr'><strong>aliis</strong></span> <span class='ocrx_word' id='word_1_418' title='bbox 1791 3181 1900 3238; x_wconf 87' lang='lat' dir='ltr'><strong>diis,</strong></span> <span class='ocrx_word' id='word_1_419' title='bbox 1933 3180 2126 3228; x_wconf 83' lang='lat' dir='ltr'><strong>Plinius</strong></span> <span class='ocrx_word' id='word_1_420' title='bbox 2157 3179 2228 3228; x_wconf 83' lang='lat' dir='ltr'><strong>H.</strong></span> <span class='ocrx_word' id='word_1_421' title='bbox 2263 3179 2332 3228; x_wconf 80' lang='lat' dir='ltr'><strong>N.</strong></span> 
     </span>
     <span class='ocr_line' id='line_1_65' title="bbox 1320 3243 2034 3307; baseline -0.003 -13"><span class='ocrx_word' id='word_1_422' title='bbox 1320 3245 1491 3294; x_wconf 82' lang='lat' dir='ltr'><strong>xxxiii.</strong></span> <span class='ocrx_word' id='word_1_423' title='bbox 1520 3258 1560 3307; x_wconf 86' lang='lat'><strong>7.</strong></span> <span class='ocrx_word' id='word_1_424' title='bbox 1583 3250 1837 3293; x_wconf 87' lang='lat' dir='ltr'><strong>memorat.</strong></span> <span class='ocrx_word' id='word_1_425' title='bbox 1870 3243 2034 3292; x_wconf 68' lang='lat' dir='ltr'><strong>Cam.</strong></span> 
     </span>
    </p>

    <p class='ocr_par' dir='ltr' id='par_1_11' title="bbox 1322 3307 2334 3562">
     <span class='ocr_line' id='line_1_66' title="bbox 1385 3307 2332 3370; baseline -0.002 -13"><span class='ocrx_word' id='word_1_426' title='bbox 1385 3309 1416 3357; x_wconf 90' lang='lat'>8</span> <span class='ocrx_word' id='word_1_427' title='bbox 1450 3310 1574 3358; x_wconf 78' lang='lat' dir='ltr'><strong>Oum</strong></span> <span class='ocrx_word' id='word_1_428' title='bbox 1601 3309 1771 3370; x_wconf 75' lang='lat' dir='ltr'><strong>capide</strong></span> <span class='ocrx_word' id='word_1_429' title='bbox 1803 3323 1862 3355; x_wconf 79' lang='lat' dir='ltr'><strong>ac</strong></span> <span class='ocrx_word' id='word_1_430' title='bbox 1893 3307 2038 3366; x_wconf 75' lang='lat' dir='ltr'><strong>lituo]</strong></span> <span class='ocrx_word' id='word_1_431' title='bbox 2077 3307 2226 3370; x_wconf 74' lang='lat' dir='ltr'><strong>Cupis</strong></span> <span class='ocrx_word' id='word_1_432' title='bbox 2247 3320 2332 3368; x_wconf 87' lang='lat' dir='ltr'><strong>po-</strong></span> 
     </span>
     <span class='ocr_line' id='line_1_67' title="bbox 1322 3370 2332 3434; baseline -0.001 -14"><span class='ocrx_word' id='word_1_433' title='bbox 1322 3371 1421 3420; x_wconf 90' lang='lat' dir='ltr'><strong>culi</strong></span> <span class='ocrx_word' id='word_1_434' title='bbox 1470 3387 1626 3434; x_wconf 79' lang='lat' dir='ltr'><strong>genus</strong></span> <span class='ocrx_word' id='word_1_435' title='bbox 1668 3370 1968 3434; x_wconf 84' lang='lat' dir='ltr'><strong>pontificale,</strong></span> <span class='ocrx_word' id='word_1_436' title='bbox 2010 3385 2042 3418; x_wconf 85' lang='lat' dir='ltr'><strong>a</strong></span> <span class='ocrx_word' id='word_1_437' title='bbox 2083 3371 2332 3432; x_wconf 76' lang='lat' dir='ltr'><strong>capiendo.</strong></span> 
     </span>
     <span class='ocr_line' id='line_1_68' title="bbox 1324 3433 2334 3547; baseline -0.001 -63"><span class='ocrx_word' id='word_1_438' title='bbox 1324 3437 1528 3510; x_wconf 68' lang='lat' dir='ltr'><strong>Fssrqs.</strong></span> <span class='ocrx_word' id='word_1_439' title='bbox 1565 3437 1750 3547; x_wconf 67' lang='lat' dir='ltr'><strong>8Ia&#39;mus</strong></span> <span class='ocrx_word' id='word_1_440' title='bbox 1770 3433 1970 3484; x_wconf 81' lang='lat' dir='ltr'><strong>baculus</strong></span> <span class='ocrx_word' id='word_1_441' title='bbox 1985 3433 2242 3495; x_wconf 61' lang='lat' dir='ltr'><strong>auguralis</strong></span> <span class='ocrx_word' id='word_1_442' title='bbox 2271 3435 2334 3484; x_wconf 81' lang='lat' dir='ltr'><strong>cf.</strong></span> 
     </span>
     <span class='ocr_line' id='line_1_69' title="bbox 1323 3514 1610 3562; baseline -0.007 -13"><span class='ocrx_word' id='word_1_443' title='bbox 1323 3515 1453 3562; x_wconf 88' lang='lat' dir='ltr'><strong>supr.</strong></span> <span class='ocrx_word' id='word_1_444' title='bbox 1475 3515 1508 3548; x_wconf 85' lang='lat'><strong>1.</strong></span> <span class='ocrx_word' id='word_1_445' title='bbox 1538 3514 1557 3547; x_wconf 90' lang='lat'>1</span> <span class='ocrx_word' id='word_1_446' title='bbox 1598 3535 1610 3547; x_wconf 89' lang='lat'><strong>.</strong></span> 
     </span>
    </p>

    <p class='ocr_par' dir='ltr' id='par_1_12' title="bbox 1323 3561 2340 4394">
     <span class='ocr_line' id='line_1_70' title="bbox 1386 3561 2335 3626; baseline -0.001 -13"><span class='ocrx_word' id='word_1_447' title='bbox 1386 3579 1417 3626; x_wconf 91' lang='lat'>9</span> <span class='ocrx_word' id='word_1_448' title='bbox 1445 3563 1754 3626; x_wconf 75' lang='lat' dir='ltr'><strong>Apollinaris</strong></span> <span class='ocrx_word' id='word_1_449' title='bbox 1771 3563 1926 3621; x_wconf 71' lang='lat' dir='ltr'><strong>sacr-⁸⁶]</strong></span> <span class='ocrx_word' id='word_1_450' title='bbox 1966 3561 2120 3610; x_wconf 87' lang='lat' dir='ltr'><strong>Haud</strong></span> <span class='ocrx_word' id='word_1_451' title='bbox 2149 3562 2248 3611; x_wconf 85' lang='lat' dir='ltr'><strong>scio</strong></span> <span class='ocrx_word' id='word_1_452' title='bbox 2269 3579 2335 3612; x_wconf 88' lang='lat' dir='ltr'><strong>an</strong></span> 
     </span>
     <span class='ocr_line' id='line_1_71' title="bbox 1324 3625 2334 3702; baseline 0 -26"><span class='ocrx_word' id='word_1_453' title='bbox 1324 3634 1487 3676; x_wconf 87' lang='lat' dir='ltr'><strong>noster</strong></span> <span class='ocrx_word' id='word_1_454' title='bbox 1513 3627 1594 3675; x_wconf 87' lang='lat' dir='ltr'><strong>hic</strong></span> <span class='ocrx_word' id='word_1_455' title='bbox 1619 3626 1890 3702; x_wconf 82' lang='lat' dir='ltr'><strong>proleptice</strong></span> <span class='ocrx_word' id='word_1_456' title='bbox 1921 3625 2166 3687; x_wconf 85' lang='lat' dir='ltr'><strong>loquatur,</strong></span> <span class='ocrx_word' id='word_1_457' title='bbox 2189 3631 2240 3676; x_wconf 87' lang='lat' dir='ltr'><strong>ct</strong></span> <span class='ocrx_word' id='word_1_458' title='bbox 2261 3627 2334 3676; x_wconf 91' lang='lat' dir='ltr'><strong>lu-</strong></span> 
     </span>
     <span class='ocr_line' id='line_1_72' title="bbox 1324 3689 2338 3754; baseline 0.001 -14"><span class='ocrx_word' id='word_1_459' title='bbox 1324 3693 1413 3742; x_wconf 87' lang='lat' dir='ltr'><strong>dos</strong></span> <span class='ocrx_word' id='word_1_460' title='bbox 1452 3693 1566 3740; x_wconf 86' lang='lat' dir='ltr'><strong>illos</strong></span> <span class='ocrx_word' id='word_1_461' title='bbox 1609 3691 1922 3753; x_wconf 79' lang='lat' dir='ltr'><strong>Apolhnares</strong></span> <span class='ocrx_word' id='word_1_462' title='bbox 1963 3689 2222 3754; x_wconf 77' lang='lat' dir='ltr'><strong>intelligat,</strong></span> <span class='ocrx_word' id='word_1_463' title='bbox 2253 3693 2338 3754; x_wconf 87' lang='lat' dir='ltr'><strong>qui</strong></span> 
     </span>
     <span class='ocr_line' id='line_1_73' title="bbox 1325 3754 2340 3819; baseline 0 -15"><span class='ocrx_word' id='word_1_464' title='bbox 1325 3761 1495 3819; x_wconf 86' lang='lat' dir='ltr'><strong>postea</strong></span> <span class='ocrx_word' id='word_1_465' title='bbox 1520 3772 1598 3805; x_wconf 88' lang='lat' dir='ltr'><strong>an.</strong></span> <span class='ocrx_word' id='word_1_466' title='bbox 1629 3769 1737 3818; x_wconf 82' lang='lat'><strong>540.</strong></span> <span class='ocrx_word' id='word_1_467' title='bbox 1763 3755 1829 3804; x_wconf 89' lang='lat' dir='ltr'><strong>U.</strong></span> <span class='ocrx_word' id='word_1_468' title='bbox 1853 3754 1912 3804; x_wconf 82' lang='lat' dir='ltr'><strong>C.</strong></span> <span class='ocrx_word' id='word_1_469' title='bbox 1948 3770 2012 3803; x_wconf 83' lang='lat' dir='ltr'><strong>ex</strong></span> <span class='ocrx_word' id='word_1_470' title='bbox 2044 3756 2340 3805; x_wconf 83' lang='lat' dir='ltr'><strong>carminibus</strong></span> 
     </span>
     <span class='ocr_line' id='line_1_74' title="bbox 1326 3819 2338 3881; baseline 0.001 -13"><span class='ocrx_word' id='word_1_471' title='bbox 1326 3820 1449 3869; x_wconf 78' lang='lat' dir='ltr'><strong>vatis</strong></span> <span class='ocrx_word' id='word_1_472' title='bbox 1481 3819 1658 3870; x_wconf 82' lang='lat' dir='ltr'><strong>Marcii</strong></span> <span class='ocrx_word' id='word_1_473' title='bbox 1691 3819 1925 3881; x_wconf 84' lang='lat' dir='ltr'><strong>originem</strong></span> <span class='ocrx_word' id='word_1_474' title='bbox 1961 3819 2255 3880; x_wconf 82' lang='lat' dir='ltr'><strong>habuerunt,</strong></span> <span class='ocrx_word' id='word_1_475' title='bbox 2287 3827 2338 3869; x_wconf 87' lang='lat' dir='ltr'><strong>et</strong></span> 
     </span>
     <span class='ocr_line' id='line_1_75' title="bbox 1327 3883 2338 3948; baseline 0 -16"><span class='ocrx_word' id='word_1_476' title='bbox 1327 3885 1410 3948; x_wconf 87' lang='lat' dir='ltr'><strong>qni</strong></span> <span class='ocrx_word' id='word_1_477' title='bbox 1444 3899 1525 3934; x_wconf 89' lang='lat' dir='ltr'><strong>an.</strong></span> <span class='ocrx_word' id='word_1_478' title='bbox 1561 3899 1668 3947; x_wconf 82' lang='lat'><strong>544.</strong></span> <span class='ocrx_word' id='word_1_479' title='bbox 1703 3883 1771 3934; x_wconf 88' lang='lat' dir='ltr'><strong>U.</strong></span> <span class='ocrx_word' id='word_1_480' title='bbox 1795 3884 1854 3934; x_wconf 87' lang='lat' dir='ltr'><strong>C.</strong></span> <span class='ocrx_word' id='word_1_481' title='bbox 1888 3899 1920 3932; x_wconf 85' lang='lat' dir='ltr'><strong>a</strong></span> <span class='ocrx_word' id='word_1_482' title='bbox 1951 3891 2174 3946; x_wconf 84' lang='lat' dir='ltr'><strong>praetore</strong></span> <span class='ocrx_word' id='word_1_483' title='bbox 2205 3884 2338 3932; x_wconf 88' lang='lat' dir='ltr'><strong>urbis</strong></span> 
     </span>
     <span class='ocr_line' id='line_1_76' title="bbox 1323 3947 2337 4011; baseline -0.004 -13"><span class='ocrx_word' id='word_1_484' title='bbox 1323 3948 1536 4011; x_wconf 88' lang='lat' dir='ltr'><strong>primum</strong></span> <span class='ocrx_word' id='word_1_485' title='bbox 1572 3948 1690 3997; x_wconf 83' lang='lat' dir='ltr'><strong>facti</strong></span> <span class='ocrx_word' id='word_1_486' title='bbox 1727 3954 1856 3997; x_wconf 86' lang='lat' dir='ltr'><strong>sunt.</strong></span> <span class='ocrx_word' id='word_1_487' title='bbox 1935 3947 2033 3996; x_wconf 88' lang='lat' dir='ltr'><strong>His</strong></span> <span class='ocrx_word' id='word_1_488' title='bbox 2069 3948 2213 4006; x_wconf 84' lang='lat' dir='ltr'><strong>ludis,</strong></span> <span class='ocrx_word' id='word_1_489' title='bbox 2251 3947 2337 4008; x_wconf 90' lang='lat' dir='ltr'><strong>qui</strong></span> 
     </span>
     <span class='ocr_line' id='line_1_77' title="bbox 1323 4011 2334 4075; baseline -0.004 -13"><span class='ocrx_word' id='word_1_490' title='bbox 1323 4013 1403 4062; x_wconf 87' lang='lat' dir='ltr'><strong>die</strong></span> <span class='ocrx_word' id='word_1_491' title='bbox 1434 4013 1622 4062; x_wconf 87' lang='lat' dir='ltr'><strong>solenni</strong></span> <span class='ocrx_word' id='word_1_492' title='bbox 1652 4011 1929 4075; x_wconf 85' lang='lat' dir='ltr'><strong>quotannis,</strong></span> <span class='ocrx_word' id='word_1_493' title='bbox 1961 4026 2028 4059; x_wconf 86' lang='lat' dir='ltr'><strong>sc.</strong></span> <span class='ocrx_word' id='word_1_494' title='bbox 2060 4017 2176 4060; x_wconf 84' lang='lat' dir='ltr'><strong>ante</strong></span> <span class='ocrx_word' id='word_1_495' title='bbox 2204 4011 2334 4059; x_wconf 87' lang='lat' dir='ltr'><strong>diem</strong></span> 
     </span>
     <span class='ocr_line' id='line_1_78' title="bbox 1324 4075 2336 4132; baseline -0.004 -6"><span class='ocrx_word' id='word_1_496' title='bbox 1324 4077 1522 4126; x_wconf 88' lang='lat' dir='ltr'><strong>tertium</strong></span> <span class='ocrx_word' id='word_1_497' title='bbox 1541 4093 1698 4126; x_wconf 88' lang='lat' dir='ltr'><strong>nonas</strong></span> <span class='ocrx_word' id='word_1_498' title='bbox 1714 4075 2012 4132; x_wconf 76' lang='lat' dir='ltr'><strong>Quinctiles,</strong></span> <span class='ocrx_word' id='word_1_499' title='bbox 2027 4075 2336 4122; x_wconf 82' lang='lat' dir='ltr'><strong>celebraban-</strong></span> 
     </span>
     <span class='ocr_line' id='line_1_79' title="bbox 1324 4139 2336 4204; baseline -0.004 -15"><span class='ocrx_word' id='word_1_500' title='bbox 1324 4147 1421 4200; x_wconf 86' lang='lat' dir='ltr'><strong>tur,</strong></span> <span class='ocrx_word' id='word_1_501' title='bbox 1449 4149 1670 4204; x_wconf 86' lang='lat' dir='ltr'><strong>praeerat</strong></span> <span class='ocrx_word' id='word_1_502' title='bbox 1701 4147 1897 4204; x_wconf 82' lang='lat' dir='ltr'><strong>praetor</strong></span> <span class='ocrx_word' id='word_1_503' title='bbox 1927 4139 2156 4198; x_wconf 82' lang='lat' dir='ltr'><strong>urbanus,</strong></span> <span class='ocrx_word' id='word_1_504' title='bbox 2177 4145 2227 4186; x_wconf 88' lang='lat' dir='ltr'><strong>et</strong></span> <span class='ocrx_word' id='word_1_505' title='bbox 2254 4139 2336 4186; x_wconf 87' lang='lat' dir='ltr'><strong>de-</strong></span> 
     </span>
     <span class='ocr_line' id='line_1_80' title="bbox 1325 4202 2338 4262; baseline -0.004 -9"><span class='ocrx_word' id='word_1_506' title='bbox 1325 4205 1524 4254; x_wconf 82' lang='lat' dir='ltr'><strong>cemviri</strong></span> <span class='ocrx_word' id='word_1_507' title='bbox 1549 4205 1738 4253; x_wconf 85' lang='lat' dir='ltr'><strong>Graeco</strong></span> <span class='ocrx_word' id='word_1_508' title='bbox 1770 4203 1867 4250; x_wconf 88' lang='lat' dir='ltr'><strong>ritu</strong></span> <span class='ocrx_word' id='word_1_509' title='bbox 1903 4217 2039 4250; x_wconf 83' lang='lat' dir='ltr'><strong>sacra</strong></span> <span class='ocrx_word' id='word_1_510' title='bbox 2075 4202 2338 4262; x_wconf 81' lang='lat' dir='ltr'><strong>faciebant,</strong></span> 
     </span>
     <span class='ocr_line' id='line_1_81' title="bbox 1324 4266 2336 4330; baseline 0 -14"><span class='ocrx_word' id='word_1_511' title='bbox 1324 4270 1455 4317; x_wconf 80' lang='lat' dir='ltr'><strong>unde</strong></span> <span class='ocrx_word' id='word_1_512' title='bbox 1482 4267 1726 4330; x_wconf 78' lang='lat' dir='ltr'><strong>Apollinis</strong></span> <span class='ocrx_word' id='word_1_513' title='bbox 1755 4267 2029 4315; x_wconf 83' lang='lat' dir='ltr'><strong>sacerdotes</strong></span> <span class='ocrx_word' id='word_1_514' title='bbox 2059 4266 2178 4316; x_wconf 80' lang='lat' dir='ltr'><strong>dicti</strong></span> <span class='ocrx_word' id='word_1_515' title='bbox 2209 4272 2336 4316; x_wconf 84' lang='lat' dir='ltr'><strong>sunt.</strong></span> 
     </span>
     <span class='ocr_line' id='line_1_82' title="bbox 1327 4330 2042 4394; baseline -0.003 -12"><span class='ocrx_word' id='word_1_516' title='bbox 1327 4333 1390 4382; x_wconf 85' lang='lat' dir='ltr'><strong>cf.</strong></span> <span class='ocrx_word' id='word_1_517' title='bbox 1410 4331 1520 4382; x_wconf 81' lang='lat' dir='ltr'><strong>infr.</strong></span> <span class='ocrx_word' id='word_1_518' title='bbox 1541 4347 1656 4381; x_wconf 82' lang='lat' dir='ltr'><strong>xxv.</strong></span> <span class='ocrx_word' id='word_1_519' title='bbox 1685 4345 1757 4380; x_wconf 73' lang='grc' dir='ltr'><strong>η.</strong></span> <span class='ocrx_word' id='word_1_520' title='bbox 1790 4330 1940 4380; x_wconf 77' lang='lat' dir='ltr'><strong>xxvii.</strong></span> <span class='ocrx_word' id='word_1_521' title='bbox 1966 4343 2042 4394; x_wconf 81' lang='lat'><strong>23.</strong></span> 
     </span>
    </p>
   </div>
  </div>
 </body>
</html>
