3000 4784
773 226 957 293 LIB.
1008 226 1160 295 VII.
1224 225 1446 293 CAP.
1496 234 1600 293 29.
2104 232 2233 293 429

81 360 238 425 voti
278 382 498 447 quum
527 362 730 427 victor
751 361 1026 428 Romam
1054 363 1432 440 revertisset,
1461 362 1775 428 dictatura
1800 384 1867 427 se
1898 362 2230 427 abdicavit.
2256 378 2323 429 U.
2348 380 2407 431 c.
2430 394 2541 441 410.

88 448 416 511 Senatus
443 447 810 515 duumviros
839 449 924 513 ad
957 473 1098 515 eam
1133 449 1357 515 aedem
1398 472 1515 536 pro
1554 448 1973 536 amplitudine
2006 446 2233 549 populi
2252 446 2315 494 A.
2348 444 2407 495 0·
2433 460 2545 506 ³⁴²·

87 532 420 597 Romani
447 534 800 601 faciendam
829 536 1028 600 creari
1059 535 1255 601 iussit.
1349 536 1561 601 Locus
1590 537 1659 599 in
1688 558 1830 601 arce
1861 536 2233 612 destinatus,

137 644 287 685 uae
336 643 488 685 area
521 622 776 687 aedium
814 622 910 687 M.
938 621 1168 687 Manlii
1204 621 1555 709 Capitolini
1582 623 1805 687 fuerat.
1900 621 2233 698 Consules»,

139 707 464 771 ictatoris
506 709 792 772 exercitu
835 708 919 773 ad
960 708 1200 773 bellum
1229 708 1539 773 Volscum
1569 709 1686 785 usi,
1723 708 1945 775 Soram
1974 731 2057 774 ex
2086 707 2235 772 bos-

87 792 318 869 tibus,
357 792 644 858 incautos
673 794 897 871 adorti,
928 808 1251 881 ceperunt.

193 880 428 943 Anno
575 892 618 956 t,
650 902 840 966 quam
871 894 1019 945 vota
1047 895 1199 958 erat,
1231 880 1420 945 aedes
1451 880 1757 947 Monetae
1778 880 2127 957 dedicatur,
2153 880 2231 947 C.
2256 894 2322 943 U.
2346 895 2405 944 c,
2428 911 2539 958 411.

93 963 389 1029 Marcio
513 966 670 1031 utilo
727 968 1004 1043 tertium,
1067 966 1145 1032 T.
1185 966 1436 1031 Manlio
1495 968 1825 1068 Torquato
1882 968 2233 1032 secundum
2250 960 2405 1073 ἐξ
2432 974 2541 1035 351·

91 1050 519 1115 consulibus,
611 1051 982 1140 Prodigium
1035 1053 1356 1140 extemplo
1402 1054 1873 1119 dedicat1onem
1923 1068 2230 1131 secutum,
2251 1060 2360 1137 11'1.
2384 1038 2519 1136 ·¹1²=¹'⁰¹⁰

51 1164 70 1196 ι
95 1138 340 1202 simile
383 1151 632 1203 vetusto
675 1140 908 1204 montis
939 1139 1174 1203 Albani
1217 1140 1527 1226 prodigio.
1620 1140 1791 1205 Nam
1840 1164 1919 1205 ue
1964 1154 2033 1204 et
2074 1140 2233 1226 lapi·
2250 1151 2441 1201 Manlio
2462 1152 2537 1201 ΙΙ.

95 1222 322 1288 dibus
375 1224 558 1311 pluit,
611 1237 678 1289 et
735 1248 864 1290 nox
915 1226 1195 1289 interdiu
1245 1226 1378 1289 visa
1425 1226 1715 1290 intendi:
1781 1225 1827 1289 h
1874 1227 2082 1313 risque
2133 1228 2234 1290 in·-
2248 1217 2385 1265 Con.

227 1311 390 1387 etia,
422 1334 622 1397 quum
651 1310 842 1411 plena
873 1310 1178 1398 religione
1215 1312 1433 1376 civitas
1473 1325 1656 1389 esset,
1688 1312 1934 1377 senatui
1974 1312 2233 1400 placuit,

151 1396 516 1461 ietatorem
557 1396 856 1463 feriarum
903 1398 1490 1463 constituendarum
1538 1420 1726 1463 causa
1768 1398 1913 1463 dici.
2006 1398 2237 1463 Dictus

99 1482 182 1545 P.
209 1482 532 1547 Valerius
559 1483 924 1550 Publicola:
1119 1484 1267 1549 ‘ster
1294 1486 1585 1571 equitum
1614 1484 1674 1549 ei
1708 1484 1793 1560 Q.
1818 1484 2045 1549 Fabius
2076 1485 2240 1550 Am·-

99 1570 364 1633 bustus
388 1569 576 1633 datus
603 1582 715 1635 est.
809 1570 874 1634 N
879 1506 1201 1635 onmtgffinus
1237 1584 1484 1635 tantum
1520 1572 1945 1658 supplicatum
1982 1572 2072 1636 ire
2104 1570 2239 1659 pla-

101 1656 286 1733 cuit,
321 1655 438 1720 sed
467 1655 770 1721 finitimos
797 1657 986 1721 etiam
1017 1657 1325 1744 populos;
1363 1658 1649 1744 ordoque
1680 1658 1773 1735 iis,
1806 1680 1937 1745 quo
1965 1658 2237 1746 quisque

107 1741 226 1805 die
273 1742 728 1829 supplicarent,
761 1756 1045 1807 statutus·
1139 1743 1386 1809 Iudicia
1431 1766 1508 1809 eo
1556 1766 1725 1808 anno
1776 1744 1995 1831 populi
2036 1744 2239 1809 tristia

59 1856 88 1887 2
111 1828 184 1891 in
241 1828 640 1893 feneratores
683 1829 866 1905 facta,
900 1830 1132 1915 quibus
1175 1830 1256 1894 ab
1301 1830 1613 1895 aedilibus
1657 1830 1829 1895 dicta
1872 1832 2009 1898 dies
2052 1844 2234 1909 esset,

114 1914 496 1979 traduntur.
589 1914 676 1979 Et
703 1938 821 1993 res,
853 1915 1021 1979 baud
1066 1914 1196 1979 ulla
1233 1916 1466 2004 insigni
1508 1918 1591 1981 ad
1632 1918 1999 1983 memoriam
2027 1940 2234 1995 causa,

66 2000 206 2065 aad
239 2000 686 2087 interregnum
715 2002 922 2066 rediit.
1016 2000 1118 2065 Ex
1165 2001 1548 2089 interregno,
1580 2016 1653 2066 ut
1684 2003 1755 2067 id
1790 2018 2001 2068 actum
2032 2004 2235 2068 videri
2258 2018 2321 2068 U.
2347 2018 2405 2069 c.
2430 2034 2540 2080 412.

115 2098 369 2171 posset,
400 2082 588 2152 ambo
615 2088 863 2175 patricii
891 2088 1182 2153 consules
1209 2090 1399 2153 creati
1431 2101 1600 2165 sunt,
1634 2088 1729 2153 M.
1753 2087 2046 2153 Valerius
2073 2089 2235 2155 Cor-
2251 2085 2313 2132 A.
2347 2083 2405 2133 0·
2431 2098 2542 2145 340·

117 2194 248 2237 vus
283 2174 562 2251 tertium,
596 2176 679 2238 A.
705 2173 1041 2239 Cornelius
1074 2175 1327 2239 Cossus.
2250 2147 2564 2261 {⁶13²}ssssss

215 2258 477 2324 Maiora
529 2262 654 2325 iam
705 2260 856 2325 hinc
904 2260 1090 2337 bella,
1137 2274 1202 2326 et
1243 2261 1480 2327 viribus
1532 2260 1828 2338 hostium,
1876 2273 1943 2325 et
1986 2260 2093 2325 lon
2140 2262 2238 2326 'n-
2252 2276 2383 2324 nolio
2402 2276 2539 2326 coen.

73 2376 104 2415 4
127 2346 388 2430 quitate
439 2344 539 2410 vel
590 2346 942 2433 regionum,
989 2345 1091 2411 vel
1143 2360 1503 2434 temporum
1554 2348 1777 2435 spatiO,
1826 2348 2058 2435 quibus
2148 2348 2239 2413 el·
2360 2344 2463 2405 29·

125 2430 344 2495 latum
378 2445 494 2510 est,
525 2432 834 2498 dicentur.
928 2432 1098 2497 Nam
1149 2456 1228 2499 ue
1257 2457 1336 2499 eo
1372 2456 1541 2498 anno
1576 2434 1871 2498 adversus
1905 2434 2237 2512 SamniteS,

128 2530 403 2603 gentem
433 2520 658 2606 opibus
701 2520 1015 2607 armisque
1043 2458 1334 2597 validam,
1367 2533 1540 2584 mota
1572 2542 1761 2584 arma.
1859 2520 2237 2584 Samnitium

129 2604 405 2681 bellum,
453 2605 716 2692 ancipiti
759 2604 972 2670 Marte
1023 2618 1291 2693 gestum,
1330 2605 1615 2693 Pyrrhus
1662 2605 1878 2683 hostiS,
1920 2606 2239 2694 Pyrrhum

129 2689 351 2755 Poeni
379 2692 595 2755 secuti.
671 2692 932 2767 Quanta
951 2714 1162 2756 rerum
1183 2691 1382 2757 moles
1401 2690 1418 2757 1
1449 2692 1699 2777 quoties
1722 2692 1793 2756 in
1814 2704 2101 2757 extrema
2125 2715 2239 2779 pe-

132 2776 485 2842 riculorum
504 2790 788 2855 ventum,
813 2790 886 2841 ut
905 2778 976 2841 in
997 2778 1162 2843 hanc
1185 2778 1710 2863 magnitudinem,
1736 2802 1899 2865 quae
1921 2779 2030 2843 vix
2052 2778 2239 2843 susti-

133 2876 352 2941 netur,
377 2864 538 2949 erigi
565 2864 900 2951 imperium
931 2876 1142 2951 posset
1167 2862 1180 2928 1
1249 2862 1416 2929 Belli
1439 2876 1653 2928 autem
1676 2888 1865 2930 causa
1884 2888 2031 2931 cum
2058 2864 2239 2930 Sam·
2254 2880 2507 2931 Samnitici

133 2949 402 3026 nitibus,
437 2948 764 3026 Romanis,
793 2972 992 3037 quum
1025 2950 1323 3014 societate
1353 2950 1757 3037 amicitiaque
1781 2952 1983 3017 iuncti
2006 2964 2234 3029 essent,
2252 2946 2369 2995 *³0¹5
2394 2945 2539 3007 ofigo.

133 3036 537 3100 extrinsecus
593 3036 807 3113 venit3
877 3058 1008 3100 non
1067 3048 1205 3101 orta
1261 3036 1430 3101 inter
1484 3036 1657 3123 ipsos
1712 3050 1825 3103 est.
1922 3037 2239 3103 Samnites

209 3281 230 3315 1
282 3268 476 3315 Vetusto
495 3264 668 3313 montis
683 3265 894 3324 Albani]
931 3264 992 3313 cf.
1017 3264 1158 3327 Supr.

138 3326 455 3442 ξίὶῗῇῐάιρευὲἶί
477 3325 596 3377 velit
611 3328 734 3440 hrt-ec
793 3326 926 3376 luvia
946 3328 1160 3439 laplidea‚

315 3408 344 3441 e
461 3406 550 3454 pro
572 3406 628 3440 ee
981 3409 993 3440 ε
1041 3406 1160 3439 acus

138 3464 312 3507 autem
352 3456 593 3515 Albanus,
619 3470 811 3505 necnon
846 3455 931 3504 ille
968 3470 1031 3503 ex
1074 3456 1156 3503 ad-

140 3534 284 3570 versa
315 3519 500 3568 montis
532 3524 688 3581 parte,
709 3518 794 3581 qui
815 3519 931 3569 hod.
953 3520 1090 3581 Laqo
1109 3520 1162 3566 dn·

141 3585 294 3635 Nemi
305 3588 506 3632 vocatur
511 3590 722 3633 mter-ss
729 3582 1002 3643 antiquitus
1007 3588 1162 3641 erant,

143 3650 224 3709 qui
259 3648 454 3711 ignibus
477 3646 651 3705 caecis,
671 3646 774 3695 sive
799 3646 1083 3695 Vulcanicis
1103 3652 1161 3694 ut

143 3712 302 3769 aiunt,
314 3710 580 3759 identidem
597 3711 848 3759 ardebant.
901 3709 1037 3758 Hinc
1055 3709 1160 3758 fleri

143 3782 324 3836 potest,
357 3781 416 3823 ut
445 3773 704 3837 repentino
735 3774 972 3823 eiusmodi
1004 3779 1160 3832 motu,

145 3842 278 3888 unde
291 3840 430 3887 lacus
441 3838 581 3899 aquis
593 3854 656 3886 ex
669 3837 932 3899 improviso
943 3838 1160 3885 exunda-

147 3904 232 3963 vit,
249 3918 382 3964 supr.
397 3919 442 3951 v.
467 3914 538 3963 15.
557 3900 746 3963 lapides
761 3902 812 3949 in
827 3917 943 3950 aera
955 3901 1160 3961 disiecti,

144 3981 334 4017 rursum
356 3966 406 4014 in
429 3966 632 4014 modum
664 3965 863 4027 pluviae
895 3970 1046 4013 terras
1079 3980 1160 4027 pe-

145 4036 318 4080 terent.
388 4030 542 4086 Quod
579 4029 620 4077 si
652 4029 776 4077 haec
811 4028 1162 4091 interpretandi

145 4098 268 4144 ratio
297 4092 454 4142 cuivis
483 4108 656 4155 parum
677 4098 812 4141 certa
834 4092 1072 4151 videatur,
1092 4094 1161 4140 al-

147 4164 251 4207 tera
289 4158 340 4205 in
375 4162 607 4219 promptu
638 4162 741 4206 aaz
783 4156 969 4205 scilicet
1007 4171 1162 4203 unum

151 4224 226 4271 vel
263 4223 430 4283 plures
465 4220 656 4282 lapides
693 4219 799 4269 eius
838 4218 1044 4283 generis,
1079 4220 1164 4281 qui

1224 3264 1458 3327 vertigine
1491 3265 1704 3325 quadam
1744 3264 1794 3313 in
1833 3270 1985 3313 terras
2019 3266 2239 3313 deferun-

1223 3334 1320 3386 tur,
1364 3328 1430 3385 in}
1448 3328 1645 3375 Albano
1686 3334 1855 3375 monte
1898 3328 2129 3377 cecidisse
2172 3334 2241 3387 et,

1223 3406 1426 3439 numero
1457 3391 1593 3439 fama
1624 3396 1789 3451 aucto,
1828 3406 1913 3441 eos
1946 3391 1999 3439 in
2042 3392 2241 3455 pluviae

1223 3455 1422 3503 modum
1439 3454 1671 3517 cecidisse
1684 3453 1963 3503 hominibus
2132 3456 2241 3504 ibus

1226 3524 1395 3580 postea
1417 3532 1699 3581 persuasum
1722 3518 1884 3567 fuisse.
1918 3518 2105 3583 cfi2infr.
2123 3534 2239 3567 xxv.

1296 3660 1323 3693 α
1367 3648 1430 3693 In
1642 3646 1793 3706 tores]
1846 3645 2045 3703 Quibus
2080 3662 2241 3709 poena

1225 3711 1448 3773 quadi-up
1472 3710 1482 3720 '
1508 3710 1762 3758 subeunda
1783 3718 1901 3760 erat.
1936 3711 1997 3761 cf.
2020 3726 2151 3773 supr.
2166 3708 2240 3761 16.

1291 3788 1320 3835 3
1360 3776 1425 3823 Ut
1461 3776 1517 3821 ἑά
1550 3780 1711 3822 aetum
1744 3774 1901 3825 viden·
1933 3776 2119 3838 posset]
2158 3776 2240 3824 Its

1223 3844 1284 3885 ut
1307 3837 1358 3884 id
1387 3836 1611 3897 voluisse,
1632 3836 1683 3886 id
1712 3844 1957 3899 spectasse
1978 3840 2151 3887 Patres
2172 3838 2238 3887 vi-

1225 3900 1326 3950 deri
1344 3908 1564 3963 possent:
1588 3916 1769 3963 nempe
1784 3904 1916 3964 quod
1934 3904 2167 3964 sequitur,
2182 3907 2239 3950 ut

1225 3966 1372 4013 ambo
1395 3964 1585 4027 patricii
1608 3967 1831 4014 consules
1852 3966 2039 4015 fierent.
2072 3967 2235 4015 Cazv.

1289 4047 1322 4089 4
1352 4030 1550 4091 Spatia]
1598 4030 1755 4077 Recte
1792 4030 2014 4079 observat
2048 4028 2237 4076 Grono-

1227 4091 1334 4140 vius
1371 4108 1539 4141 vocem
1583 4092 1723 4141 illam
1760 4093 2048 4150 redundare,
2086 4106 2239 4151 quum

1227 4157 1561 4219 lonqinqm'tas
1602 4162 1653 4204 et
1694 4158 1989 4218 lonqinquus
2032 4160 2135 4202 tam
2180 4154 2242 4201 de

1226 4224 1328 4268 tem
1332 4234 1466 4281 pore,
1487 4234 1637 4281 quam
1658 4220 1722 4267 de
1744 4220 1853 4267 loco
1876 4218 2114 4267 dicantur.
2161 4216 2243 4265 Sic

149 4285 294 4335 hodie
313 4286 556 4335 metent-ici
577 4289 830 4343 vocantur,
849 4289 906 4331 ut
927 4284 1011 4345 qui
1033 4283 1167 4331 haud
1229 4298 1362 4345 supr.
1388 4282 1420 4331 i.
1446 4296 1522 4343 31.
1555 4284 1819 4345 lonqinquo
1850 4283 2008 4331 morbo
2039 4282 2243 4344 implici-

152 4350 296 4398 dubie
318 4363 382 4397 ex
401 4348 508 4396 alto
529 4347 654 4397 aeris
673 4350 752 4397 vel
773 4346 986 4397 aetheris
1006 4346 1166 4409 spatio

1230 4354 1328 4405 tua,
1349 4354 1400 4395 et
1423 4362 1467 4395 v.
1493 4360 1566 4395 ιι.
1591 4350 1642 4393 et
1670 4357 1741 4406 15.
1764 4346 2095 4408 lonqinquitas
2116 4346 2243 4394 belli.
