3000 4784
728 230 855 292 236
1489 224 1716 292 ΤῙΤΙ
1777 218 2049 293 LIVII

402 373 473 424 U.
494 374 555 424 ο.
578 388 689 439 3η.
728 374 965 438 notam,
994 361 1235 448 petiere
1270 362 1568 425 iuvenes:
1615 361 1774 426 alter
1810 360 2040 447 virgini
2073 379 2310 445 genere
2343 378 2479 445 par,
2511 357 2856 422 tutoribus
2939 291 2941 407 l

402 440 463 488 A.
496 440 556 489 0·
581 454 691 500 44⁰·
728 446 945 523 fretus,
999 448 1110 534 qui
1166 460 1233 511 et
1278 448 1398 534 ipsi
1442 448 1728 512 eiusdem
1773 446 2052 533 corporis
2093 460 2310 520 erant',
2371 442 2606 508 nobilis
2645 443 2852 517 alter,
2873 471 2900 503 ι
2939 444 2941 493 ἕ

730 532 907 597 nulla
961 555 1051 610 re,
1104 548 1550 620 praeterquam
1609 534 1827 609 forma,
1881 554 1955 596 ca
2001 544 2118 595 tus.
2217 529 2632 594 'Adiuvabant
2681 552 2854 593 eum

729 618 1131 704 optimatium
1180 620 1409 696 studia,
1457 638 1574 706 per
1619 641 1784 704 quae
1831 619 1900 681 in
1998 638 2216 681 omum
2263 636 2522 703 quoque
2573 615 2854 715 puellae

728 718 1050 769 certamen
1106 706 1385 792 partium
1444 704 1817 792 penetravit.
1939 702 2192 768 Nobilis
2243 703 2530 789 superior
2585 702 2858 765 ludicio

728 791 944 854 matris
974 812 1129 868 esse,
1154 812 1317 877 quae
1338 812 1532 876 quam
1549 788 2074 877 splendidissimis
2089 789 2330 889 nuptiis
2347 788 2521 875 iungi
2543 786 2852 875 puellam
2941 815 2943 879 ἶ

726 875 1010 941 volebat:
1074 890 1333 953 tutores,
1381 878 1451 941 in
1503 898 1582 940 ea
1626 897 1884 963 quoque
1925 896 1994 939 re
2039 888 2314 961 partium
2365 894 2705 950 memores,
2761 873 2854 937 ad

726 983 913 1026 suum
944 963 1225 1028 tendere.
1322 963 1544 1037 Quum
1583 984 1684 1025 res
1721 961 1940 1048 peragi
1969 962 2138 1025 intra
2173 960 2446 1047 parietes
2475 960 2848 1046 nequioeet‚

726 1059 990 1113 ventum
1034 1049 1103 1111 in
1142 1049 1243 1112 ius
1284 1061 1397 1112 est.
1489 1047 1824 1112 Postulatu
1865 1047 2086 1112 audito
2125 1047 2344 1111 matris
2387 1058 2847 1133 tutorumque,

726 1135 1126 1220 magistratus
1162 1134 1515 1198 secundum
1551 1134 1829 1220 parentis
1867 1134 2196 1197 arbitrium
2235 1133 2393 1196 dant
2430 1132 2530 1195 ius
2567 1133 2854 1219 nuptia-

726 1240 884 1284 rum.
980 1219 1111 1285 Sed
1140 1221 1234 1284 vis
1262 1219 1586 1307 potentior
1611 1220 1752 1283 fuit.
1846 1218 2144 1305 Namque
2185 1231 2442 1295 tutores,
2475 1218 2649 1281 inter
2675 1240 2846 1282 suae

726 1307 921 1393 partis
950 1306 1239 1371 homines
1268 1306 1349 1371 de
1392 1306 1626 1369 iniuria
1653 1305 1894 1370 decreti
1923 1305 2132 1391 palam
2163 1304 2232 1367 in
2259 1305 2397 1369 foro
2437 1304 2844 1381 concionati,

727 1412 923 1457 manu
942 1393 1109 1457 facta
1124 1392 1433 1479 virginem
1458 1414 1540 1456 ex
1567 1392 1763 1455 domo
1783 1392 1999 1455 matris
2015 1392 2298 1477 rapiunt:
2345 1389 2650 1455 adversus
2665 1414 2846 1477 quos

726 1478 1011 1542 infestior
1042 1490 1257 1543 coorta
1285 1478 1688 1564 optimatium
1717 1477 1882 1541 acies
1909 1477 2198 1563 sequitur
2225 1498 2560 1541 accensum
2591 1477 2846 1541 iniuria

726 1564 1039 1627 iuvenem.
1118 1563 1223 1627 Fit
1248 1564 1560 1649 proelium
1583 1578 1779 1627 atrox.
1857 1560 2051 1626 Pulsa
2076 1561 2276 1649 plebs,
2297 1562 2460 1627 nihil
2492 1561 2846 1627 Romanae

726 1647 900 1747 plebi
926 1648 1167 1725 similis,
1200 1662 1439 1712 armata
1466 1670 1551 1713 ex
1593 1650 1750 1713 urbe
1779 1649 2078 1735 profecta,
2112 1648 2272 1712 colle
2301 1648 2582 1734 quodam
2613 1664 2842 1736 capto,

727 1754 798 1796 m
840 1756 1021 1820 agros
1064 1734 1467 1819 optimatium
1507 1756 1653 1799 cum
1693 1734 1860 1799 ferro
1903 1735 2167 1821 ignique
2207 1735 2614 1799 excursiones
2653 1736 2840 1800 facit.

731 1819 975 1891 Urbem
1022 1840 1299 1919 quoque,
1349 1821 1556 1884 omnis
1607 1822 1800 1884 etiam
1853 1834 2182 1908 expertem
2236 1834 2384 1885 ante
2435 1822 2838 1898 certaminis,

726 1903 1137 1969 multitudine
1190 1926 1231 1969 o
1275 1906 1489 1969 ificum
1545 1905 1627 1969 ad
1671 1928 1848 1993 spem
1891 1907 2162 1994 praedae
2207 1920 2483 1983 evocata,
2529 1907 2841 1973 obsidere

724 2004 936 2078 parat:
993 2012 1114 2055 nec
1156 2014 1202 2055 u
1250 2014 1289 2056 a
1330 1992 1570 2079 species
1612 1991 1948 2079 cladesque
1993 1991 2143 2057 belli
2187 1994 2396 2070 abest3
2451 1992 2630 2057 velut
2671 2018 2844 2059 con·

726 2091 892 2142 tacta
934 2078 1183 2142 civitate
1226 2078 1399 2142 rabie
1440 2078 1714 2143 duorum
1759 2079 2080 2156 iuvenum,
2123 2080 2404 2143 funestas
2445 2102 2536 2143 nu
2581 2080 2702 2143 tias
2751 2103 2840 2145 ex

726 2187 951 2229 occasu
988 2165 1225 2250 patriae
1265 2165 1638 2251 petentium.
1731 2165 1966 2229 Parum
2009 2166 2174 2251 parti
2217 2166 2470 2252 utrique
2553 2166 2688 2229 omi
2733 2188 2841 2231 ar-

398 2254 611 2329 Ardeam
726 2272 973 2315 morum
1013 2246 1160 2314 belli
1207 2273 1287 2314 ue
1328 2264 1423 2315 est
1461 2251 1682 2315 visum.
1777 2251 2135 2337 Optimates
2177 2250 2500 2315 Romanos
2541 2252 2626 2315 ad
2669 2274 2842 2317 aux-

398 2318 625 2431 {rbgzlglgnt
724 2335 905 2400 ilium
936 2337 1105 2400 urbis
1134 2358 1173 2401 o
1284 2358 1436 2415 ssae,
1508 2338 1640 2401 lebs
1669 2337 1750 2401 ad
1773 2336 2264 2485 expugnandam
2295 2360 2509 2402 secum
2541 2337 2839 2403 Ardeam

727 2422 991 2487 Volscos
1032 2423 1339 2487 excivere.
1509 2424 1702 2488 riores
1752 2423 1856 2488 Vo
1881 2443 1992 2499 sci,
2041 2424 2208 2488 duce
2263 2423 2494 2510 Aequo
2549 2422 2836 2503 Cloelio,

731 2510 1011 2574 Ardeam
1060 2530 1312 2587 venere,
1372 2522 1440 2574 et
1496 2510 1830 2574 moenibus
1887 2510 2162 2573 hostium
2221 2509 2458 2574 vallum
2511 2510 2833 2576 obiecere.

730 2596 929 2671 Quod
967 2595 1077 2659 ubi
1121 2596 1393 2660 Romam
1434 2610 1533 2660 est
1570 2596 1952 2673 nuntiatum,
1983 2596 2308 2683 extemplo
2349 2594 2444 2660 M.
2491 2596 2836 2683 Geganius

724 2680 963 2759 consul,
989 2704 1135 2746 cum
1164 2682 1449 2746 exercitu
1474 2682 1812 2768 profectuS,
1845 2682 1966 2745 tria
1985 2682 2184 2746 millia
2209 2704 2504 2769 passuum
2534 2684 2616 2746 ab
2647 2684 2836 2749 hoste

726 2767 936 2831 locum
980 2768 1195 2831 castris
1238 2790 1310 2831 ce
1358 2768 1427 2844 it,
1472 2768 1928 2855 praecipitique
1975 2768 2101 2833 iam
2147 2768 2250 2833 die
2303 2790 2519 2833 curare
2563 2790 2834 2857 corpora
2853 2795 2880 2841 3

400 2858 446 2905 Α
471 2858 711 2931 ltomanis
728 2854 957 2916 milites
998 2850 1193 2915 iubet.
1360 2866 1536 2916 uarta
1579 2853 1812 2919 deinde
1859 2854 2076 2941 vigilia
2123 2856 2304 2941 signa
2349 2855 2618 2942 profert:
2679 2878 2836 2921 coe—

400 2922 693 2972 ⁰b⁸¹d⁰¹¹‘”¹·
726 2950 1037 3085 ptumque
1072 2958 1233 3023 opus
1270 2937 1431 3001 adeo
1466 2960 1664 3024 appro
1747 2953 1952 3004 ratum
1982 2953 2095 3017 est,
2129 2955 2219 3018 ut,
2251 2941 2380 3005 sole
2409 2954 2570 3017 orto,
2605 2942 2835 3007 Volsci

774 3023 999 3085 rmiore
1030 3044 1095 3085 se
1136 3022 1534 3088 munimento
1564 3025 1642 3088 ab
1741 3028 1984 3091 omanis
2013 3026 2531 3105 circumvallatoe,
2563 3051 2766 3113 quam
2795 3052 2834 3093 a

726 3131 793 3173 se
840 3109 1081 3185 urbem,
1124 3107 1430 3173 viderent.
1526 3108 1614 3174 Et
1663 3110 1785 3175 alia
1831 3126 2009 3199 parte
2061 3112 2284 3177 consul
2333 3136 2516 3177 muro
2568 3115 2829 3179 Ardeae

726 3194 1054 3260 brachium
1084 3193 1470 3272 iniunxerat3
1520 3220 1648 3283 qua
1675 3218 1756 3261 ex
1788 3222 1870 3285 op
1917 3198 2022 3264 ido
2051 3200 2146 3263 sui
2171 3222 2522 3264 commeare
2543 3216 2824 3289 possent.
2845 3234 2874 3275 4

512 3279 611 3338 10·
733 3281 995 3347 Volscus
1024 3282 1377 3368 imperator,
1410 3283 1524 3369 qui
1563 3282 1646 3347 ad
1683 3307 1824 3348 eam
1911 3286 2055 3361 iem,
2085 3308 2218 3350 non
2257 3300 2616 3352 commeatu
2647 3310 2832 3375 prae-

724 3381 962 3454 parate,
984 3367 1097 3432 sed
1124 3390 1204 3431 ex
1236 3368 1646 3455 populatione
1675 3392 1967 3457 agrorum
1995 3384 2174 3457 rapto
2204 3373 2272 3435 in
2301 3371 2474 3435 diem
2503 3372 2830 3440 frumento

727 3448 981 3517 aluisset
1024 3452 1309 3530 militem,
1351 3468 1690 3553 postquam
1743 3469 1995 3543 saeptus
2045 3456 2209 3522 vallo
2257 3470 2518 3545 repente
2563 3460 2829 3548 inopem

726 3540 1011 3604 omnium
1056 3560 1264 3603 rerum
1306 3540 1500 3618 vadet,
1547 3540 1630 3605 ad
1671 3540 2056 3627 colloquium
2101 3542 2355 3608 consule
2399 3560 2686 3624 evocat0,
2738 3557 2756 3586 ‘
2777 3548 2828 3613 si

730 3634 748 3663 ‘
764 3624 1099 3689 solvendae
1141 3625 1483 3690 obsidionis
1523 3650 1710 3691 causa
1747 3630 1990 3692 venerit
2021 3628 2368 3707 Romanula,
2399 3630 2830 3697 abducturum

730 3720 749 3748 ‘
770 3733 837 3773 se
866 3711 1018 3774 inde
1060 3710 1361 3787 Volscos}
1389 3712 1492 3776 ait.
1587 3712 1911 3777 Adversus
1950 3738 2026 3777 ea
2063 3714 2304 3793 consul,
2339 3726 2358 3753 ‘
2378 3716 2561 3781 victis
2601 3720 2828 3784 condi·

729 3806 747 3835 ⁶
772 3796 973 3861 tiones
1007 3796 1401 3883 accipiendas
1430 3820 1584 3876 esse,
1617 3822 1748 3863 non
1786 3799 2111 3876 ferendas}
2139 3802 2498 3887 respondit3
2549 3812 2569 3840 ‘
2591 3828 2826 3893 neque,

728 3890 749 3921 ‘
770 3896 843 3946 ut
888 3884 1178 3946 venerint
1222 3883 1303 3948 ad
1356 3884 1815 3972 oppugnandos
1867 3886 2066 3949 socios
2155 3886 2328 3973 opuli
2375 3886 2659 3953 Romani
2713 3914 2828 3957 suo

730 3977 749 4007 ‘
770 3968 1043 4046 arbitrio,
1095 3968 1186 4033 ita
1234 3969 1512 4034 abituros
1563 3969 1828 4035 Volscos
1878 3994 2029 4035 esse.
2191 3972 2298 4037 edi
2357 3972 2825 4060 imperatorem,

796 4170 823 4204 ἰ
865 4156 1099 4204 memorem
1313 4156 1324 4170 '
1352 4157 1374 4215 ]
1432 4170 1497 4205 sc.
1533 4156 1739 4206 Generis
1803 4156 1923 4208 Tac.
1951 4158 2082 4206 nist.
2107 4156 2175 4207 iii.
2199 4156 2277 4207 86.

711 4219 823 4268 ‘sive
848 4218 1043 4265 ordinis.
1066 4218 1128 4267 cf.
1150 4218 1201 4265 in
1248 4255 1260 4267 .
1285 4219 1347 4267 vi.
1374 4234 1448 4280 34.
1482 4220 1616 4269 xxvi.
1641 4237 1718 4285 49.
1867 4240 1896 4282 4
1931 4222 2224 4283 Brachium]
2259 4222 2462 4270 Vallum
2491 4225 2777 4289 pertingens
2797 4246 2824 4276 a

790 4296 818 4342 3
852 4282 1219 4344 Praecipitique
1254 4283 1355 4329 iam
1392 4284 1497 4342 die]
1565 4284 1737 4338 Quum
1801 4286 1970 4333 castris
1989 4284 2305 4334 Romanisad
2326 4288 2510 4337 urbam.
2551 4288 2672 4339 vid.
2693 4290 2820 4354 Lips.

722 4342 820 4390 iam
843 4344 1279 4403 advesperasceret.
1315 4345 1376 4391 cf.
1401 4343 1509 4394 infr.
1523 4362 1637 4393 xxv.
1661 4360 1736 4409 34.
1805 4348 2066 4398 Poliorcet.
2089 4348 2138 4397 ii.
2165 4362 2208 4397 ι.
