3000 4784
376 371 439 421 U.
462 370 524 419 Ο.
547 382 658 433 415.

368 438 431 485 A.
464 434 523 485 C.
550 447 658 497 337.

378 2006 485 2063 Qui
506 2019 674 2054 nume-

375 2086 459 2121 rus
480 2069 639 2145 copia-

376 2150 485 2183 rum
508 2150 559 2182 m
582 2148 664 2182 ex-

376 2198 619 2247 ercitibus.

692 224 825 286 460
1474 216 1704 283 ΤῙΤΙ
1753 214 2032 283 LIVII

696 367 899 421 etatae
950 352 1239 417 virtutis=
1304 352 1658 417 secundum
1705 352 1992 429 rorarioS,
2041 352 2254 417 minus
2301 349 2548 415 roboris
2599 358 2798 413 aetate
2813 367 2838 413 s

694 441 1044 526 factisquez
1122 439 1381 503 tertium
1440 460 1760 515 accensos,
1823 438 2124 503 minimae
2182 436 2452 501 fiduciae
2509 456 2800 499 manum.
2814 466 2840 513 9

697 528 799 592 Eo
840 541 909 591 et
952 526 1024 589 in
1068 536 1453 611 postremam
1500 524 1702 589 aciem
1747 524 2214 588 reiiciebantur.
2306 522 2438 587 Ubi
2480 520 2596 587 his
2641 519 2806 585 ordi·

694 614 883 677 nibus
910 611 1229 677 exercitus
1256 610 1602 674 instructus
1629 623 1814 687 esset,
1839 609 2072 675 hastati
2101 608 2390 674 omnium
2415 606 2624 695 primi
2654 628 2810 693 pug-

694 721 846 763 nam
892 698 1157 761 inibant.
1254 695 1323 760 Si
1372 695 1603 761 hastati
1652 696 1985 782 profligare
2037 694 2288 759 hostem
2335 716 2470 759 non
2519 704 2840 780 possent„

696 784 863 872 pede
901 804 1117 869 presso
1156 804 1265 847 eos
1302 781 1774 847 retrocedentes
1817 782 1887 845 in
1925 780 2257 847 intervalla
2290 780 2604 845 ordinum
2639 778 2814 866 prin-

698 872 872 957 cipes
920 868 1329 955 recipiebant.
1421 867 1596 931 Tum
1689 868 2006 967 rincipum
2063 889 2282 955 pugna
2329 879 2505 943 erat3
2579 864 2816 929 hastati

698 957 1145 1041 sequebantur.
1267 953 1502 1017 Triarii
1566 975 1640 1017 su
1740 953 1990 1017 vexlllis
2049 952 2484 1029 considebant,
2547 951 2816 1017 sinistro

700 1064 881 1106 crure
954 1050 1263 1128 porrecto,
1330 1052 1512 1103 scuta
1581 1038 1790 1103 innisa
1859 1039 2160 1115 humeris,
2228 1038 2439 1103 hastas
2511 1039 2818 1103 subrecta

701 1126 965 1214 cuspide
993 1126 1062 1190 in
1093 1138 1261 1190 terra
1287 1125 1463 1201 fixas,
1496 1123 1670 1189 haud
1709 1147 1891 1189 secus
1919 1148 2114 1212 quam
2143 1124 2308 1189 vallo
2335 1146 2440 1189 sae
2489 1138 2562 1187 ta
2595 1123 2818 1187 inhor-

702 1227 873 1279 reret
900 1212 1085 1289 acies,
1117 1222 1425 1277 tenentes,
1515 1209 1584 1275 Si
1612 1210 1784 1297 apud
1812 1210 2131 1311 principes
2159 1232 2417 1297 quoque
2495 1209 2642 1274 aud
2671 1208 2818 1273 satis

702 1322 1001 1387 prospere
1046 1311 1211 1363 esset
1240 1310 1626 1447 Ειὲηειωω,
1657 1320 1698 1361 a
1781 1320 1940 1361 rima
1981 1298 2116 1361 acie
2157 1294 2240 1361 ad
2280 1296 2532 1360 triarios
2573 1294 2818 1360 sensim

1368 1406 1403 1447 e

702 1386 1149 1451 referebantur.
1452 1392 1473 1421 ‘
1492 1406 1629 1447 rem
1788 1384 2032 1447 triarios
2069 1382 2346 1459 redisse,‘
2385 1404 2602 1469 quum
2643 1381 2822 1445 labo-

702 1486 895 1549 ratur,
994 1470 1281 1535 roverbio
1331 1469 1665 1533 increbuit.
1758 1468 1993 1533 Triarii
2043 1482 2516 1555 consurgenteS,
2573 1468 2704 1533 ubi
2755 1466 2820 1529 in
2836 1487 2860 1519 ²

700 1558 908 1622 interv
1052 1556 1347 1621 ordinum
1376 1577 1636 1619 suorum
1659 1554 1982 1655 principes
2002 1567 2070 1619 et
2089 1554 2366 1619 hastatos
2391 1554 2818 1653 recepissent,

700 1642 1025 1729 extemplo
1096 1641 1466 1727 compressis
1539 1641 1866 1705 ordinibus
1928 1640 2106 1705 velut
2179 1640 2568 1705 claudebant
2639 1660 2818 1703 was:

701 1751 959 1813 unoque
1000 1727 1355 1791 continenti
1398 1727 1672 1814 agmine,
1713 1727 1840 1791 iam
1883 1726 2062 1791 nulla
2103 1749 2214 1827 spe
2259 1738 2403 1814 post
2445 1724 2706 1803 relicta,
2751 1724 2818 1788 in

702 1813 948 1877 hostem
979 1812 1395 1876 incedebant:
1430 1814 1499 1877 id
1527 1827 1664 1877 erat
1684 1812 2334 1878 formidolosissimum
2363 1812 2558 1889 hosti,
2585 1833 2816 1899 quum,

701 1897 879 1961 velut
922 1898 1121 1961 victos
1166 1897 1455 1975 insecuti,
1502 1921 1731 1964 novam
1782 1910 2047 1986 repente
2098 1899 2301 1963 aciem
2353 1912 2816 1986 exsurgentem

703 1996 955 2050 auctam
999 2006 1265 2049 numero
1305 1984 1669 2049 cernebant.
1764 1984 2213 2049 Scribebantur
2255 1997 2471 2049 autem
2501 1998 2856 2071 quattuon.

704 2072 836 2135 fere
865 2070 1147 2159 legiones
1177 2070 1389 2157 quinis
1416 2070 1696 2135 millibus
1724 2070 2035 2157 peditum,
2067 2069 2390 2157 equitibus
2417 2070 2491 2133 in
2523 2069 2818 2221 εἰῐιῗιὼθ

706 2158 767 2222 le
814 2158 990 2223 ‘ones
1045 2157 1334 2221 trecenis.
1451 2156 1748 2221 Alterum
1807 2170 2052 2221 tantum
2113 2179 2194 2220 ex
2254 2155 2492 2221 Latino
2549 2157 2642 2221 de
2669 2168 2854 2221 ectu*

794 2244 1137 2319 'iciebatur,
1198 2242 1311 2341 qui
1376 2264 1451 2306 ea
1511 2254 1888 2329 tempestate
1953 2243 2166 2307 hostes
2230 2254 2414 2307 erant
2471 2241 2816 2317 Romania

706 2330 1061 2417 eodemque
1113 2329 1337 2393 ordine
1396 2328 1827 2393 instruxerant
1875 2329 2116 2393 aciem=
2185 2350 2306 2392 nec
2363 2327 2608 2393 vexilla
2665 2348 2814 2394 cum

702 2414 949 2480 vexillis
1008 2426 1275 2491 tantum,
1328 2413 1608 2478 universi
1666 2414 1896 2477 hastati
1954 2438 2102 2479 cum
2151 2413 2431 2491 hastatiS,
2487 2415 2818 2502 princip&

703 2523 851 2566 cum
886 2500 1317 2587 principibus3
1363 2498 1477 2563 sed
1517 2500 1806 2564 centurio
1836 2524 2096 2587 quoque
2131 2523 2280 2565 cum
2314 2500 2724 2578 centurione,
2763 2498 2814 2562 si

769 2713 800 2760 8
821 2713 1079 2772 Romu-ios]
1112 2710 1217 2768 Qui
1242 2709 1337 2760 levi
1358 2716 1608 2760 armatura
1628 2710 1722 2772 pri-
1789 2711 2085 2773 ponderibus
2125 2711 2224 2761 suis
2275 2712 2468 2771 librata,
2511 2728 2728 2776 corpora
2767 2718 2814 2760 et

703 2774 773 2823 mi
809 2775 1049 2836 proelium
1084 2775 1475 2832 committebant,
1494 2780 1646 2835 atque
1667 2780 1725 2821 ut
1788 2780 1928 2823 scuta
1960 2775 2174 2825 hostium
2203 2777 2538 2838 degravarent.
2569 2792 2712 2841 supr.
2737 2776 2814 2823 vii.

704 2844 819 2886 ante
844 2838 1051 2887 imbrem
1072 2839 1172 2887 fere
1194 2854 1363 2888 rorare
1384 2838 1526 2897 solet,
1550 2836 1618 2885 sic
1644 2836 1720 2885 illi
1787 2852 1864 2900 23.
1933 2840 2114 2889 Postea
2155 2840 2353 2901 quidem
2396 2840 2550 2889 triarii
2595 2848 2816 2891 mutum·

702 2906 819 2948 ante
848 2915 1045 2961 gravem
1077 2906 1373 2949 armaturam
1396 2901 1529 2963 quod
1561 2900 1722 2963 prodi·
1785 2903 1935 2950 modo
1989 2903 2040 2951 in
2094 2903 2364 2952 subsidium
2406 2904 2812 2967 antepilmonm

705 2964 842 3021 bant,
862 2964 1044 3010 rorarii
1066 2964 1197 3011 dicti.
1236 2964 1441 3011 Fam-us.
1787 2967 2154 3029 consurgebant.

768 3040 801 3089 9
832 3028 1095 3085 Accemos]
1132 3024 1235 3082 Qui
1258 3028 1320 3074 ad
1341 3026 1590 3089 legionum
1611 3044 1722 3077 cen·
1850 3044 1878 3091 3
1901 3033 2272 3092 Quattuor-sere
2285 3033 2496 3093 Ιῳίοηω
2515 3035 2692 3095 quia&
2711 3032 2812 3080 nil-

705 3104 815 3137 sum
838 3094 999 3137 essent
1020 3090 1235 3151 ascripti,
1254 3094 1309 3136 ut
1331 3088 1382 3136 in
1405 3090 1572 3138 locum
1593 3107 1720 3141 mor-
1785 3094 1938 3154 libus]
2001 3094 2253 3143 Numerus
2289 3100 2522 3157 quattuor
2559 3096 2808 3159 legionum

704 3158 901 3202 tuorum
923 3151 1137 3201 militum
1158 3152 1318 3202 subito
1334 3154 1722 3215 subrogarentur.
1787 3157 1905 3205 alibi
1940 3173 1972 3205 a
2007 3158 2075 3205 ud
2113 3158 2308 3207 Livium
2347 3165 2497 3220 atque
2533 3174 2621 3221 ap.
2663 3160 2808 3209 Dion.

706 3217 766 3266 cf.
778 3218 967 3267 Festus.
977 3218 1588 3279 vasov-ipeitiiffooemi.
1641 3221 1724 3268 In·
1789 3220 1914 3269 Exc.
1985 3226 2051 3270 at.
2069 3220 2155 3271 xii.
2175 3234 2251 3283 25.
2275 3222 2478 3284 legitur:
2515 3224 2604 3271 sed
2621 3224 2690 3273 de
2709 3223 2810 3287 φό-

704 3281 848 3330 terim
874 3280 1049 3331 iaculis
1079 3280 1437 3345 missilibusque
1458 3282 1572 3330 telis
1599 3298 1719 3347 pug-
1783 3286 1863 3333 nis
1901 3284 2120 3333 millibus
2151 3286 2420 3345 dubitatur,
2457 3292 2510 3334 et
2551 3288 2810 3349 qna-semis

704 3347 903 3395 nabant.
1785 3348 1984 3409 Lipsius
2011 3350 2222 3411 reponit,
2242 3350 2326 3411 qui
2351 3356 2520 3399 tamen
2549 3350 2810 3413 legionem,

777 3424 797 3457 ι
824 3411 1101 3471 Ρτηαὶρανσ
1121 3412 1323 3471 boetem]
1353 3412 1629 3472 Prqfiiyare
1651 3416 1726 3459 est
1790 3411 1948 3471 qualis
2009 3418 2120 3474 post
2177 3413 2458 3475 Scipionem
2519 3414 2808 3463 Afric-num

708 3474 1004 3594 ’ὧῗέῐιῖ
1026 3475 1461 3587 rimatur&
1497 3475 1571 3585 12²5·
1587 3474 1722 3587 οἳέῖ·
1789 3474 2100 3587 §3333AE
2115 3476 2806 3604 φῗὲὲῖιῗῖμῖῗζίοὲἒίἷί

708 3602 770 3649 de
787 3602 929 3651 Prov.
945 3604 1092 3651 Cons.
1108 3617 1179 3663 ¹4·
1202 3619 1283 3651 vos
1306 3609 1467 3651 tamen
1488 3608 1726 3664 oporteret

708 3666 769 3711 ab
792 3666 948 3713 eodem
979 3667 1067 3713 illa
1096 3668 1275 3723 omnia,
1296 3682 1327 3713 a
1350 3682 1444 3729 quo
1460 3668 1725 3727 prffigyata

707 3734 841 3783 sunt,
854 3730 1025 3789 confici
1038 3730 1173 3777 velle.
1212 3729 1397 3777 Hostes
1412 3730 1614 3791 quippe,
1628 3744 1726 3778 non

708 3786 801 3901 {¹3
816 3796 1075 3851 postquam
1090 3795 1225 3852 terga
1233 3796 1495 3852 verterunt,
1504 3792 1726 3841 conficie-

774 3858 901 3902 ntur.

776 3932 804 3964 α
845 3918 1027 3965 Triarii
1059 3920 1425 3979 consurgentes]
1477 3920 1580 3968 Hic
1613 3936 1730 3981 quo·

711 3996 807 4042 que
845 3996 1031 4030 morem
1072 3981 1149 4029 sui
1193 3982 1427 4044 temporis
1462 3984 1730 4045 respexisse

712 4044 909 4095 Livium
956 4046 1259 4097 Niebuhr-ius
1302 4052 1485 4107 censet,
1517 4054 1570 4096 et
1599 4050 1730 4109 pil&

710 4126 799 4159 non
841 4110 935 4159 hoc
984 4116 1205 4173 tempore
1256 4126 1354 4159 non
1404 4111 1455 4159 in
1500 4111 1729 4159 ultimam

712 4190 927 4236 pugnam
1000 4175 1288 4234 subsedisse,
1351 4176 1455 4235 sed,
1528 4174 1731 4224 ineunte

712 4238 915 4298 proelio,
948 4237 1053 4299 pila
1083 4238 1134 4287 in
1170 4239 1333 4287 hostes
1364 4238 1551 4299 iecisse,
1585 4254 1731 4301 quae,

1789 3601 1868 3650 ius
1898 3604 2132 3665 temporis
2163 3610 2370 3667 spectat,
2395 3605 2580 3653 milites
2609 3606 2806 3655 omnino

1790 3680 1919 3727 4050
1939 3665 1991 3715 in
2011 3668 2286 3729 legionibus
2305 3668 2510 3731 singulis
2529 3670 2682 3719 fuine
2701 3684 2806 3719 oen·

1789 3736 1882 3789 set,
1889 3731 2122 3792 quoniam
2135 3730 2291 3781 tribus
2301 3734 2648 3783 tanmmmodo
2663 3734 2804 3796 vigin-

1792 3793 1828 3841 ti
1843 3800 2032 3855 septem
2049 3801 2207 3855 erant,
2223 3802 2274 3844 et
2295 3796 2468 3845 cohors
2487 3810 2807 3859 unaquaeque

1791 3856 1974 3907 milites
1995 3859 2091 3907 810
2111 3860 2408 3911 continebat.
2476 3861 2672 3909 Idcirco
2693 3876 2806 3925 qua-

1794 3924 1948 3971 ternis
1967 3924 2182 3972 millibus
2203 3924 2542 3987 reponendum
2565 3924 2766 3974 iudicat.

1858 4002 1890 4047 4
1921 3988 2150 4035 Alterum
2171 3991 2390 4048 matum]
2431 3988 2506 4037 Ut
2525 4004 2660 4050 supr.
2683 3989 2716 4037 i.
2737 3984 2806 4051 36.

1793 4066 1997 4100 numero
2027 4052 2240 4101 alterum
2259 4059 2454 4101 tansum
2623 4054 2635 4064 ‘
2693 4052 2746 4101 h.
2767 4066 2806 4099 e.

1793 4114 2118 4164 tantumdem.
2187 4115 2250 4164 In
2289 4116 2388 4163 alio
2425 4131 2570 4165 seusu
2603 4114 2805 4165 oemurit

1793 4175 1905 4289 bnest·
1935 4194 1984 4227 x.
2015 4177 2092 4239 46.
2127 4178 2212 4227 ubi
2243 4179 2454 4241 duplum
2485 4178 2698 4243 intelligi
2731 4181 2804 4229 de·
