3000 4784
700 233 821 294 126
1472 226 1698 294 ΤῙΤῙ
1751 225 2023 296 LIVII

370 376 439 426 U.
462 375 521 426 Ο.
548 389 655 440 ²74·
695 364 927 429 milites
961 365 1162 430 secuti
1201 377 1387 441 sunt3
1434 377 1521 442 et,
1554 377 1627 429 ut
1665 364 1772 430 ille
1812 365 1988 452 gravi
2017 362 2278 428 vulnere
2317 363 2480 428 ictus
2519 383 2602 426 ex
2647 359 2783 425 acie

367 441 433 516 A..
462 441 521 491 ⁰·
546 445 655 504 4⁷⁸·
693 451 896 529 cessit,
956 450 1359 516 interfectum
1416 451 1556 530 rati,
1615 451 1884 539 gradum
1941 450 2253 517 retulere:
2321 450 2783 534 cessissentque

367 506 647 621 &¹1¹2ssssOE
692 535 852 615 loco,
884 537 953 601 ni
994 538 1214 603 consul
1252 538 1427 617 alter,
1459 560 1607 603 cum
1647 537 1888 625 aliquot
1937 537 2159 601 turmis
2196 537 2484 624 equitum
2531 536 2602 598 in
2638 556 2784 598 eam

690 637 938 712 partem
968 625 1163 689 citato
1192 647 1358 712 equo
1386 624 1705 702 advectus,
1735 625 1946 689 vivere
1985 623 2313 690 clamitans
2351 621 2684 708 collegam,
2715 643 2784 685 se

690 712 992 776 victorem
1052 711 1191 776 fuso
1241 711 1439 777 altero
1484 735 1686 776 cornu
1743 711 1982 787 adesse,
2035 733 2170 775 rem
2229 709 2595 775 inclinatam
2645 729 2786 772 sus-

692 797 997 862 tinuisset.
1091 797 1373 863 Manlius
1402 821 1660 886 quoque
1700 797 1784 862 ad
1821 797 2278 862 restituendam
2319 797 2520 861 aciem
2547 817 2616 859 se
2645 795 2784 882 ipse

691 905 902 949 coram
953 885 1153 950 offert.
1245 885 1542 949 Duorum
1587 884 1918 950 consulum
1965 884 2220 971 cognita
2265 906 2375 948 ora
2423 880 2785 948 accendunt

691 970 967 1036 militum
996 972 1256 1036 animos·
1352 970 1554 1036 Simul
1585 985 1652 1036 et
1679 971 1898 1035 vanior
1937 970 2062 1035 iam
2102 982 2238 1035 erat
2275 969 2551 1034 hostium
2592 969 2784 1044 acies,
2809 988 2840 1036 7

691 1055 865 1134 dum,
886 1058 1247 1123 abundante
1272 1057 1678 1124 multitudine
1700 1057 1864 1135 freti,
1885 1059 2202 1122 subtracta
2222 1055 2499 1121 subsidia
2519 1055 2788 1119 mittunt

690 1144 773 1208 ad
816 1157 1018 1209 castra
1060 1145 1500 1232 oppugnanda.
1593 1143 1674 1208 In
1725 1167 1888 1232 quae
1934 1144 2108 1208 haud
2158 1165 2390 1230 magno
2435 1141 2785 1207 certamine

690 1232 934 1318 impetu
962 1231 1147 1310 facto,
1179 1231 1335 1296 dum
1374 1230 1647 1318 praedae
1689 1232 1906 1332 magiS,
1938 1253 2131 1332 quam
2169 1251 2439 1317 pugnae,
2470 1249 2786 1292 memores

690 1330 905 1382 terunt
956 1331 1243 1406 tempus3
1298 1318 1495 1384 triarii
1543 1318 1838 1395 Romam,
1884 1341 1996 1404 qui
2041 1317 2310 1404 primam
2359 1314 2784 1402 irruptionem
2803 1333 2836 1381 8

690 1405 997 1470 sustinere
1027 1429 1158 1470 non
1187 1417 1543 1493 potuerant,
1568 1405 1771 1469 missis
1792 1405 1875 1469 ad
1893 1403 2182 1469 consules
2198 1403 2457 1479 nuntii8‚
2479 1424 2609 1488 quo
2637 1399 2786 1466 loco

690 1512 791 1555 res
820 1506 1047 1568 essent,
1079 1492 1435 1578 conglobati
1466 1491 1550 1556 ad
1577 1491 1960 1578 praetorium
1989 1491 2280 1567 redeunt,
2309 1501 2377 1553 et
2409 1509 2526 1553 sua
2551 1501 2782 1574 sponte

691 1577 811 1664 ipsi
856 1577 1167 1664 proelium
1214 1591 1557 1642 renovant:
1621 1592 1689 1642 et
1741 1577 2022 1642 Manlius
2079 1575 2318 1653 consul,
2366 1587 2652 1640 revectus
2712 1574 2785 1638 in

690 1675 910 1740 castra,
963 1664 1046 1728 ad
1106 1685 1323 1729 omnes
1380 1678 1593 1752 portas
1652 1663 1852 1728 milite
1912 1665 2219 1764 opposit0,
2270 1662 2556 1727 hostibus
2611 1661 2782 1726 viam

690 1749 1015 1814 clauserat.
1107 1750 1205 1814 Ea
1246 1751 1601 1838 desperatio
1631 1749 1856 1815 Tuscis
1900 1751 2140 1815 rabiem
2183 1750 2398 1836 magis,
2429 1770 2624 1835 quam
2667 1771 2784 1812 au-

690 1835 956 1913 daciam,
1014 1836 1321 1902 accendit,
1430 1835 1602 1902 Nam
1662 1859 1862 1924 quum
1923 1837 2332 1913 incursantes,
2393 1857 2781 1922 quacunque

691 1922 937 1986 exitum
994 1923 1356 1988 ostenderet
1412 1945 1576 2010 SpeS,
1627 1945 1790 1988 vano
1849 1923 2180 2010 aliquoties
2238 1923 2481 2023 impetu
2539 1922 2779 1998 issent3

688 2008 913 2109 globus
950 2009 1251 2075 iuvenum
1297 2033 1463 2076 unus
1500 2011 1572 2074 in
1612 2011 1821 2098 ipsum
1864 2009 2188 2075 consulem
2230 2009 2546 2097 inmgnem
2589 2009 2783 2072 armis

691 2094 949 2160 invadit.
1040 2096 1256 2161 Prima
1299 2119 1455 2162 exce
1505 2109 1570 2162 ta
1607 2120 1646 2162 a
1682 2097 2230 2162 circumstantibus
2271 2095 2434 2160 tela:
2483 2095 2782 2160 sustineri

690 2181 927 2247 deinde
956 2182 1051 2247 vis
1092 2184 1334 2271 nequit.
1490 2173 1674 2249 on'sul
1717 2184 2040 2249 mortifero
2077 2183 2338 2248 vulnere
2381 2183 2543 2246 ictus
2585 2182 2780 2259 cadit,

690 2268 941 2356 fusique
992 2269 1159 2335 circa
1208 2293 1442 2336 omnes.
1535 2271 1762 2335 Tuscis
1811 2270 2034 2335 crescit
2085 2269 2384 2334 audaciaz
2451 2267 2782 2333 Romanos

693 2367 892 2420 terror
918 2379 1034 2443 per
1062 2368 1196 2422 tota
1221 2370 1423 2423 castra
1451 2357 1730 2444 trepidos
1759 2357 1905 2445 agit.
1985 2355 2073 2421 Et
2100 2357 2182 2422 ad
2211 2368 2496 2420 extrema
2515 2368 2780 2420 ventum

689 2441 871 2520 foret,
916 2443 985 2507 ni
1030 2443 1241 2531 legati,
1286 2457 1467 2533 rapto
1519 2443 1792 2509 consulis
1841 2465 2120 2532 corpore,
2165 2442 2609 2530 patefecissent
2651 2465 2782 2506 una

690 2543 873 2616 porta
891 2530 1175 2597 hostibus
1195 2532 1379 2597 viam.
1445 2530 1544 2596 Ea
1563 2543 1938 2617 erumpunt;
1971 2543 2306 2595 consterna
2417 2551 2499 2593 ue
2523 2529 2779 2616 agmine

692 2617 998 2682 abeuntes
1054 2618 1124 2682 in
1178 2619 1482 2684 victorem
1541 2618 1806 2684 alterum
1863 2617 2158 2682 incidunt
2212 2639 2366 2681 cons
2434 2637 2556 2681 em.
2679 2615 2781 2682 Ibi

692 2701 923 2768 iterum
954 2705 1121 2770 caesi
1148 2704 1396 2806 fusique
1427 2705 1676 2791 passim.

778 2789 1065 2855 Victoria
1096 2813 1135 2854 e
1244 2813 1350 2878 gla
1390 2804 1588 2878 parta,
1635 2790 1827 2856 tristis
1871 2804 2084 2855 tamen
2129 2790 2377 2855 duobus
2421 2803 2551 2854 tam
2593 2788 2782 2854 claris

690 2873 1035 2940 funeribus.
1163 2891 1351 2964 taque
1392 2877 1632 2954 consul,
1674 2877 2056 2942 decernente
2098 2889 2323 2942 senatu
2362 2876 2778 2963 triumphum,

694 2967 715 2998 ‘
736 2960 805 3026 Si
827 2961 1141 3026 exercitus
1168 2963 1303 3027 sine
1334 2963 1423 3026 im
1509 2976 1712 3028 ratore
1743 2964 2130 3050 triumphare
2161 2963 2373 3050 pofflt,
2397 2984 2514 3049 pro
2543 2963 2784 3027 eximia

695 3054 809 3111 ‘eo
856 3045 1023 3112 bello
1075 3071 1268 3135 opera
1311 3048 1431 3113 faci
1457 3072 1493 3112 e
1537 3051 1904 3149 passurum,’
1944 3073 2048 3114 res
2091 3049 2307 3116 ondit:
2373 3058 2496 3126 ‘se,
2541 3049 2784 3114 familia

693 3140 714 3170 ‘
728 3133 979 3198 fimesta
1032 3133 1113 3209 Q
1163 3135 1341 3200 Fabii
1383 3135 1588 3200 status
1638 3149 1858 3214 morte,
1903 3073 2226 3224 republica
2273 3158 2356 3200 ex
2401 3147 2578 3224 parte
2625 3136 2784 3200 orba

693 3227 714 3257 ‘
730 3221 986 3286 consule
1016 3221 1213 3288 altero
1244 3222 1487 3300 amism,
1520 3223 1774 3309 publico
1803 3223 2173 3310 privatoque
2213 3223 2562 3288 deformem
2599 3221 2782 3287 luctu

692 3307 1007 3372 ‘lauream
1030 3331 1158 3373 non
1182 3333 1327 3375 acce
1376 3311 1628 3374 turum.’
1717 3309 1916 3375 Omni
1937 3323 2078 3374 acto
2109 3309 2432 3397 triumpho
2453 3309 2782 3395 depositus

692 3394 1047 3480 triumphus
1076 3395 1300 3461 clarior
1399 3397 1473 3460 ‘tx
1523 3396 1682 3462 adeo
1705 3409 1916 3484 spreta
1941 3395 2010 3460 in
2041 3409 2169 3461 tem
2257 3419 2324 3460 re
2351 3395 2554 3483 gloria
2581 3395 2782 3460 inter-

691 3481 849 3544 dum
886 3481 1264 3548 cumulatior
1297 3482 1480 3547 redit.
1575 3482 1826 3548 Funera
1868 3482 2102 3548 deinde
2145 3419 2274 3548 ‹iiii›
2313 3482 2618 3570 deinceps
2647 3481 2782 3546 col-

690 3565 869 3654 legae
905 3567 1237 3669 fratrisque
1283 3569 1497 3634 ducit:
1555 3569 1728 3635 idem
1772 3570 1842 3634 in
1887 3581 2155 3669 utroque
2199 3569 2506 3648 laudator,
2551 3591 2776 3656 quum,
2795 3593 2826 3642 9

690 3653 1104 3720 concedendo
1132 3655 1253 3720 1llis
1280 3679 1422 3722 suas
1460 3655 1700 3734 laudes,
1730 3657 1866 3744 ipse
1906 3678 2247 3720 maxlmam
2284 3669 2528 3743 partem
2557 3677 2782 3720 earum

690 3739 900 3804 ferret.
992 3739 1224 3829 Neque
1263 3742 1596 3808 immemor
1639 3743 1794 3820 eius,
1827 3743 2000 3843 quod
2035 3742 2220 3807 initio
2255 3741 2618 3806 consulatus
2657 3743 2780 3806 im-
2803 3767 2820 3801 1

691 3825 954 3905 biberat,
977 3828 1423 3894 reconciliandi
1445 3829 1690 3895 animos
1711 3829 1930 3916 pleb1S,
1951 3829 2193 3894 saucios
2215 3828 2449 3894 milites
2466 3828 2781 3894 curandos

758 4005 785 4055 7
828 3995 1033 4055 Vanior]
1094 3995 1303 4044 Perinde
1335 3995 1436 4044 fere
1456 4000 1548 4053 est..
1568 4009 1628 4043 ac
1659 3994 1699 4044 si
1763 4000 1864 4044 not.
1887 4005 1997 4058 450.

688 4057 975 4106 scriberetur
992 4062 1158 4108 rao-ior
1176 4059 1321 4118 acies,
1337 4061 1469 4121 quod
1488 4059 1576 4107 alii
1597 4073 1698 4108 ma-
1825 4075 1858 4123 9
1889 4063 2026 4110 Idem
2051 4061 2108 4108 in
2135 4067 2340 4124 utroque
2359 4063 2616 4121 laudator]
2665 4061 2776 4110 Hu-

688 4123 897 4174 luerunt.
932 4123 1147 4172 Srmrn.
1762 4123 1838 4172 ius
1873 4125 1992 4172 belli
2029 4125 2355 4173 narrationem
2391 4141 2454 4174 ex
2491 4125 2780 4174 nauehu-ibus

752 4187 783 4234 8
820 4187 1029 4246 Triarii]
1072 4187 1271 4236 Scilicet
1298 4188 1580 4236 subsidiarii
1611 4189 1698 4236 mi·
1763 4188 1992 4237 laudibus
2019 4189 2179 4264 gentis
2215 4189 2399 4237 Fabiae
2431 4189 2776 4252 depromptam

688 4251 813 4308 lites,
834 4251 1017 4314 quippe
1042 4251 1173 4299 acics
1193 4251 1423 4300 Romana
1452 4251 1546 4299 hoc
1577 4257 1698 4300 tem·
1765 4252 1910 4302 fixisse
1933 4252 2130 4302 coniicit
2152 4253 2356 4302 Niebhr.
2379 4253 2428 4302 ii.
2451 4267 2501 4316 p.
2531 4265 2637 4319 197.

690 4327 807 4385 porc
838 4329 972 4362 more
1004 4315 1274 4377 phalangis,
1298 4330 1397 4364 non
1428 4315 1698 4378 manipula-
1833 4331 1854 4364 1
1889 4317 2176 4376 Imbt'bemt]
2223 4317 2285 4366 In
2317 4317 2536 4366 animum
2569 4317 2774 4368 induxe-

689 4381 798 4434 tnm,
841 4383 1023 4427 structa
1067 4381 1242 4429 stabat.
1304 4379 1365 4430 cf.
1404 4379 1608 4430 Niebhr.
1647 4380 1698 4429 ii.
1763 4385 1853 4429 rat.
1897 4381 1960 4431 cf.
1981 4381 2086 4432 Cic.
2109 4395 2198 4444 pro
2219 4380 2397 4438 Quint.
2417 4380 2465 4430 6.
