3000 4784
682 229 811 296 258
1452 226 1680 294 T1T1
1738 222 2012 293 LIVII

361 382 431 436 U.
454 382 515 434 ο.
540 396 649 447 329·
686 364 1055 431 societatem
1082 362 1446 441 movissent,
1474 363 1866 429 voluntarios
1889 364 2177 453 undique
2205 362 2292 429 ad
2311 384 2498 452 spem
2523 359 2814 451 praedae

360 450 423 524 A:
458 450 520 499 C·
540 461 651 510 423·
688 451 1064 516 asciverunt.
1158 448 1295 515 Uni
1324 449 1732 515 Fidenatium
1771 450 2012 539 populo
2039 450 2348 517 rebellare
2385 450 2674 538 placuitz
2719 462 2814 525 et,

362 514 630 627 Ξῗοῗζηῗ
690 550 995 624 tanquam
1054 535 1178 601 nisi
1229 537 1309 601 ab
1356 535 1592 601 scelere
1637 536 1880 602 bellum
1931 537 2126 602 ordiri
2175 537 2354 602 nefas
2399 550 2596 613 esset,
2645 536 2820 600 sicut

690 624 1043 711 legatorum
1073 636 1279 699 antea,
1304 623 1394 687 ita
1423 637 1560 688 tum
1591 646 1900 689 novorum
1923 623 2294 689 colonorum
2317 623 2519 689 caede
2541 622 2818 687 imbutis

692 712 901 788 armis,
931 709 1314 775 Veientibus
1342 731 1477 773 sese
1519 711 1935 797 coniungunt.
2030 709 2410 775 Consultare
2441 709 2604 774 inde
2635 709 2820 797 prin-

694 798 868 884 cipes
914 797 1186 861 duorum
1232 794 1636 883 populorum,
1681 796 1879 861 Veios
1925 819 2008 862 an
2055 795 2330 861 Fidenas
2375 796 2608 861 sedem
2663 794 2822 860 belli

696 896 1013 983 caperent.
1105 880 1387 947 Fidenae
1431 883 1603 947 visae
1647 884 2147 971 opportuniores.
2237 882 2492 971 Itaque,
2539 882 2819 947 tmiecto

700 969 941 1046 T1beri,
995 968 1306 1033 Veientes
1364 968 1638 1033 Fidenas
1695 970 2154 1035 transtulerunt
2197 968 2456 1034 bellum.
2553 968 2819 1033 Romae

699 1069 899 1120 terror
936 1056 958 1118 i
1087 1077 1163 1119 ns
1206 1068 1359 1119 erat.
1456 1055 1684 1120 Accito
1719 1057 2007 1121 exercitu
2047 1056 2130 1121 ab
2171 1054 2370 1133 Veiis,
2411 1077 2638 1143 eoque
2661 1076 2822 1206 giso

698 1142 777 1207 ab
806 1165 876 1207 re
906 1165 971 1206 m
1032 1164 1069 1205 e
1098 1154 1276 1227 gesta
1302 1140 1612 1228 perculso,
1643 1156 1844 1207 castra
1869 1142 2160 1209 locantur
2186 1154 2334 1207 ante
2361 1156 2625 1229 portam
2725 1142 2822 1207 ol-

698 1228 916 1315 linam,
962 1241 1031 1293 et
1073 1227 1145 1291 in
1192 1228 1387 1291 muris
1431 1227 1654 1292 armati
1700 1228 2006 1316 dispositi,
2051 1241 2118 1293 et
2167 1229 2484 1293 iustitium
2529 1228 2610 1291 iu
2655 1228 2822 1304 foro,

699 1316 1128 1402 tabernaeque
1176 1314 1461 1378 clausae:
1509 1314 1802 1415 fiuntque
1849 1316 2066 1379 omnia
2109 1315 2343 1391 castriS,
2390 1336 2592 1401 quam
2651 1315 2822 1391 urbi,

477 1406 581 1466 32.
698 1401 1013 1467 similiora.
1106 1399 1277 1465 Tum
1308 1400 1621 1487 trepidam
1661 1402 2000 1479 civitatem,
2029 1401 2448 1489 praeconibus
2485 1424 2612 1501 per
2641 1402 2824 1467 vicos

372 1486 643 1563 metatoris
698 1488 990 1565 dimissis,
1022 1487 1293 1552 dictator
1313 1486 1397 1551 ad
1424 1487 1798 1552 concionem
1821 1488 2187 1553 advocatam
2213 1488 2550 1575 increpmt,
2589 1497 2617 1526 ‘
2641 1486 2825 1576 quod

696 1581 723 1613 ¹
746 1576 990 1639 animos
1019 1596 1101 1638 ex
1132 1585 1263 1638 tam
1289 1572 1536 1637 levibus
1563 1572 1852 1639 fortunae
1891 1575 2230 1639 momentis
2247 1572 2600 1662 'suspensos
2631 1598 2825 1662 gere-
2846 1601 2864 1634 1

705 1668 725 1699 ⁸
742 1672 903 1738 rent,
945 1672 1037 1737 ut,
1069 1681 1262 1746 parva
1302 1660 1546 1724 iactura
1577 1672 1854 1747 accepta,
1885 1684 2050 1748 quae
2080 1660 2218 1747 ipsa
2253 1682 2388 1725 non
2413 1662 2666 1726 virtute
2705 1662 2826 1726 ho-

706 1754 728 1784 ‘
748 1747 961 1823 stium,
994 1769 1115 1810 nec
1144 1745 1397 1833 ignavia
1426 1743 1703 1811 Romani
1743 1748 2077 1825 exercituS,
2109 1746 2221 1812 sed
2247 1746 2563 1812 discordia
2601 1748 2826 1835 impe-

702 1840 724 1871 ‘
741 1843 1039 1909 ntorum,
1070 1854 1215 1896 acce
1264 1845 1331 1896 ta
1356 1832 1457 1909 sit,
1488 1832 1830 1898 Veientem
1859 1834 2108 1899 hostem
2137 1833 2341 1899 sexies
2365 1834 2636 1911 victum,
2671 1858 2828 1921 per-
2843 1864 2866 1897 2

704 1927 726 1957 ‘
743 1919 1093 1995 timescant,
1126 1918 1199 1983 Fi
1248 1940 1526 2005 enasque
1553 1941 1754 2006 prope
1787 1920 2038 2006 saepius
2079 1933 2294 2007 captas
2319 1942 2514 2007 quam
2552 1942 2826 2009 oppug-

705 2013 727 2043 ‘
747 2017 943 2069 natas.
1038 2004 1317 2069 Eosdem
1360 2019 1428 2069 et
1474 2004 1801 2071 Romanos
1843 2019 1910 2071 et
1951 2006 2167 2071 hostes
2209 2028 2362 2083 esse,
2395 2006 2510 2093 qui
2545 2029 2678 2093 per
2721 2022 2824 2073 tot

704 2098 727 2129 ‘
746 2091 997 2156 saecula
1036 2091 1306 2155 fuerint:
1362 2091 1621 2156 eosdem
1668 2092 1931 2170 animos,
1983 2092 2239 2157 easdem
2285 2094 2563 2179 corporis
2615 2094 2820 2172 vires,

704 2186 726 2217 ‘
746 2178 969 2243 eadem
1029 2200 1203 2244 arma
1256 2200 1493 2265 gerere.
1621 2176 1703 2242 Se
1763 2200 2024 2265 quoque
2091 2178 2368 2243 eundem
2427 2180 2822 2246 dictatorem

703 2272 725 2303 ‘
748 2264 947 2330 Mam.
970 2264 1321 2329 Aemilium
1351 2286 1506 2341 esse,
1525 2264 1641 2351 qui
1669 2278 1818 2329 ante
1845 2265 2214 2331 Veientium
2245 2264 2820 2354 Fidenatiumque,

704 2351 1059 2416 ‘adiunctis
1106 2350 1387 2427 Faliscis&
1436 2350 1520 2414 ad
1577 2349 1978 2415 Nomentum
2025 2351 2343 2416 exercitus
2395 2350 2638 2417 fiiderit
2659 2378 2678 2417 ε
2743 2371 2820 2420 et
2837 2377 2862 2423 3

704 2446 726 2477 ‘
745 2438 1115 2525 magistrum
1160 2460 1197 2501 e
1242 2436 1450 2501 uitum
1496 2436 1580 2501 A.
1611 2435 1986 2503 Cornelium
2037 2438 2314 2503 eundem
2365 2437 2436 2502 in
2473 2440 2610 2503 acie
2648 2440 2816 2517 fore,

704 2533 726 2564 ‘
787 2525 856 2590 ui
895 2524 1103 2612 priore
1146 2460 1315 2589 bello
1358 2524 1650 2588 tribunus
1691 2522 1985 2601 militum,
2028 2524 2222 2589 Larte
2261 2523 2608 2591 Tolumnio
2655 2548 2818 2613 rege

704 2620 727 2651 ‘
743 2548 1125 2677 Z'eientium
1154 2612 1223 2675 in
1246 2623 1595 2697 conspectu
1621 2610 1896 2675 duorum
1925 2611 2321 2676 exercituum
2343 2612 2571 2689 occiso,
2599 2614 2818 2700 spolia

706 2706 727 2737 ‘
744 2699 959 2785 opima
1004 2697 1173 2762 Iovis
1225 2696 1489 2761 Feretrii
1539 2696 1777 2783 templo
1823 2697 2126 2761 intulerit.
2217 2696 2416 2763 Proin
2466 2720 2813 2777 memoreS,

706 2792 727 2823 ‘
744 2806 958 2848 secum
1012 2782 1381 2870 triumphOS,
1436 2805 1652 2847 secum
1709 2782 1925 2870 spolia,
1987 2804 2204 2849 secum
2253 2782 2582 2849 victoriam
2627 2808 2808 2863 esse3

704 2878 726 2909 ‘
742 2892 889 2934 cum
924 2870 1211 2933 hostibus
1248 2868 1452 2933 scelus
1494 2868 1847 2956 legatorum
1886 2883 2107 2935 contra
2137 2870 2237 2935 ius
2273 2872 2566 2958 gentium
2603 2872 2814 2939 inter-

704 2964 727 2995 ‘
741 2956 1073 3031 sectorum,
1098 2954 1360 3019 caedem
1388 2954 1458 3017 in
1533 2978 1644 3019 ace
1676 2955 2078 3021 Fidenatium
2101 2955 2490 3035 colonorum,
2521 2959 2812 3025 indutias

704 3050 726 3081 ‘
746 3054 981 3128 ruptas,
1026 3040 1359 3127 septimam
1409 3040 1429 3103 i
1503 3040 1727 3105 elicem
1772 3041 2216 3121 defectionem,
2261 3066 2436 3109 arma
2476 3061 2807 3133 caperent.

704 3136 727 3167 ‘
750 3126 955 3193 Simul
1006 3140 1209 3191 castra
1264 3125 1481 3190 castris
1533 3128 2029 3207 coniunxissent,
2081 3130 2230 3195 satis
2279 3130 2628 3211 confidere,
2687 3156 2808 3199 nec

704 3223 724 3255 ‘
745 3213 1236 3281 sceleratissimis
1264 3212 1551 3278 hostibus
1590 3214 1966 3279 diuturnum
1995 3238 2076 3281 ex
2105 3215 2458 3303 ignominia
2482 3222 2808 3286 exercitus

702 3312 723 3343 ‘
748 3300 1025 3368 Romani
1052 3300 1361 3389 gaudium
1388 3300 1562 3377 fore3
1611 3313 1678 3365 et
1704 3323 1790 3387 po
1835 3300 2014 3366 ulum
2041 3302 2404 3368 Romanum
2434 3304 2806 3372 intellectu-

703 3397 723 3429 ‘
739 3410 901 3466 rum,
932 3401 1175 3475 quanto
1204 3386 1431 3452 melius
1456 3387 1542 3451 de
1583 3388 1785 3474 repub
1831 3409 1908 3452 ca
1935 3387 2144 3453 meriti
2173 3388 2321 3467 sint,
2351 3390 2469 3478 qui
2497 3413 2570 3455 se
2599 3392 2805 3459 dicta·
2819 3413 2846 3456 4
2936 3392 2937 3407 ’

702 3484 723 3515 ‘
744 3486 947 3540 torem
983 3474 1239 3540 tertium
1276 3473 1597 3551 dixerint3
1644 3496 1838 3561 quam
1868 3472 2002 3562 qui,
2037 3474 2120 3540 ob
2159 3488 2450 3564 ereptum
2491 3500 2802 3545 censurae

766 3674 787 3709 1
824 3662 1113 3721 Momentis]
1152 3660 1387 3711 Similiter
1422 3676 1556 3724 supr.
1585 3660 1636 3711 ii.
1667 3671 1712 3724 7.
1775 3666 1858 3710 tur
1889 3678 2018 3726 supr.
2059 3674 2117 3727 17
2149 3670 2201 3713 et
2237 3665 2312 3714 18.
2377 3664 2496 3714 Alia
2525 3671 2606 3715 eut.
2637 3682 2804 3731 pugna

702 3726 820 3773 Tam
840 3726 936 3773 lovi
957 3732 1189 3775 monueruo
1217 3742 1325 3776 mea
1353 3728 1491 3788 apud
1523 3742 1606 3776 vos
1625 3727 1712 3787 ,ἠν
1777 3724 1911 3776 haud
1945 3728 2116 3790 procul
2151 3728 2422 3789 Nomento,
2453 3744 2588 3791 qm
2623 3732 2802 3781 desed-

694 3804 777 3837 ma
794 3790 987 3849 pandet.
1773 3796 1862 3853 pta
1875 3796 2178 3854 estsupras.
2193 3798 2712 3844 etnnuismemorata
2727 3812 2802 3858 ³0·

771 3864 798 3899 α
840 3852 1005 3899 Sexte:
1046 3852 1252 3913 vietum]
1334 3852 1568 3915 Intellige
1609 3868 1709 3903 non
1772 3856 1859 3903 sed
1898 3871 2024 3917 quae
2067 3856 2193 3905 nihil
2231 3858 2297 3906 ad
2329 3858 2490 3907 Mam.
2523 3859 2802 3909 Aemilium

696 3914 883 3977 proelio
920 3920 1114 3963 tantum
1153 3920 1205 3964 et
1246 3914 1351 3964 acie
1388 3920 1588 3975 vietum,
1625 3918 1712 3967 sed
1775 3918 2032 3980 pertineat.
2067 3920 2228 3970 Gmw.

694 3980 845 4028 bello.
912 3978 1049 4027 Hinc
1080 3978 1427 4027 infr-ainhun
1462 3979 1574 4042 ipsa
1607 3996 1710 4030 ora-
1849 3985 2800 4052 4Melius...meritist‘m,...quan

694 4043 831 4093 tione
872 4042 1001 4091 hanc
1048 4048 1273 4091 numerat
1315 4042 1525 4092 dictator
1563 4047 1710 4107 septo·-
1773 4048 1885 4158 fii]
1947 4047 2138 4097 Vocem
2173 4065 2269 4109 σω,
2305 4064 2433 4111 quae
2475 4050 2528 4099 in
2561 4054 2800 4101 omnibus

692 4124 821 4157 mam
852 4108 1097 4169 inseliom
1125 4108 1437 4169 defectionem
1453 4126 1471 4155 .·
1505 4113 1557 4156 et
1577 4123 1707 4171 supr.
1835 4111 1921 4160 SS.
1945 4117 2058 4173 post
2087 4128 2236 4176 quam
2265 4112 2492 4172 occurrit,
2513 4116 2695 4164 merito
2717 4119 2798 4165 de-

694 4186 739 4221 v.
774 4190 819 4233 4.
854 4170 1047 4234 Appius
1082 4172 1148 4219 de
1184 4171 1357 4220 iisdem
1382 4171 1708 4233 Veientibus,
1772 4174 1970 4223 leudam
2003 4182 2172 4225 censet
2193 4176 2321 4225 Tan.
2345 4176 2542 4237 Faber„
2573 4180 2796 4242 alioquin

691 4238 867 4297 nptias
884 4237 1201 4285 rebellarunt.
1236 4235 1399 4284 Cam.
1771 4239 1926 4287 oratio
1947 4240 2142 4289 soloeca
2161 4245 2303 4289 esset.
2370 4240 2668 4305 Campanus
2695 4246 2796 4293 edi-

758 4314 787 4360 3
820 4301 903 4347 Ad
922 4300 1241 4359 Nomentum]
1292 4298 1465 4361 Pugna
1496 4299 1586 4348 illa
1617 4314 1707 4361 pro
1770 4301 1846 4349 dit
2025 4306 2064 4352 it·
2085 4307 2188 4367 qui.
2229 4304 2544 4369 Kreyuiggio
2557 4308 2794 4371 astipula-

690 4362 945 4409 moenibus
968 4362 1263 4412 Fidenarum
1297 4368 1516 4426 pugnata
1545 4378 1703 4411 narra-
1771 4368 1850 4412 tur
1949 4366 2087 4416 kker.
