3000 4784
708 191 829 252 124
1472 181 1696 251 ΤΙΤΙ
1751 181 2025 248 LIVII

378 337 448 388 U.
470 339 530 389 Ο.
555 350 662 400 274·
702 321 1077 410 indignatio,
1126 342 1297 384 nunc
1346 319 1574 407 pudor,
1703 332 1879 385 ctora
1921 340 2187 395 versare,
2235 331 2304 382 et
2353 318 2434 382 ab
2478 317 2800 382 intestinis

377 405 439 452 A.
472 403 533 452 ⁰·
552 406 663 466 478.
702 422 983 474 avertere
1025 406 1241 472 malis:
1290 406 1458 471 nolle
1498 407 1615 471 inu
1637 420 1736 471 tos
1773 406 2004 482 hosteS,
2035 403 2205 470 nolle
2244 427 2624 482 successum,
2665 427 2798 468 non

358 689 364 695 ·
380 671 601 732 Pugnam

377 735 533 796 poscit
546 734 687 784 miles

377 799 525 846 Rom.

702 495 1015 571 Patribus,
1046 516 1176 558 non
1206 493 1601 558 consulibus:
1635 505 1900 558 externa
1919 507 1986 556 et
2007 491 2352 557 domestica
2379 491 2527 556 odia
2553 503 2798 555 certare

702 582 771 646 in
816 581 1058 646 animis.
1152 579 1447 645 Tandem
1488 593 1793 666 superant
1833 592 2134 644 externa:
2183 577 2344 642 adeo
2383 578 2654 664 superbe
2698 579 2804 640 in-

702 668 1105 755 solenterque
1158 666 1356 731 hostis
1414 666 1730 732 eludebat.
1844 665 1964 730 Fre
2010 677 2236 729 uentes
2285 664 2356 728 in
2403 664 2800 751 praetorium

702 755 1111 832 conveniunt,
1188 767 1413 818 oscunt
1454 775 1499 840 p
1633 777 1754 830 am,
1795 775 1910 840 pos
2043 764 2135 830 nt,
2172 763 2246 815 ut
2287 751 2540 838 signum
2583 751 2796 816 detur.

708 840 1040 918 Consules,
1070 864 1146 905 ve
1173 853 1247 905 ut
1283 777 1785 917 delibeilffundi,
1817 839 2024 925 capita
2061 837 2416 915 conferunt,
2449 837 2562 901 diu
2599 837 2802 902 collo—

748 940 1005 992 uuntur.
1096 927 1153 992 P
1285 923 1391 991 are
1456 927 1835 1013 cupiebant3
1912 924 2025 989 sed
2082 938 2252 989 retro
2310 923 2667 988 revocanda
2732 935 2802 988 et

700 1037 743 1078 a
830 1014 997 1079 enda
1039 1036 1119 1078 cu
1164 1014 1189 1077 i
1235 1014 1352 1077 ‘tas
1396 1025 1550 1090 erat,
1597 1026 1672 1077 ut
1715 1011 2104 1077 adversando
2149 1010 2653 1097 remorandoque
2694 1009 2800 1074 in-

698 1101 895 1166 citato
933 1123 1103 1165 seme
1168 1099 1355 1164 militi
1399 1100 1709 1164 adderent
1749 1099 1838 1162 im
1923 1111 2077 1163 tum.
2169 1097 2491 1163 Redditur
2531 1119 2800 1184 respon-

702 1209 861 1265 sum,
910 1188 1345 1252 ‘immaturam
1372 1209 1511 1251 rem
1545 1187 1666 1286 agi,
1698 1209 1828 1251 non
1877 1208 1984 1249 um
2025 1198 2275 1271 tempus
2313 1206 2566 1271 pugnae
2608 1207 2792 1250 esse:

706 1283 725 1312 ‘
742 1275 959 1339 castris
988 1297 1053 1338 se
1084 1275 1421 1340 tenerent?
1476 1272 1760 1338 Edicunt
1787 1271 1960 1348 inde,
2008 1279 2028 1309 ‘
2051 1283 2122 1336 ut
2151 1270 2510 1336 abstineant
2535 1293 2793 1358 pugna:

704 1369 725 1398 ‘
742 1360 796 1425 si
876 1361 975 1426 uis
1007 1360 1251 1426 iniussu
1278 1360 1671 1461 pugnaverit,
1703 1372 1776 1424 ut
1818 1359 1888 1423 in
1927 1357 2172 1423 hostem
2207 1357 2797 1423 animadversuros?

704 1446 807 1512 Ita
875 1447 1117 1526 'missia
1188 1471 1271 1512 uo
1300 1469 1511 1512 mmus
1538 1446 1826 1512 consules
1847 1443 2008 1510 velle
2037 1443 2328 1522 credunt,
2351 1443 2577 1508 crescit
2605 1443 2800 1510 ardor

702 1533 1048 1620 pugnandi.
1208 1532 1481 1598 ccedunt
1537 1533 1798 1619 insuper
1854 1531 2066 1596 hostes
2114 1531 2384 1596 ferocius
2442 1529 2664 1608 multe,
2721 1545 2800 1595 ut

702 1620 991 1683 statuisse
1051 1642 1182 1684 non
1239 1641 1522 1706 pugnare
1581 1617 1870 1684 consules
1927 1617 2254 1705 cognitum
2303 1630 2415 1682 est.
2527 1615 2798 1705 Quippe

704 1705 964 1806 impune
1016 1728 1083 1770 se
1134 1704 1560 1783 insultatumS,
1595 1728 1745 1772 non
1791 1705 1966 1769 credi
2016 1704 2204 1770 militi
2253 1725 2464 1768 arma:
2519 1725 2658 1768 rem
2709 1705 2849 1769 ads

700 1791 1001 1856 ultimum
1043 1791 1369 1856 seditionis
1412 1805 1797 1879 erupturam,
1842 1791 2164 1878 finemque
2208 1791 2452 1855 venisse
2495 1789 2800 1856 Romano

704 1878 986 1965 imperio.
1066 1877 1189 1942 His
1217 1877 1363 1943 freti
1392 1892 1723 1943 occursant
1753 1879 1971 1966 portis,
2005 1879 2019 1891 '
2149 1891 2300 1942 runt
2326 1877 2574 1964 probra,
2603 1899 2798 2028 affre

702 1964 1045 2043 abstinent,
1098 1964 1258 2052 quin
1308 1979 1511 2030 castra
1559 1978 1946 2052 oppugnent.
2097 1965 2381 2028 nimvero
2438 1986 2570 2027 non
2699 1979 2798 2029 tra

698 2050 1151 2116 contumeliam
1201 2052 1334 2138 pati
1380 2051 1708 2116 Romanus
1759 2074 1978 2139 posse:
2032 2040 2193 2116 ‘totis
2235 2050 2452 2115 castris
2503 2050 2794 2139 undique

702 2137 789 2202 ad
812 2138 1104 2203 consules
1142 2138 1430 2202 curtium
1525 2137 1680 2203 Non
1723 2139 1850 2202 iam
1892 2138 2146 2215 sensim,
2177 2150 2251 2202 ut
2288 2150 2456 2214 ante,
2487 2160 2604 2224 per
2641 2161 2796 2203 cen-

705 2224 1029 2289 turionum
1104 2225 1374 2312 rincipes
1394 2224 1752 2312 postulant3
1783 2224 1898 2289 sed
1917 2224 2148 2312 passim
2170 2245 2391 2289 omnes
2411 2223 2798 2290 clamoribus

705 2323 919 2398 agunt.
1092 2325 1271 2376 atura
1318 2333 1421 2376 res
1471 2325 1644 2388 erat3
1699 2312 2186 2398 tergiversantur
2237 2326 2468 2375 tamen.
2559 2309 2798 2376 Fabius

701 2397 961 2476 deinde,
992 2397 1075 2463 ad
1114 2411 1504 2464 crescentem
1543 2397 1822 2463 tumultu
1858 2398 1986 2462 iam
2027 2409 2268 2462 metum
2305 2396 2635 2462 seditionis
2663 2393 2796 2462 col-

704 2483 849 2572 lega
898 2485 1309 2563 concedente,
1363 2508 1564 2573 quum
1615 2484 1936 2550 silentium
1985 2483 2241 2549 classico
2289 2482 2558 2562 fecisset,
2613 2493 2633 2522 ‘
2651 2483 2796 2572 Ego

703 2579 729 2609 ‘
744 2573 915 2651 istoS,
952 2571 1075 2637 Cn.
1112 2571 1337 2651 Manli,
1367 2595 1552 2660 posse
1579 2572 1833 2636 vincere
1872 2571 2043 2648 scio;
2089 2570 2252 2635 velle
2282 2593 2364 2635 ne
2393 2571 2642 2649 scirem,
2672 2571 2796 2659 ipsi

706 2665 728 2695 ‘
744 2657 1047 2724 fecerunt,
1139 2658 1365 2759 Itaque
1410 2671 1656 2724 certum
1700 2672 1891 2745 atque
1935 2657 2264 2722 decretum
2305 2670 2421 2735 est,
2465 2680 2598 2721 non
2643 2657 2795 2722 dare

709 2752 730 2782 ‘
745 2745 1016 2830 signum,
1046 2745 1189 2822 nisi,
1219 2757 1489 2810 Victores
1533 2768 1600 2810 se
1643 2745 1956 2809 redituros
1999 2767 2082 2808 ex
2127 2743 2248 2808 hac
2293 2766 2337 2831 p
2471 2766 2527 2821 a,
2557 2745 2792 2809 iurant.

710 2840 728 2867 ‘
751 2829 1102 2895 Consulem
1147 2830 1513 2895 Romanum
1555 2829 1738 2896 miles
1779 2830 1976 2896 semel
2017 2830 2086 2895 in
2137 2831 2273 2896 acie
2315 2831 2376 2895 fe
2403 2829 2579 2908 ellit;
2641 2831 2798 2896 deos

711 2926 729 2953 ‘
748 2938 1075 3003 nunquam
1104 2916 1317 2981 fallet-⁹
1408 2915 1722 2982 Centurio
1764 2932 1900 2982 erat
1929 2916 2025 2982 M.
2058 2916 2430 2994 FlavoleiuS,
2459 2917 2630 2982 inter
2667 2919 2798 3004 pri-

708 3024 913 3065 mores
957 3024 1209 3088 pugnae
1254 3002 1586 3089 flagitator.
1679 3011 1699 3041 ‘
1715 2995 1977 3082 Victor‚’
2018 3003 2248 3090 inquit,
2303 3013 2324 3043 ‘
2340 3003 2436 3068 M.
2470 3003 2646 3082 Fabi,
2694 3027 2798 3069 re-

710 3099 729 3125 ‘
750 3101 954 3152 vertar
998 3111 1081 3152 ex
1128 3087 1302 3152 acie.'
1392 3088 1461 3153 Si
1504 3089 1697 3167 fallat,
1729 3088 1950 3155 Iovem
2039 3103 2258 3169 atrem,
2309 3089 2796 3178 Gradivumque

708 3173 1007 3252 Martem,
1066 3174 1344 3261 aliosque
1410 3175 1601 3241 iratos
1657 3176 1908 3241 invocat
2010 3199 2134 3242 eos.
2243 3176 2425 3242 Idem
2491 3177 2799 3265 deinceps

708 3261 913 3326 omnis
942 3263 1255 3326 exercitus
1282 3263 1351 3327 in
1380 3285 1447 3326 se
1479 3263 1747 3350 quisque
1777 3263 1958 3328 iurat.
2029 3262 2257 3328 Iuratis
2285 3264 2474 3328 datur
2501 3264 2795 3351 signum3

708 3370 882 3412 arma
931 3347 1227 3435 capiunt:
1293 3362 1450 3413 eunt
1507 3351 1575 3414 in
1634 3372 1933 3437 pugnam,
1987 3351 2222 3414 irarum
2272 3351 2535 3438 speique
2593 3349 2792 3438 pleni.

710 3433 905 3498 Nunc
964 3435 1185 3499 iubent
1232 3433 1531 3500 Etruscos
1587 3437 1816 3523 probra
1860 3437 2083 3513 iacere,
2131 3460 2304 3502 nune
2361 3437 2614 3502 armatis
2673 3437 2796 3503 sibi

755 3520 977 3606 uisque
1025 3520 1115 3584 lin
1204 3545 1243 3586 a
1287 3544 1465 3608 prom
1514 3536 1650 3587 tum
1701 3522 1947 3588 hostem
1993 3523 2223 3588 offerri.
2327 3522 2637 3588 Omnium
2683 3523 2796 3589 illo

707 3545 832 3683 iiie,
863 3630 993 3694 qua
992 3607 1136 3758 lple
1182 3608 1253 3686 ia,
1286 3633 1414 3696 qua
1511 3625 1737 3686 atrum,
1777 3609 2014 3675 eximia
2053 3611 2252 3674 virtus
2294 3610 2431 3675 fuit.
2523 3609 2796 3675 Fabium

708 3717 960 3772 nomen,
1018 3695 1187 3760 ⁴abia
1212 3719 1367 3782 gens
1402 3696 1678 3760 maxime
1719 3696 1968 3760 enituit.
2059 3695 2289 3761 Multis
2327 3696 2618 3762 civilibus
2657 3721 2798 3762 cer-

708 3780 1046 3844 taminibus
1075 3781 1349 3846 infensos
1376 3782 1582 3869 plebis
1609 3782 1852 3847 animos
1879 3781 1989 3846 illa
2009 3805 2226 3870 pugna
2245 3783 2364 3848 sibi
2386 3783 2794 3850 reconciliare
2812 3807 2846 3856 9

706 3867 1032 3932 statuunt'.
1100 3867 1440 3932 Instruitur
1467 3869 1672 3933 acies:
1721 3891 1840 3934 nec
1867 3868 2104 3934 Veiens
2133 3869 2328 3935 hostis
2359 3869 2796 3957 Etruscaeque

770 4143 799 4189 8
842 4143 905 4190 Se
948 4145 1297 4202 insultaturos]
1356 4145 1545 4192 Vocem
1597 4148 1715 4205 rati,
1843 4162 1874 4210 9
1907 4149 2010 4196 Sibe
2031 4151 2367 4208 reconciliare]
2411 4149 2593 4197 Fabios
2613 4165 2676 4197 ex
2699 4150 2798 4199 hac

698 4221 829 4265 quae
860 4206 909 4254 in
944 4207 1230 4267 quibusdam
1254 4209 1391 4256 codd.
1418 4215 1570 4268 extat,
1591 4226 1623 4257 a
1643 4227 1712 4258 se·
1779 4211 2169 4260 reconciliatione
2201 4213 2353 4260 alium
2395 4229 2558 4261 versus
2595 4213 2794 4276 plebem

702 4271 865 4318 cunda
914 4285 1061 4343 manu
1098 4269 1317 4319 additam
1362 4273 1511 4321 habet
1559 4273 1712 4322 Drak.
1779 4273 1998 4322 animum
2030 4275 2224 4336 gessisse
2258 4283 2400 4342 putat
2432 4277 2641 4328 Niebhr.
2667 4278 2718 4328 ii.
2743 4295 2796 4342 p.

706 4331 831 4379 Eum
849 4349 987 4393 porro
1000 4333 1225 4384 mutilem
1240 4351 1341 4386 esse
1355 4343 1520 4387 censet
1533 4339 1712 4388 Stroth.
1788 4353 1890 4401 ¹90·
