3000 4784
646 111 771 171 228

1419 103 1642 174 ΤῙΤΙ
1704 102 1975 173 LIVII

324 253 474 308 uec.
502 264 611 313 310.
652 248 671 277 ‘
695 252 911 315 tatem,
954 260 1125 325 quae
1170 237 1314 325 plus
1364 260 1558 326 quam
1604 238 1996 303 connubium
2045 248 2160 314 est,
2210 235 2497 303 hostibus
2545 234 2729 301 etiam

324 318 387 373 Α·
418 317 477 367 0·
502 331 611 376 ⁴⁴²·
654 334 673 363 ‘
690 325 871 389 victis
898 325 1209 389 dedimus,
1302 324 1528 391 Altera
1561 324 1722 389 nihil
1761 324 1912 389 novi
1944 323 2204 388 ferimus
2219 346 2239 399 3
2285 321 2402 387 sed
2440 321 2530 397 id,
2565 318 2730 405 quod
2757 350 2802 393 ⁴

655 420 673 450 ‘
692 410 913 499 populi
952 424 1067 488 est,
1102 412 1445 497 repetimus
1480 423 1674 497 atque
1715 432 2121 559 usurpamus:
2171 421 2264 486 ut,
2301 408 2534 495 quibus
2566 406 2734 478 velit,

655 506 676 535 ⁶
696 497 968 583 populus
1014 497 1343 563 Romanus
1392 498 1668 561 honores
1711 518 1859 561 man
1905 507 1990 561 et.
2084 494 2266 570 Quid
2317 493 2581 559 tandem
2625 504 2734 565 est,

657 592 807 649 <cur
834 583 1085 649 coelum
1124 606 1195 647 ac
1226 600 1421 649 terras
1460 584 1812 647 misceant?
1856 605 1970 647 cur
2005 582 2076 645 in
2105 604 2210 645 me
2244 582 2522 666 impetus
2551 576 2740 641 modo

657 678 893 756 ‘paene
924 669 995 733 in
1022 682 1247 735 senatu
1275 669 1357 733 sit
1384 669 1630 733 factus?
1674 682 1915 755 negent
1940 690 2006 733 se
2037 667 2330 731 manibus
2359 676 2746 751 temperatu-

658 763 817 832 ‘rroa‚
860 754 1325 841 violaturosque
1376 754 1762 820 denuntient
1811 767 2268 819 sacrosanctam

2318 763 2700 838 potestatem
2715 750 2742 812 ἲ

331 852 430 900 Pro
452 852 559 911 lege
576 850 639 898 de
658 850 683 893 ‘-
700 842 769 907 Si
804 840 1041 941 populo
1088 841 1381 905 Romano
1416 840 1687 905 liberum
1731 840 2099 927 suffragium
2136 840 2343 915 datur,
2380 851 2472 914 ut,
2559 837 2744 901 uibus

330 916 467 963 con.
491 915 594 975 pl&
660 928 869 1004 §vehg
900 926 1298 991 consulatum
1329 926 1610 1002 mandet,

328 977 465 1065 δεῦε..

1641 940 1708 991 et
1741 948 1874 991 non
1907 925 2294 1012 praeciditur
2321 946 2466 1023 spes
2491 946 2538 1010 p
2563 922 2746 987 ebeio

660 1022 679 1058 ‘
696 1036 974 1100 quoque,
1017 1013 1071 1077 si
1114 1012 1345 1098 dignus
1388 1034 1636 1077 summo
1679 1012 1920 1077 honore
1963 1012 2103 1089 erit,
2145 1010 2472 1098 apiscendi
2511 1007 2743 1075 summi
2764 1029 2804 1077 ⁵

660 1108 681 1139 ‘
696 1100 973 1175 honoria,
1008 1112 1171 1165 stare
1216 1100 1367 1166 urbs
1408 1098 1566 1165 haec
1607 1121 1737 1163 non
1771 1098 2049 1184 poterit?
2093 1098 2176 1161 de
2220 1099 2308 1161 im
2393 1096 2488 1161 rio
2531 1110 2746 1161 actum

660 1195 679 1223 ‘
696 1188 837 1251 est?
880 1198 946 1253 et
976 1185 1241 1272 perinde
1271 1186 1393 1251 hoc
1421 1184 1609 1261 valet,
1641 1184 2010 1283 plebeiusne
2039 1183 2262 1249 consul

2373 1194 2803 1281 §tanquanffi

661 1282 679 1311 ‘
696 1295 947 1339 servum
992 1286 1103 1337 aut
1146 1272 1512 1339 libertinum
1559 1270 1787 1356 aliquis
1831 1270 2158 1335 consulem
2198 1270 2484 1335 futurum
2528 1268 2750 1333 dicat?

661 1367 680 1397 ‘
706 1358 959 1445 Ecquid
988 1358 1255 1433 sentitis,
1278 1360 1347 1425 in
1370 1369 1610 1443 quanto
1639 1368 2014 1443 contemptu
2040 1355 2299 1421 vivatis?
2343 1354 2542 1421 Lucis
2571 1353 2750 1417 vobis

662 1454 681 1485 ‘
702 1444 893 1509 huius
935 1457 1201 1529 partem,
1252 1445 1307 1507 si
1357 1443 1564 1519 liceat,
1609 1442 1907 1517 adimant.
2005 1442 2202 1517 Quod
2247 1440 2518 1527 spiratiS,
2573 1439 2750 1526 quod

660 1538 681 1575 <
696 1552 918 1595 vocem
940 1528 1209 1604 mittitis,
1279 1528 1409 1593 uod
1425 1528 1656 1595 formas
1672 1528 2003 1595 hominum
2020 1528 2284 1604 habetis,
2309 1528 2376 1591 in
2427 1527 2440 1540 ‘
2597 1540 2748 1592 itur.

661 1625 682 1655 ‘
708 1615 889 1689 Quin
916 1614 1108 1679 etiam
1136 1614 1222 1700 (si
1296 1616 1373 1679 iis
1399 1613 1638 1701 placet)
1666 1614 1842 1679 nefas
1869 1616 2048 1679 aiunt
2075 1636 2231 1690 esse,
2255 1636 2451 1679 consu
2477 1634 2582 1677 em

661 1709 680 1738 ‘
700 1700 917 1765 beium
945 1700 1103 1765 fieri.
1198 1700 1481 1767 Obsecro
1519 1722 1648 1776 vos,
1680 1701 1733 1765 si
1763 1722 1894 1763 non
1927 1700 2012 1765 ad
2045 1700 2256 1776 fastos,
2285 1722 2417 1763 non
2455 1698 2540 1766 ad
2575 1696 2802 1792 com-g

661 1795 680 1824 ‘
704 1786 1043 1851 mentatios
1070 1786 1443 1872 pontificum
1480 1786 1878 1851 admittimur
1897 1810 1916 1863 3
1963 1810 2044 1851 ne
2087 1810 2164 1851 ea
2191 1785 2456 1871 quidem
2493 1785 2749 1861 scimuS,

660 1880 681 1911 ‘
702 1894 867 1959 quae
915 1894 1136 1937 omnes
1177 1872 1497 2003 peregrini
1541 1871 1731 1939 etiam
1775 1873 2029 1937 sciunt?
2087 1871 2377 1940 consules
2419 1871 2490 1935 in
2533 1870 2750 1935 locum

660 1968 679 1997 ‘
696 1980 919 2043 regum
948 1958 1313 2025 successisse
1332 2008 1347 2021 .

660 2054 679 2084 ‘
696 2045 949 2121 habere,

1403 1979 1522 2021 nec
1553 1971 1663 2023 aut
1689 1958 1862 2035 iuris,
1893 1972 2004 2024 aut
2033 1957 2374 2023 maiestatis
2400 1951 2754 2042 quicquam

1044 2044 1175 2109 uod
1224 2065 1357 2109 non
1402 2044 1473 2109 in
1521 2044 1775 2129 regibus
1821 2058 1968 2113 ante
2013 2043 2249 2109 fuerit?
2311 2041 2414 2107 En
2463 2066 2750 2128 unquam
2767 2068 2800 2116 9

661 2130 953 2197 ‘creditis
1028 2129 1197 2193 ando
1254 2130 1544 2195 auditum
1603 2153 1756 2206 esse,
1808 2129 2092 2195 Numam
2149 2128 2562 2214 Pompilium,
2617 2152 2752 2195 non

661 2226 679 2262 ⁶
697 2216 889 2281 modo
918 2238 1049 2281 non
1078 2215 1432 2302 patricium,
1463 2216 1578 2281 sed
1605 2239 1687 2280 ne
1718 2217 1922 2281 civem
1951 2215 2211 2301 quidem
2246 2215 2636 2292 Romanum,
2667 2238 2752 2279 ex

660 2312 680 2345 ‘
702 2302 937 2368 Sabino
982 2324 1133 2389 agro
1178 2302 1471 2380 accitum,
1516 2302 1740 2388 populi
1783 2302 1974 2378 iussu,
2019 2301 2318 2367 Patribus
2361 2302 2750 2377 auctoribus,

660 2398 680 2431 ‘
700 2388 943 2455 Romae
978 2389 1317 2475 regnasse?
1362 2387 1439 2453 L.
1478 2387 1716 2453 deinde
1761 2388 2208 2473 Tarquinium,
2239 2410 2370 2453 non
2414 2388 2752 2453 Romanae
2773 2418 2790 2453 1

658 2485 680 2513 ‘
701 2474 912 2551 modo,
944 2474 1059 2541 sed
1097 2498 1179 2539 ne
1211 2474 1469 2539 Italicae
1498 2473 1762 2560 quidem
1797 2474 2026 2559 gentis,
2058 2473 2390 2539 Damarati
2423 2472 2751 2539 Corinthii

659 2571 679 2599 ‘
696 2561 918 2637 filium,
961 2559 1233 2624 incolam
1285 2561 1363 2623 ab
1410 2560 1795 2645 Tarquiniis,
1831 2560 1990 2627 vivis
2033 2558 2248 2625 liberis
2291 2558 2484 2636 Anci,
2531 2581 2750 2646 regem
2769 2590 2794 2623 ι

658 2748 809 2805 patet.
852 2744 913 2793 ef.
938 2742 1143 2791 Niebhr.
1170 2742 1217 2790 ii.
1240 2758 1288 2791 n.
1316 2742 1421 2804 756.
1456 2744 1668 2793 Necnon

658 2806 897 2855 Romanis
950 2820 1063 2853 cum
1111 2805 1318 2855 Albanis
1371 2807 1668 2855 connubium

655 2868 803 2916 fuisse
836 2868 1041 2927 legimus
1072 2884 1151 2928 ap.
1182 2868 1315 2916 stob.
1342 2884 1383 2915 v.
1414 2884 1461 2929 p.
1489 2884 1595 2931 23¹·
1620 2868 1664 2917 6.

656 2932 718 2981 ef.
744 2932 949 2981 Niebhr.
972 2932 1021 2978 ii.
1045 2946 1093 2991 p.
1122 2929 1194 2991 76.

720 3012 753 3057 4
782 2997 931 3045 Nihil
948 2996 1063 3043 novi
1073 2996 1311 3055 ferimus]
1358 2994 1411 3043 Si
1432 2996 1580 3044 modo
1603 3011 1664 3043 ex

656 3058 1015 3109 commentariis
1052 3056 1203 3107 Servii
1243 3058 1397 3107 Tullii
1441 3060 1567 3107 alter
1603 3075 1664 3107 ex

656 3123 886 3187 patriciis,
920 3125 1046 3171 alter
1081 3138 1143 3171 ex
1182 3122 1327 3184 plebe
1363 3124 1530 3171 consul
1569 3138 1665 3171 cre-

654 3190 813 3237 andus
832 3194 973 3237 esset.

720 3266 749 3314 5
780 3252 1073 3313 apiscendi]
1126 3250 1556 3307 Quemadmodum
1580 3267 1666 3313 ap-

655 3322 735 3362 tus
768 3330 856 3377 pro
891 3316 1116 3379 adeptus,
1148 3312 1217 3362 ita
1250 3316 1402 3377 apisci
1436 3329 1526 3375 pro
1558 3316 1662 3361 adi-

648 3380 775 3441 pisci
807 3376 991 3425 dictum
1026 3392 1129 3425 esse
1160 3394 1192 3425 a
1224 3378 1466 3425 veteribus
1498 3382 1665 3423 monet

654 3442 832 3489 Festus
859 3456 903 3489 v.
922 3446 1099 3505 Apus.
1146 3442 1207 3489 ef.
1237 3441 1353 3489 Ter.
1382 3440 1566 3488 Heaut.
1603 3439 1666 3488 iv.

656 3518 700 3566 3.
730 3520 801 3567 ¹5-
837 3506 956 3553 Tac.
981 3507 1109 3553 Ann.
1132 3504 1199 3552 iii.
1226 3519 1299 3565 31.

726 3568 757 3617 6
790 3571 1080 3618 plebeiusne
1099 3568 1398 3629 oonsulfias]
1434 3568 1665 3615 Plebeiae

652 3647 717 3695 ’,ιο
737 3634 919 3691 cornui,
940 3638 1175 3692 tanqum
1194 3632 1339 3679 verba
1361 3631 1480 3692 legis
1494 3631 1667 3679 recita-

653 3702 751 3756 tae,
764 3695 858 3745 dici
876 3698 979 3745 vult
988 3696 1297 3745 Grannum}
1312 3694 1555 3743 strothius
1563 3696 1665 3756 plo-

654 3762 850 3811 lm'ume
870 3760 1150 3820 eonsulfiat
1170 3758 1379 3820 reponit,
1394 3758 1489 3807 hoo
1505 3773 1669 3817 sensu.¹

653 3824 693 3873 si
718 3824 829 3885 quis
846 3830 999 3884 rogat,
1019 3838 1085 3870 an
1117 3822 1339 3884 plebeius
1367 3822 1534 3869 consul
1559 3820 1666 3870 fieri

727 3962 753 4013 7
792 3950 987 4010 Festos]
1048 3949 1185 3999 Fasti
1226 3948 1436 4011 duplicis
1476 3948 1664 4011 generis

650 4016 815 4064 fuere:
852 4014 955 4074 alii,
975 4012 1151 4074 quibus
1176 4019 1227 4060 et
1254 4012 1544 4063 Kalendarii
1579 4028 1662 4061 no-

650 4092 765 4126 men
794 4080 954 4136 datur,
974 4076 1025 4125 in
1048 4076 1225 4138 quibus
1252 4082 1357 4125 tota
1379 4076 1566 4125 dierum
1591 4077 1658 4123 fa-

648 4142 970 4192 storumnefas
1008 4146 1283 4201 torumque,
1316 4140 1548 4187 festorum
1583 4140 1660 4187 vel

648 4204 969 4261 profestorum
1006 4208 1100 4251 etc.
1148 4202 1269 4249 ratio
1309 4201 1660 4251 continebatur.

1736 2744 1846 2793 Hos
1897 2744 2048 2793 fictos
2101 2744 2348 2806 evulgavit
2397 2744 2490 2795 Gn.
2547 2744 2753 2795 Flavius

1733 2808 1905 2867 scriba,
1938 2814 1994 2855 ut
2027 2808 2234 2857 habetur
2257 2808 2367 2857 infr.
2390 2808 2458 2856 ix.
2482 2807 2559 2869 46.
2627 2810 2753 2865 Alii,

1731 2870 1782 2917 in
1816 2870 1991 2931 quibus
2022 2870 2222 2919 nomina
2258 2871 2634 2933 magistratuum
2668 2890 2750 2921 cu-

1731 2931 1904 2995 iusque
1923 2934 2058 2992 anni,
2078 2940 2128 2981 et
2149 2950 2226 2982 res
2252 2940 2418 2996 gestae
2443 2934 2664 2984 maxime
2683 2938 2748 2985 ad

1729 2998 2014 3047 memoriam
2059 2998 2270 3059 insignes
2311 2998 2748 3059 perscribebantur.

1731 3060 1881 3109 Tales
1933 3066 2046 3109 sunt
2091 3060 2227 3109 Fasti
2271 3062 2560 3123 Capitolini,
2610 3064 2750 3113 Fasti

1732 3124 1882 3172 Siculi
1901 3131 1992 3174 etc.
2041 3124 2322 3187 Utrumque
2337 3128 2572 3173 fastorum
2593 3142 2751 3189 genus

1729 3202 1762 3235 a
1791 3188 2117 3248 pontificibus,
2139 3187 2222 3249 qui
2255 3194 2361 3236 tum
2391 3204 2565 3238 omnes
2599 3192 2747 3252 patri-

1731 3249 1792 3298 cii
1815 3258 1970 3310 erant,
1987 3253 2271 3301 curabatur:
2307 3258 2572 3315 utriunque
2591 3270 2626 3303 a
2645 3258 2748 3303 ml-

1728 3315 1774 3375 gi
1791 3314 1964 3363 notitia
1980 3318 2331 3365 removebatur.
2384 3316 2465 3365 De
2480 3319 2748 3379 posteriore

1729 3379 1943 3426 maxime
1961 3380 2152 3427 videtur
2172 3379 2252 3427 hic
2265 3394 2424 3427 sermo
2438 3396 2556 3429 eme.
2579 3382 2744 3431 Οιυεν.

1797 3443 1828 3488 8
1861 3444 2260 3502 Gemmas-8⁸0⁸]
2318 3444 2379 3492 In
2413 3444 2596 3505 quibus
2625 3462 2744 3507 pon·

1730 3504 1886 3552 tifices
1927 3521 2121 3554 suorum
2164 3512 2442 3569 temporum
2490 3508 2744 3558 historiam

1728 3569 2008 3616 summatim
2032 3570 2383 3619 describebant.
2423 3572 2541 3619 vid.
2555 3572 2666 3621 infr.
2681 3574 2742 3623 vi.

1736 3646 1778 3689 1,
1822 3632 1906 3681 ubi
1931 3634 2222 3695 pontificum
2248 3635 2586 3685 commentarii
2617 3638 2744 3687 inter

1729 3694 1957 3745 historica
2027 3704 2348 3747 monumenta
2415 3707 2742 3751 recensentur.

1733 3759 1892 3809 Penes
1935 3760 2190 3822 pontifices
2226 3762 2374 3811 fuisse
2417 3763 2740 3815 conficiendo-

1727 3837 1835 3871 rum
1857 3824 2108 3873 annalium
2131 3837 2298 3875 curam
2327 3830 2572 3877 testantur
2589 3843 2740 3889 quum

1728 3885 1812 3933 alii
1829 3888 1990 3946 multi,
2006 3894 2110 3935 tum
2128 3888 2231 3938 Cic.
2248 3889 2310 3937 de
2325 3890 2410 3939 Or.
2419 3889 2470 3937 ii.
2481 3904 2557 3951 52.
2579 3892 2738 3943 cuv.

1731 4012 1742 4023 ·
1779 3966 1823 4061 ἃ
1852 3953 1937 3999 En
1957 3954 2202 4013 unquam]
2231 3953 2600 4014 Nunquamne?
2625 3955 2740 4005 vid.

1726 4028 1776 4061 m
1823 4050 1834 4061 .
1859 4030 1906 4063 x.
1930 4016 1976 4063 8.
2009 4014 2142 4063 xxiv.
2173 4030 2244 4076 14.
2277 4018 2438 4067 Cum.

1796 4093 1813 4124 1
1851 4080 1970 4127 Non
1989 4080 2240 4129 Romanae
2253 4082 2411 4139 modo]
2451 4082 2572 4131 Non
2593 4084 2740 4133 modo

1725 4156 1838 4187 non.
1873 4156 2002 4202 supr.
2027 4141 2057 4188 i.
2083 4156 2160 4202 40.
2195 4144 2356 4203 Cnnv.

1793 4217 1819 4251 2
1851 4206 2070 4253 Inoolam
2093 4207 2152 4253 ab
2181 4208 2486 4269 Tarquiniis]
2539 4208 2644 4264 Qui
2677 4212 2737 4257 ab
