3000 4784
793 244 986 311 LIB.
1035 244 1158 311 IX.
1225 243 1448 310 CAP.
1496 250 1601 309 20.
2134 251 2259 312 623

121 381 314 445 Asia
357 394 682 469 gestorum
728 381 809 445 ab
836 381 962 446 hoc
1000 383 1139 469 ipso
1180 381 1412 447 iuvene
1455 403 1605 446 cum
1644 404 1759 446 sua
1808 383 2259 448 conferentem.
2284 404 2353 454 U.
2376 405 2435 454 C.
2460 420 2575 466 435·

121 466 198 531 E
253 468 506 544 uidem,
527 490 730 553 quum
757 490 874 555 per
904 490 1106 533 annos
1123 480 1426 554 quattuor
1445 480 1515 533 et
1534 468 1765 554 viginti
1791 468 1997 555 primo
2016 469 2265 535 Punico
2283 470 2345 519 A.
2378 470 2439 519 C·
2464 482 2573 531 31⁷·

119 492 326 618 bgho
359 553 662 617 classibus
701 568 1012 619 certatum
1041 577 1188 618 cnm
1224 554 1460 618 Poenis
1495 554 1811 631 recordor,
1843 554 1950 619 vix
1990 569 2265 620 aetatem

125 639 521 703 Alexandri
570 640 976 705 suffecturam
1021 640 1212 704 fuisse
1263 661 1406 705 reor
1451 641 1536 704 ad
1583 663 1783 705 unum
1830 640 2087 706 bellum.
2180 642 2269 707 Et

123 726 442 803 forsitan,
487 748 688 813 quum
747 740 814 791 et
857 726 1217 791 foederibus
1274 727 1540 791 vetustis
1590 728 1812 792 iuncta
1862 727 2113 793 Punica
2168 751 2269 793 res

129 812 500 877 Romanae
545 824 727 889 esset,
757 825 826 877 et
865 814 1056 878 timor
1088 835 1204 900 par
1238 812 1534 877 adversus
1573 836 1975 879 communem
2019 814 2267 879 hostem

129 898 320 961 duas
381 898 849 985 potentissimas
905 899 1093 963 armis
1148 899 1424 985 virisque
1483 900 1672 964 urbes
1729 913 2018 978 armaret,
2080 900 2269 965 simul

131 984 414 1049 Punico
473 986 901 1073 Romanoque
959 985 1224 1050 obrutus
1281 985 1450 1049 bello
1515 998 1697 1050 esset.
1790 984 1860 1049 N
1861 1009 1947 1050 on
2006 987 2269 1073 quidem

139 1069 543 1135 Alexandro
582 1071 767 1149 duce,
809 1094 928 1136 nec
970 1072 1233 1171 integris
1281 1070 1715 1135 Macedonum
1760 1072 1967 1150 rebus,
1999 1073 2112 1137 sed
2154 1096 2269 1137 ex-

135 1158 328 1243 perti
387 1170 600 1222 tamen
659 1171 810 1222 sunt
859 1160 1142 1223 Romam
1195 1157 1623 1222 Macedonem
1670 1157 1919 1222 hostem
1971 1158 2271 1223 adversus

141 1244 582 1321 Antiochum,
613 1244 834 1332 Philip
877 1266 1008 1321 um,
1039 1244 1300 1320 Persen,
1331 1266 1463 1308 non
1493 1243 1687 1308 modo
1716 1265 1865 1308 cum
1911 1242 2089 1308 clade
2120 1242 2268 1322 ulla,

92 1338 116 1385 3
141 1329 276 1393 sed
306 1352 392 1395 ne
427 1352 576 1394 cum
620 1331 840 1417 pericu
864 1353 903 1394 o
933 1329 1196 1416 quidem
1231 1352 1364 1395 suo.
1457 1328 1651 1393 Absit
1693 1329 1936 1394 invidia
1962 1331 2173 1407 verb0,
2206 1343 2273 1395 et

91 1416 118 1512 ζ
143 1415 378 1481 civilia
404 1415 575 1481 bella
615 1416 860 1494 sileant,
891 1438 1224 1503 nunquam
1263 1416 1344 1479 ab
1373 1416 1593 1502 equite
1634 1415 1835 1493 hoste,
1866 1438 2197 1503 nunquam
2232 1438 2271 1480 a

141 1501 404 1589 pedite,
435 1525 764 1590 nunquam
795 1516 1016 1590 aperta
1043 1502 1199 1580 acie,
1223 1525 1360 1566 nun
1408 1524 1557 1566 uam
1586 1502 1825 1589 aequis,
1850 1502 2074 1588 utique
2104 1525 2273 1566 nun»-

89 1614 118 1649 ι
147 1611 363 1675 quam
401 1589 630 1654 nostris
669 1588 824 1654 locis
868 1589 1308 1653 laboravimus.
1363 1526 1729 1675 qEquitem,
1758 1590 2037 1675 sagittas,
2076 1588 2272 1654 saltus

149 1673 528 1761 impeditos,
552 1676 692 1739 avia
718 1676 1174 1740 commeatibus
1212 1674 1352 1739 loca
1378 1676 1587 1762 gravis
1615 1676 1805 1739 armis
1834 1675 2016 1740 miles
2046 1676 2269 1741 timere

151 1773 410 1847 potest:
481 1761 656 1826 mille
716 1762 902 1839 acieS,
961 1762 1276 1849 graviores
1334 1784 1529 1849 quam
1582 1760 2017 1827 Macedonum
2076 1774 2270 1848 atque

157 1845 544 1925 Alexandri,
595 1848 840 1925 avertit,
881 1860 1286 1935 avertetque;
1333 1847 1525 1913 modo
1569 1848 1649 1913 sit
1679 1870 1760 1935 pe
1878 1862 2025 1913 tuus
2058 1848 2270 1926 huius,

157 1956 300 2020 qua
325 1934 614 2011 vivimus,
762 1934 814 1999 ‘s
841 1956 1018 1999 amor
1039 1947 1106 1998 et
1133 1934 1338 1999 civilis
1365 1957 1519 1998 cura
1546 1957 1749 1999 conco
1826 1936 1941 2001 iae.

258 2018 356 2083 M.
383 2018 628 2085 Foslius
721 2021 1040 2085 accinator
1056 2019 1206 2084 inde
1225 2032 1294 2085 et
1315 2019 1392 2084 L.
1415 2020 1705 2085 Plautius
1723 2020 1960 2086 Venno
1980 2021 2273 2089 consules
2398 2022 2501 2079 20·

157 2106 340 2171 facti.
431 2105 530 2171 Eo
559 2128 730 2171 anno
757 2108 838 2172 ab
865 2106 1303 2193 frequentibus
1336 2105 1717 2171 Samnitium
1746 2107 1997 2192 populis
2026 2106 2107 2170 de
2138 2108 2271 2171 foe·
2292 2102 2359 2153 U.
2384 2104 2442 2152 0·
2467 2100 2581 2213 432·

163 2192 324 2257 dere
341 2192 708 2259 renovando
736 2192 950 2280 legati,
974 2212 1174 2278 quum
1193 2204 1484 2255 senatum
1502 2191 1683 2255 humi
1706 2192 1883 2255 strati
1907 2192 2269 2269 movissent,
2288 2167 2363 2278 fi.
2384 2166 2581 2287 &35¹0ss

165 2278 390 2343 reiecti
433 2277 517 2343 ad
556 2278 866 2366 populum
911 2278 1408 2364 haudquaquam
1452 2289 1583 2340 tam
1626 2276 1911 2341 efficaces
1952 2277 2272 2342 habebant
2292 2292 2348 2342 L.
2369 2292 2573 2341 Plautio

165 2386 410 2465 preces.
499 2364 748 2451 Itaque,
771 2365 1028 2430 foedere
1057 2376 1310 2451 negato,
1334 2362 1620 2427 indutiae
1641 2362 1905 2441 biennii,
1930 2385 2131 2450 quum
2158 2386 2275 2451 per
2290 2358 2430 2407 00⁸³·

167 2452 417 2538 ahquot
457 2451 594 2516 dies
631 2452 1000 2539 fatigassent
1037 2451 1319 2537 singulos
1359 2449 1669 2536 precibus,
1690 2450 2093 2549 impetratae.
2187 2450 2276 2514 Et

169 2560 258 2601 ex
287 2537 530 2625 Apulia
557 2538 926 2603 Teanenses
952 2536 1398 2636 Canusinique
1421 2558 1509 2623 po
1555 2536 1941 2601 ulatiombus
1967 2536 2135 2613 fessi,
2160 2537 2275 2601 ob-

169 2623 413 2689 sidibus
464 2624 541 2688 L.
563 2624 818 2689 Plautio
860 2623 1107 2689 consuli
1151 2622 1335 2698 datie,
1380 2644 1450 2685 111

1548 2622 1899 2687 editionem
1940 2635 2274 2687 venerunt.

105 2724 148 2771 3
175 2710 422 2775 Eodem
445 2732 616 2776 anno
644 2712 924 2797 primum
939 2709 1242 2797 praefecti
1269 2708 1535 2796 Capuae
1559 2709 1757 2773 creari
1773 2709 2007 2795 coepti,
2026 2708 2279 2795 legibus

173 2972 276 3019 que
305 2956 538 3017 peiorem,
558 2954 689 3015 quod
711 2951 960 3001 neminem
994 2966 1190 3014 praeco-

177 3035 292 3068 nem
309 3034 468 3067 rerum
483 3018 536 3066 in
555 3017 705 3067 Italia
723 3022 966 3080 gestarum
983 3017 1192 3078 adeptus

177 3083 339 3132 fucrit.

245 3149 277 3195 8
296 3148 438 3197 Absit
456 3147 648 3195 invidia
663 3146 831 3205 verbo]
859 3144 1094 3217 Formula
1109 3144 1192 3191 de-

179 3211 438 3275 precantis,
460 3225 524 3259 ne
545 3226 608 3258 ex
629 3209 785 3257 nimia
805 3224 921 3257 suae
947 3206 1196 3256 fehcitatis

179 3274 538 3339 praedicatione
559 3274 746 3323 malum
765 3271 954 3334 aliquid
975 3270 1194 3319 oriretur.

248 3354 278 3401 9
311 3340 488 3387 Civilia
525 3340 650 3388 bella
683 3338 886 3395 aibant]
929 3336 1010 3384 De
1045 3332 1196 3383 civili·

181 3408 275 3453 bus
295 3403 434 3452 bellis
455 3417 552 3451 non
577 3402 664 3451 fiat
683 3400 887 3449 mentio.
919 3400 1084 3449 Cam.

255 3482 274 3515 1
298 3470 570 3531 Nunquam
589 3468 651 3515 ab
671 3466 857 3529 equite]
887 3462 1032 3511 Haec
1050 3461 1197 3509 verba

181 3547 282 3581 non
314 3535 513 3593 possunt
535 3544 594 3579 eo
617 3528 799 3591 exponi
831 3542 994 3585 sensu,
1016 3531 1071 3573 ut
1095 3524 1195 3573 Ro-

181 3594 314 3709 3²:2⁵
351 3596 704 3707 flaet‘ffis?
738 3588 1196 3705 fflffliffl

182 3738 332 3785 quum
365 3728 417 3771 et
447 3723 552 3784 ipse
583 3720 755 3771 Livius
782 3736 890 3781 cap.
925 3732 1085 3780 praec.
1115 3732 1196 3779 ag-

185 3792 366 3847 noscat,
399 3791 450 3835 et
483 3801 560 3835 res
591 3785 699 3859 ipsa
732 3785 911 3833 clamet
947 3782 1199 3854 Romanos

183 3850 350 3900 multis
369 3850 570 3912 proeliis
587 3854 742 3897 victos
761 3864 881 3896 esse.
949 3846 1092 3894 Haec
1113 3858 1198 3905 igi-

183 3924 270 3965 tur
287 3914 430 3963 fixisse
460 3913 652 3963 videtur
679 3928 818 3961 mens
845 3909 989 3959 Livii.
1057 3909 1199 3957 Nun-

185 3994 330 4043 quam
369 3979 432 4025 ob
469 3992 580 4026 eam
620 3991 818 4025 eausam
857 3972 1198 4032 laboravimus,

185 4044 316 4106 quod
331 4041 482 4091 hostis
496 4045 583 4089 aut
599 4039 892 4103 equitatum,
907 4043 994 4087 aut
1011 4036 1198 4100 pedita-

185 4116 294 4157 tum
313 4112 476 4155 nostro
497 4104 750 4154 meliorem
771 4104 990 4152 haberet.
1047 4102 1198 4157 Quod

188 4180 350 4221 tamen
382 4186 480 4219 non
512 4174 741 4217 accurate
763 4182 930 4215 verum
955 4181 1058 4214 esse
1093 4180 1198 4227 pro-

187 4240 274 4284 bat
285 4235 366 4283 ille
377 4232 674 4283 Hannibalis
685 4232 932 4293 equitatus
948 4232 1088 4292 longe
1098 4230 1196 4302 Rq-

189 4314 331 4349 mauo
362 4297 596 4361 superior,
625 4298 732 4359 ipso
762 4302 886 4343 teste
919 4293 1076 4351 Livio,
1099 4307 1199 4339 xxl.

191 4376 271 4425 47.
291 4369 338 4411 et
357 4362 490 4411 xxvi.
516 4362 594 4423 38.
661 4360 763 4409 Hie
793 4374 972 4419 nempe
998 4355 1202 4404 deflexit

1256 2958 1473 3000 nostrum
1507 2967 1539 2999 a
1572 2966 1686 2999 vero
1722 2951 1982 3000 Romanae
2016 2950 2177 3000 laudis
2206 2950 2279 2999 ni-

1255 3014 1383 3063 mius
1403 3030 1558 3063 amor.
1613 3014 1850 3071 Quonam
1874 3015 2005 3063 enini
2028 3017 2177 3064 modo
2193 3015 2280 3077 qui

1256 3079 1489 3128 Alliensis
1522 3079 1891 3141 Cannensisque
1926 3078 2140 3128 cladium
2178 3094 2279 3128 ms-

1255 3142 1469 3203 minerit,
1489 3143 1673 3191 iactare
1696 3148 1859 3205 potest
1882 3142 2137 3191 Romanos
2157 3158 2280 3190 nun-

1259 3222 1406 3268 quam
1428 3214 1605 3267 «ερον-ια
1625 3208 1730 3255 acie
1751 3207 1994 3253 laborasse
2010 3210 2033 3253 Ρ
2069 3206 2233 3254 Cam.

1333 3284 1360 3317 2
1402 3271 1659 3331 Equum]
1720 3268 2055 3315 Numerosum
2094 3266 2283 3328 equita-

1260 3337 1398 3391 tumg
1433 3332 1717 3393 praesertim
1749 3330 1801 3379 in
1836 3330 2129 3392 patentibus·
2150 3346 2282 3379 cam-

1262 3396 1354 3458 pis,
1381 3394 1640 3444 Roma-nus
1674 3394 1815 3441 miles
1850 3392 2009 3456 gravis
2043 3394 2192 3442 armis
2222 3394 2282 3442 ti-

1259 3456 1876 3583 ..fet
1890 3456 2281 3572 ...ω

1263 3588 1389 3636 dem.
1423 3587 1587 3635 Cam.

1329 3664 1357 3712 3
1386 3650 1642 3710 Praefecti
1661 3648 1888 3711 Capuae]
1916 3650 2139 3713 Capuam
2158 3648 2280 3701 Gro-

1262 3714 1435 3763 novius
1471 3712 1683 3776 reponit,
1720 3714 1851 3777 quod
1894 3714 2134 3765 Niebuhr.
2173 3732 2281 3779 pro-

1263 3780 1378 3837 bat3
1431 3778 1514 3839 qui
1560 3777 1691 3827 hunc
1735 3778 2072 3841 magistratum
2118 3782 2284 3829 Roma

1263 3844 1490 3906 Capuam
1544 3842 1746 3895 missum
1801 3842 1951 3892 fuisse
2006 3843 2281 3893 arbitratur.

1265 3908 1402 3958 Cave
1443 3912 1613 3955 tamen
1672 3922 1786 3955 cum
1829 3908 2076 3959 Crevierio
2120 3905 2283 3955 existi-

1263 3986 1384 4033 mes,
1427 3972 1653 4034 Capuam
1702 3970 1799 4019 iam
1844 3972 1897 4019 in
1952 3970 2284 4032 praefecturae

1265 4036 1523 4086 Romanae
1555 4034 1883 4084 conditionem
1908 4032 2121 4091 cessisse,
2143 4031 2284 4091 quip-

1265 4116 1328 4163 pe
1351 4100 1459 4150 infr.
1477 4099 1611 4147 xxvi.
1630 4096 1675 4147 6.
1698 4097 1832 4158 apud
1851 4096 2133 4157 Campanos
2154 4107 2283 4140 sum-

1264 4180 1400 4212 mum
1435 4162 1792 4225 magistratum,
1823 4158 1903 4205 cui
1938 4172 2118 4205 nomen
2154 4156 2285 4205 Osco

1266 4226 1505 4275 vocabulo
1572 4220 1945 4279 Medixtuticus,
2012 4218 2285 4277 cernimus;

1267 4304 1412 4349 quem
1448 4288 1628 4350 pariter
1660 4285 1767 4334 infr.
1802 4283 1939 4333 xxiii.
1972 4299 2017 4332 2.
2044 4282 2091 4333 6.
2127 4280 2283 4332 civem

1267 4354 1580 4413 Campanum
1613 4349 1759 4398 ruisse
1792 4348 1961 4410 liquet.
2029 4348 2126 4397 Sed
2154 4347 2285 4397 vidc-
