3000 4784
867 206 1190 300 L1B4y.
1256 208 1477 279 OAP.
1527 217 1629 277 53.
2163 216 2298 276 345

160 354 189 384 6
216 346 451 412 eundo
478 338 743 435 inopem'
764 344 1021 435 plebem
1046 370 1294 413 vexare.
1388 348 1578 413 Hanc
1605 358 1822 411 sutem
1851 346 2069 411 iactari
2098 347 2296 433 magis
2319 358 2388 409 U.
2409 358 2472 409 c.
2493 355 2604 419 ³⁶5-

164 442 193 471 ‘
216 454 520 510 causam,
550 456 743 520 quam
788 454 1003 499 veram
1047 456 1201 512 esse,
1246 448 1321 499 ut
1370 456 1493 521 ego
1541 456 1674 497 non
1718 433 1947 509 dicam,
1993 456 2294 521 apparere
2313 423 2376 475 Α·
2409 423 2468 473 0·
2492 423 2616 485 3⁸⁷⁶*

166 528 193 557 6
218 520 445 595 vobis,
481 519 786 597 Quirites,
816 533 1015 608 puto3
1061 520 1174 606 qui
1208 520 1604 597 meministis,
1635 532 1784 585 ante
1817 518 2148 584 Gallorum
2183 520 2297 583 ad-

166 614 195 643 ‘
218 620 533 683 ventum,
560 605 745 670 salvis
784 606 967 671 tectis
1006 606 1275 692 publicis
1313 607 1720 693 privatisque,
1749 617 1954 670 stante
1989 605 2296 671 ineolumi

168 700 195 729 ‘
224 693 429 768 urbe,
456 691 622 757 hanc
656 692 929 757 eandem
960 714 1096 756 rem
1132 705 1337 756 actam
1372 714 1528 769 esse,
1559 704 1634 756 ut
1661 691 1859 756 Veios
1893 692 2298 779 transmigra*

168 786 199 815 ‘
224 798 479 842 remus.
570 776 657 843 Et
694 778 925 855 videte,
1004 792 1269 843 uantum
1311 779 1481 843 inter
1523 800 1730 843 meam
1773 780 2155 843 sententiam
2187 801 2298 843 ve-

108 877 151 923 8
177 872 202 902 ‘
226 877 571 950 sti-amque
610 864 879 941 intersit,
910 877 993 927 m
1036 864 1167 927 uni.
1258 863 1413 940 Vos,
1450 865 1696 929 etiamsi
1736 877 1890 928 tunc
1931 863 2297 941 ssciendum

174 959 201 989 ‘
228 972 381 1013 non
425 950 634 1027 fuerit,
675 954 849 1014 nunc
892 949 1114 1035 utique
1160 949 1526 1014 faciendum
1567 952 1844 1036 putatis:
1892 972 2014 1049 ego
2056 963 2296 1027 contra,

176 1045 203 1075 ‘
230 1037 403 1123 (nec
426 1034 495 1099 id
516 1036 723 1100 mirati
742 1036 880 1100 sitis
900 1035 1093 1122 prius,
1112 1058 1325 1121 quam,
1350 1036 1538 1121 quale
1561 1036 1662 1113 sit,
1681 1034 2038 1122 audieritis)
2051 1036 2299 1101 etiamsi

182 1132 205 1161 ‘
232 1136 407 1187 tunc
466 1121 865 1271 miqrandum
914 1120 1153 1199 fuisset,
1200 1121 1508 1186 incolumi
1555 1134 1690 1186 tota
1739 1122 1914 1199 urbe,
1961 1144 2136 1186 nunc
2185 1123 2300 1186 has

184 1218 207 1246 ‘
232 1209 467 1272 ruinas
510 1230 579 1272 re
604 1206 959 1294 inquendas
1004 1228 1137 1271 non
1181 1230 1524 1272 censerem.
1621 1205 1879 1294 Quippe
1925 1220 2066 1271 tum
2111 1228 2301 1273 causa

185 1304 210 1333 ‘
232 1294 437 1358 nobis
476 1293 547 1357 in
587 1294 813 1359 urbem
856 1304 1105 1381 captam
1150 1292 1465 1379 migrandi
1503 1292 1766 1357 victoris
1805 1305 1990 1370 esset,
2029 1294 2301 1381 gloriosa

188 1392 209 1419 6
242 1380 445 1445 nobis
470 1402 545 1442 ac
572 1380 837 1466 posteris
864 1381 1129 1457 nostris3
1162 1402 1336 1443 nunc
1360 1379 1518 1443 haec
1547 1379 1841 1465 migratio
1869 1380 2052 1443 nobis
2071 1380 2302 1443 misera

190 1476 213 1505 ‘
238 1488 325 1530 ac
369 1465 592 1553 turpis,
636 1465 841 1530 Gallis
880 1464 1155 1553 gloriosa
1194 1477 1305 1530 est.
1420 1465 1576 1529 Non
1619 1466 1792 1529 enim
1834 1466 2160 1552 reliquisse
2208 1466 2301 1530 vi-

193 1562 223 1591 6
236 1564 477 1628 ctores,
536 1551 651 1616 sed
707 1552 983 1616 amisisse
1039 1552 1213 1629 victi,
1272 1551 1541 1638 patriam
1590 1551 1984 1617 videbimur:
2044 1551 2165 1616 hoc
2217 1552 2300 1615 ad

192 1648 213 1677 6
244 1636 497 1701 Alliam
538 1637 705 1723 ἥιρει,
750 1635 873 1702 hoc
918 1652 1103 1723 capta
1148 1637 1315 1714 urbs,
1357 1637 1479 1701 hoc
1525 1637 2003 1702 circumsessum
2037 1636 2297 1725 Capito-

196 1735 219 1765 6
240 1723 415 1787 lium
484 1724 871 1789 necessitatis
942 1724 1331 1811 imposuisse,
1390 1736 1466 1788 ut
1535 1722 1966 1789 desereremus
2036 1737 2302 1811 penates

194 1821 219 1849 ‘
242 1822 522 1885 nostros,
550 1808 971 1895 exsiliumque
1002 1832 1075 1874 sc
1102 1809 1319 1896 fugam
1353 1810 1538 1875 nobis
1565 1832 1649 1874 ex
1676 1833 1755 1875 eo
1784 1811 1926 1875 loco
1953 1810 2302 1875 conscisce-

198 1907 219 1937 ‘
244 1917 487 1971 remus,
562 1916 711 1959 uem
746 1895 910 1959 tueri
948 1918 1079 1959 non
1304 1918 1462 1960 mus.
1556 1892 1644 1960 Et
1677 1895 1848 1960 Gaui
1877 1909 2158 1962 evertere
2185 1918 2302 1983 po-

198 1994 219 2021 ‘
248 1993 517 2046 tuerunt
612 2002 839 2057 omum,
864 2004 1058 2067 quam
1156 1982 1369 2046 omani
1396 1982 1727 2046 restituere
1757 2006 1887 2047 non
1916 1981 2304 2048 videbuntur

198 2080 221 2107 ‘
340 2067 534 2131 tuisse
554 2068 584 2130 Ρ
648 2067 827 2143 Quid
856 2078 1066 2143 restat,
1090 2068 1211 2131 nisi
1242 2080 1333 2145 ut,
1356 2068 1407 2131 si
1438 2068 1566 2131 iam
1594 2068 1774 2131 novis
1804 2068 2001 2154 copiis
2019 2070 2299 2145 veniant,

200 2166 221 2193 6
246 2090 535 2236 &onem
574 2153 748 2217 enim
788 2153 898 2216 vix
942 2153 1311 2218 credibilem
1353 2152 1828 2217 multitudinem
1873 2152 2040 2235 esse)
2081 2165 2150 2217 et
2189 2154 2303 2217 ha-

203 2251 224 2280 ‘
248 2239 457 2303 bitere
500 2238 571 2301 in
612 2250 797 2325 espta
838 2239 919 2302 ab
954 2260 1051 2316 se,
1100 2238 1350 2303 deserta
1398 2261 1439 2301 a
1479 2238 1678 2313 vobiS,
1723 2236 1846 2301 hac
1889 2238 2043 2301 urbe
2081 2237 2302 2315 velint,

204 2336 227 2365 6
246 2324 477 2390 sinatis
494 2325 525 2387 ἲ
633 2323 811 2399 Quid
827 2326 857 2387 ⁴?
916 2325 971 2387 si
1020 2346 1153 2389 non
1209 2323 1381 2388 Galli
1430 2323 1572 2400 hoc,
1626 2322 1740 2387 sed
1788 2335 2036 2388 veteres
2090 2323 2305 2388 hostes

147 2433 187 2481 9
206 2424 229 2451 ‘
250 2410 470 2485 vestri,
504 2412 605 2473 Ae
654 2411 719 2474 ui
758 2408 1072 2487 Volscive,
1112 2410 1364 2484 faciant,
1412 2422 1487 2473 ut
1519 2410 1958 2495 commigrent
2009 2409 2304 2486 Romam,

156 2524 181 2557 ι
210 2508 229 2537 6
252 2495 549 2560 velitisne
598 2496 623 2559 i
667 2517 738 2560 os
774 2495 1120 2573 Romanos,
1155 2517 1267 2559 vos
1297 2494 1604 2559 Veientes
1645 2496 1830 2559 esse?
1919 2495 2032 2559 An
2075 2495 2308 2559 malitis

210 2594 231 2623 ‘
254 2583 425 2646 hanc
474 2581 883 2646 solitudinem
925 2594 1214 2657 vestram,
1260 2602 1453 2666 quam
1505 2580 1728 2644 urbem
1778 2580 2074 2656 hostium,
2119 2602 2256 2645 esse
2277 2581 2307 2643 ἲ

210 2680 229 2709 6
254 2690 393 2731 non
422 2666 723 2766 equidem
750 2666 957 2745 vide0,
988 2665 1147 2753 quid
1185 2665 1385 2752 magis
1423 2665 1600 2729 nefas
1637 2666 1734 2730 sit.
1829 2664 2012 2729 Haec
2051 2666 2306 2742 scelera,

210 2765 233 2793 ‘
258 2753 415 2839 quia
438 2775 485 2839 p
588 2766 617 2817 t
644 2752 997 2830 aedificare,
1030 2752 1187 2817 haec
1215 2749 1532 2816 dedecora
1557 2752 1690 2839 pati
1719 2751 1924 2839 parati
1953 2753 2147 2816 estis?
2239 2751 2308 2816 Si

214 2852 233 2879 6
260 2853 397 2903 tots
440 2775 595 2902 aiffa
640 2838 889 2902 nullum
936 2838 1163 2902 melius
1214 2837 1561 2924 ampliusve
1615 2850 1854 2903 tectum
1903 2837 2039 2902 fieri
2090 2838 2306 2924 possit,

158 2960 189 2991 2
212 2938 235 2965 ‘
258 2944 457 3011 quam
504 2946 647 2988 casa
696 2923 805 2988 ills
852 2923 1197 2989 conditoris
1244 2938 1341 2987 est
1385 2924 1623 3000 nostri3
1677 2946 1809 2988 non
1852 2924 1918 2987 in
1963 2924 2138 3003 casj8‚
2179 2924 2310 2988 ritu

214 3022 235 3052 6
258 3022 583 3098 pastorum
643 3010 1129 3097 agrestiumque,
1180 3009 1465 3074 habitare
1527 3020 1622 3073 est
1672 3010 1866 3074 satius
1914 3010 2082 3074 inter
2137 3032 2312 3075 sacra

216 3110 236 3137 ‘
261 3108 649 3184 penatesque
672 3109 929 3172 vestros,
954 3118 1145 3181 quam
1168 3095 1526 3161 exsulatum
1552 3096 1806 3182 publice
1839 3095 1977 3159 ire?
2031 3094 2310 3160 Maiores

218 3196 237 3223 6
260 3182 479 3259 nostri,
526 3204 847 3246 convenae
905 3194 1332 3268 pastoresque,
1382 3204 1584 3267 quum
1641 3182 1710 3244 in
1769 3180 1869 3243 his
1925 3181 2080 3245 locis
2125 3180 2308 3257 nihil,

217 3281 237 3308 ‘
259 3280 509 3355 praeter
547 3267 729 3333 silvas
767 3266 1179 3354 paludesque,
1210 3278 1395 3343 esset,
1426 3288 1658 3330 novam
1698 3266 1919 3329 urbem
1964 3278 2092 3328 tam
2134 3265 2310 3329 brevi

196 3518 203 3525 ·
288 3498 319 3545 8
354 3498 488 3545 Tune
496 3498 785 3557 faciendum
808 3497 1107 3557 musnet-it]
1136 3497 1233 3545 Pro
1300 3510 1567 3554 remanere,
1595 3494 1864 3544 dummodo
1896 3498 2084 3542 vestrae
2115 3494 2316 3543 ditionis

220 3570 341 3609 eune
364 3561 624 3621 legendum
658 3567 761 3609 tum
793 3566 961 3609 censet
983 3560 1134 3608 Doer.
1176 3565 1234 3608 ut
1298 3559 1378 3617 sit,
1420 3573 1570 3620 quam
1617 3557 1766 3605 incoli
1807 3563 1860 3606 et
1899 3557 2196 3617 stoquentari
2249 3558 2313 3606 ab

222 3621 1231 3735 ‘azroeffimaefassffisnffffl
1298 3620 1884 3735 ᾘῖἓὲεέώψ
1919 3621 2088 3668 ‘'³¹⁰⁰‘'
2125 3620 2223 3669 ‘¹³⁰³
2260 3628 2312 3670 θ’

224 3764 343 3813 pore
374 3750 591 3799 dicatur:
640 3751 723 3799 sed
762 3722 885 3798 hs⁹ee
915 3749 1085 3798 omnis
1118 3764 1236 3797 naso
1366 3764 1393 3797 α
1430 3750 1559 3798 Casa
1579 3750 1670 3797 wa
1689 3750 1972 3808 conditoris]
2004 3746 2086 3797 De
2107 3748 2200 3798 hae
2225 3748 2312 3797 Vi-

224 3812 369 3862 nimis
386 3820 533 3861 scuto
554 3813 861 3875 suspendisse
882 3814 1085 3862 videtur.
1300 3818 1424 3862 truv.
1448 3813 1512 3861 de
1535 3812 1683 3863 Arch.
1706 3810 1756 3861 ii.
1783 3826 1825 3861 1.
1847 3815 1972 3862 Item
1997 3814 2052 3860 ὄπ
2075 3814 2315 3875 Oapuolo‘o

290 3892 321 3941 9
350 3878 511 3939 Aoqm’
554 3878 788 3936 Volsos'vs]
834 3878 1049 3926 Caum
1083 3876 1231 3924 verio-
1298 3880 1702 3937 commonefacere
1749 3883 1906 3939 potest
1947 3884 1996 3926 st
2035 3878 2315 3939 simjfioars

228 3954 329 3989 rem
364 3940 511 3987 fuisse
549 3941 721 4001 liquet,
759 3956 846 3988 eur
884 3941 1077 3988 Romae
1118 3940 1231 3987 Veii
1296 3956 1452 3990 mores
1476 3942 1731 3990 vetustatis
1751 3942 1946 3989 Romuli
1975 3956 2089 3988 casa
2117 3942 2174 3987 ὄπ
2201 3954 2315 3988 ame

230 4002 491 4065 posthabiti
526 4003 641 4062 sint,
675 4004 805 4064 quod
838 4002 1055 4053 Romani
1088 4004 1229 4051 time*
1294 4020 1544 4053 mororum
1579 4006 1856 4054 stramentis
1889 4010 2029 4060 tecm,
2061 4016 2210 4063 quam
2243 4016 2315 4048 re-

230 4070 362 4125 bant,
380 4082 443 4114 ne
460 4067 621 4128 Aequi
640 4066 933 4116 Volseivein
950 4067 1114 4114 sedem
1137 4082 1169 4114 a
1190 4082 1241 4115 se
1304 4068 1469 4129 spexit
1492 4068 1628 4131 Vir-g.
1651 4068 1776 4116 Aen.
1797 4067 1897 4115 viii.
1921 4066 2030 4127 654.
2089 4065 2149 4113 cf.
2170 4063 2314 4112 Ovid.

230 4129 445 4178 relictam
480 4130 855 4192 commigrarent
898 4136 951 4178 et
982 4130 1239 4179 transitum
1307 4131 1439 4179 Fsst.
1462 4130 1532 4179 iii.
1561 4132 1665 4192 183.
1728 4130 2000 4178 Romulum
2027 4127 2092 4174 sd
2115 4126 2318 4187 pulchri

234 4192 421 4242 Tiberis
438 4193 529 4241 sibi
548 4194 876 4243 occludet-ent.
1304 4196 1461 4243 litoris
1478 4194 1658 4255 gradus
1681 4193 1814 4241 eires
1827 4194 2113 4239 descensum
2136 4202 2198 4235 ex
2223 4188 2314 4235 Pa-

296 4270 320 4303 -1
355 4258 441 4304 An
461 4258 667 4317 Meis]
711 4258 789 4306 An
824 4262 992 4305 eontra
1023 4257 1239 4319 placebit
1304 4258 1457 4305 latino
1478 4256 1530 4305 in
1549 4257 1751 4305 circum
1774 4253 2052 4304 Maximum
2075 4249 2316 4299 habitasse

234 4321 324 4369 hoc
344 4321 499 4368 solum
524 4321 688 4381 potius
710 4326 899 4369 vastum
922 4328 973 4369 et
994 4322 1235 4373 desertum
1302 4320 1469 4369 scribit
1490 4320 1626 4367 Plut.
1647 4320 1698 4367 in
1723 4319 1872 4366 Rom.
1895 4330 1970 4364 το.
