3000 4784
832 218 1025 288 LIB.
1074 222 1196 289 IX.
1265 222 1489 289 cAP.
1545 230 1644 291 13.
2165 230 2294 292 513

124 359 299 426 aed
340 380 541 448 prope
582 358 652 423 in
692 357 891 423 oculis
932 381 1107 425 esse:
1156 372 1223 425 et
1264 382 1405 426 sero
1444 382 1520 427 ac
1559 361 1984 449 nequicquam
2035 362 2292 429 laudare
2317 374 2384 424 U.
2407 373 2466 424 c.
2489 388 2602 437 434·

128 447 359 513 senis
388 445 609 511 Pontii
650 457 917 533 utraque
956 445 1259 523 consilia3
1304 447 1476 513 inter
1515 468 1680 535 quae
1723 471 1790 513 se
1835 448 2048 514 media
2087 448 2294 552 lapsos
2311 440 2375 489 Α·
2407 438 2468 489 c·
2491 441 2602 501 ³¹⁸·

130 533 491 598 victoriae
519 533 975 620 possessionem
1004 554 1160 633 pace
1190 533 1433 599 incerta
1460 546 1754 612 mutasse,
1785 548 1870 612 et,
1901 535 2198 601 beneficii
2227 550 2294 603 et

136 619 485 685 maleficii
530 620 861 684 occasione
908 640 1151 697 amissa,
1196 632 1588 707 pugnaturos
1633 644 1780 687 cum
1827 622 1923 699 iis,
1970 642 2132 709 quos
2177 646 2294 710 po-

138 706 431 771 tuerint
458 706 527 769 in
555 727 638 792 pe
756 718 937 770 tuum
959 704 1061 769 vel
1090 705 1379 771 inimicos
1408 706 1651 785 tollere,
1675 706 1772 773 vel
1806 707 2042 773 amicos
2062 708 2288 775 facere.

144 792 530 879 Adeoque,
561 814 607 855 n
698 792 897 856 odum
924 792 1269 857 certamine
1304 791 1625 858 inclinatis
1653 793 1910 871 viribus,
1940 806 2086 894 post
2117 794 2292 861 Cau-

142 879 409 943 dinam
574 900 677 942 em
726 878 927 943 animi
974 890 1393 957 mutaverant,
1444 892 1519 943 ut
1565 878 1890 944 clariorem
1939 892 2108 946 mter
2156 880 2292 947 Ro-

144 986 411 1029 manos
502 963 699 1029 editio
748 964 1170 1042 Postumium,
1218 986 1411 1052 quam
1463 964 1769 1030 Pontium
1821 966 2156 1031 incruenta
2195 968 2291 1033 vi-

150 1051 389 1115 ctoria
415 1051 585 1116 inter
618 1048 951 1129 Samnites,
972 1050 1241 1115 faceret:
1276 1063 1343 1115 et
1367 1051 1507 1139 geri
1535 1074 1716 1138 posse
1746 1052 1984 1117 bellum
2011 1052 2290 1119 Romani

152 1160 303 1225 pro
338 1136 607 1202 victoria
642 1149 816 1201 certa
851 1136 1201 1213 haberent3
1253 1136 1570 1203 Samnites
1611 1136 1801 1203 simul
1841 1138 2173 1204 rebellasse
2222 1155 2290 1206 et

154 1223 407 1289 vicisse
438 1222 771 1287 crederent
802 1222 1184 1288 Romanum.

90 1327 137 1375 8
272 1309 455 1375 Inter
483 1309 639 1374 haec
672 1308 981 1375 Satricani
1009 1308 1093 1375 ad
1124 1308 1441 1375 Samnites
1463 1309 1852 1389 defecerunt,
1875 1324 1942 1377 et
1965 1309 2287 1399 Fregellae

162 1395 439 1461 colonia
466 1396 845 1496 necopinato
868 1396 1149 1461 adventu
1182 1395 1565 1461 Samnitium
1587 1395 1808 1485 (fiiisse
1833 1410 1898 1463 et
1929 1396 2288 1465 Satricanos

164 1504 335 1547 cum
395 1482 475 1546 iis
522 1494 671 1547 satis
720 1481 997 1569 constat)
1048 1494 1235 1547 nocte
1290 1494 1599 1569 occupata
1647 1494 1760 1548 est.
1852 1483 2078 1549 Timor
2135 1484 2286 1550 inde

164 1582 449 1634 mutuus
504 1580 807 1655 utrosque
868 1590 1069 1655 usque
1130 1568 1214 1634 ad
1269 1567 1481 1633 lucem
1539 1568 1791 1669 quietos
1847 1571 2096 1636 tenuit:
2173 1570 2286 1636 lux

166 1678 441 1743 pugnae
485 1654 740 1720 initium
784 1655 947 1731 fuit3
1001 1676 1195 1741 quam
1242 1654 1636 1742 aliquamdiu
1681 1678 1968 1743 aequam,
2017 1671 2086 1722 et
2135 1658 2289 1744 quia

166 1764 301 1842 pro
340 1742 465 1805 aris
502 1763 575 1805 ac
617 1741 773 1806 focis
819 1740 1256 1819 dimicabam,
1292 1753 1361 1806 et
1394 1742 1550 1829 quia
1593 1762 1675 1807 ex
1721 1742 1906 1808 tectis
1949 1742 2289 1809 adiuvabat

172 1826 461 1894 imbellis
502 1826 867 1905 multitudo,
898 1838 1113 1892 tamen
1148 1826 1506 1915 Fregellani
1544 1828 1997 1895 sustinuerunt.
2089 1830 2286 1895 Fraus

173 1914 425 1979 deinde
468 1936 603 1979 rem
644 1912 991 1991 inclinavit,
1026 1913 1205 2000 quod
1242 1936 1463 1981 vocem
1503 1915 1712 1980 audiri
1749 1916 2079 2016 praeconis
2120 1918 2286 2004 passi

174 2013 373 2066 sunt:
414 2008 441 2039 ‘
460 1999 858 2065 Incolumem
887 2000 1227 2077 abiturum,
1258 2002 1372 2088 qui
1401 2024 1576 2066 arma
1603 2002 1952 2089 posuisset)
2017 2002 2116 2067 Ea
2141 2025 2286 2090 spes

176 2087 428 2153 remisit
454 2110 495 2152 a
518 2088 864 2152 certamine
904 2086 1165 2163 animos,
1195 2100 1264 2152 et
1299 2087 1532 2173 passim
1572 2110 1748 2151 arma
1783 2088 2000 2152 iactari
2038 2101 2280 2175 coepta.

177 2173 585 2239 Pertinacior
625 2196 771 2261 pars
814 2184 1055 2237 armata
1098 2194 1214 2260 per
1258 2194 1540 2237 aversam
1585 2184 1834 2260 portam
1881 2173 2129 2259 erupit;
2183 2184 2287 2237 tu-

178 2261 439 2347 tiorque
468 2260 547 2325 iis
574 2259 839 2325 audacia
864 2258 1005 2337 fuit,
1036 2280 1229 2346 quam
1257 2258 1552 2324 incautus
1581 2259 1664 2322 ad
1693 2257 2086 2323 credendum
2115 2272 2288 2325 cete-

176 2348 269 2411 ris
288 2368 521 2435 pavor:
554 2367 713 2434 quos
730 2344 1151 2412 circumdatos
1166 2344 1321 2433 igni,
1340 2344 1770 2432 nequicquam
1790 2343 1944 2410 deos
1959 2344 2286 2433 fidemque

178 2434 571 2511 invocantes,
608 2431 923 2498 Samnites
950 2444 1528 2497 concremaverunt.

272 2519 613 2598 Consules,
638 2519 808 2585 inter
826 2542 893 2583 se
922 2518 1138 2605 partiti
1166 2518 1542 2606 provincias,
1565 2518 1860 2605 Papirius
1887 2517 1958 2582 in
1981 2517 2044 2582 A
2091 2518 2286 2584 uliam

128 2598 267 2696 {ad
307 2606 647 2672 Luceriam
691 2605 917 2707 pergit,
948 2606 1059 2670 ubi
1102 2606 1352 2692 equites
1388 2604 1666 2671 Romani
1705 2603 1954 2689 obsides
2113 2603 2288 2669 Cau·-

180 2694 369 2758 dium
414 2691 547 2758 dati
592 2689 1148 2758 custodiebantur:
1216 2689 1532 2755 Publilius
1577 2692 1646 2755 in
1697 2690 1958 2755 Samnio
2007 2692 2288 2757 substitit

135 2806 163 2839 α
182 2780 487 2844 adversus
520 2777 847 2844 Caudinas
884 2777 907 2842 l
992 2778 1185 2843 'onea
1276 2776 1608 2843 Distendit
1649 2798 1726 2842 ea
1763 2798 1864 2841 res
1903 2776 2285 2842 Samnitium

182 2868 472 2943 animos3
520 2866 697 2953 quod
738 2888 859 2930 nec
901 2802 1011 2929 (ἶέ.
1020 2863 1359 2929 Luceriam
1400 2864 1514 2942 ire,
1551 2886 1634 2929 ne
1679 2863 1760 2928 ab
1803 2874 1984 2951 tergo
2025 2864 2288 2929 instaret

182 2952 405 3030 hostis,
446 2974 567 3018 nec
614 2974 891 3029 manere,
928 2974 1014 3016 ne
1062 2949 1337 3016 Luceria
1380 2949 1639 3015 interim
1685 2950 2098 3028 amitteretur,
2139 2951 2290 3016 satis

185 3039 527 3105 audebant.
622 3038 960 3125 Optimum
988 3036 1193 3101 visum
1232 3048 1330 3102 est
1367 3036 1765 3102 committere
1803 3058 1940 3102 rem
1975 3036 2286 3114 fortunae,

185 3138 253 3191 et
482 3124 499 3139 ⁰
584 3146 651 3189 re
704 3147 851 3189 cum
903 3122 1181 3188 Publilio
1238 3134 1579 3189 certamen.
1672 3121 1899 3209 Itaque
1957 3123 2029 3187 in
2084 3122 2288 3189 aciem

186 3212 405 3299 copias
460 3234 497 3275 e
544 3222 761 3276 ucunt.
854 3210 1181 3274 Adversus
1231 3230 1393 3295 quos
1443 3207 1758 3273 Publilius
1815 3207 2037 3272 consul
2086 3228 2287 3293 quum
2417 3214 2516 3274 13.

186 3297 603 3362 dimicaturus
658 3308 842 3373 esset,
894 3296 1067 3383 prius
1125 3292 1540 3380 alloquendos
1601 3292 1832 3357 milites
1892 3304 2081 3370 ratus,
2135 3314 2290 3358 con-
2307 3296 2502 3346 Proelia
2519 3296 2619 3345 vin-

186 3385 443 3449 cionem
489 3383 781 3448 advocari
826 3382 1021 3447 iussit.
1118 3379 1423 3445 Ceterum
1471 3379 1637 3444 sicut
1673 3378 1921 3465 ingenti
1967 3376 2286 3445 alacritate
2304 3368 2548 3473 ffiffioe,
2567 3440 2600 3474 a

186 3470 271 3535 ad
300 3469 687 3557 praetorium
714 3490 1095 3534 concursum
1129 3480 1245 3544 est,
1274 3466 1367 3531 ita
1398 3486 1550 3552 prae
1581 3464 1852 3529 clamore
1888 3466 2283 3551 poscentium
2305 3487 2537 3541 Publilio.

188 3578 472 3643 pugnam
532 3554 711 3623 nulla
759 3554 1119 3622 adhortatio
1170 3551 1568 3639 imperatoris
1632 3548 1851 3619 audita
1913 3563 2025 3619 est.
2120 3550 2287 3620 Suus

263 3784 295 3833 8
327 3784 603 3842 δαήσωιό]
660 3779 901 3833 Satricum
938 3779 1209 3841 antiquitus
1269 3776 1321 3827 in
1376 3776 1674 3827 Samnitium
1737 3783 2030 3841 potestatam
2086 3781 2292 3843 venisse,

192 3862 255 3897 ex
275 3846 475 3960 gig&
494 3846 691 3959 oppidils
707 3844 898 3959 {atinis
912 3850 1017 3893 erat
1021 3849 1209 3956 &5312
1272 3842 1497 3956 augeria
1528 3842 1579 3890 id
1611 3841 1781 3892 Livius
1802 3858 1901 3893 non
1933 3848 2289 3897 memoraverit.

326 3925 358 3959 o
458 3926 569 3959 rum
600 3926 659 3959 ve
816 3923 989 3957 uorum
1422 3941 1437 3955 .

193 3926 283 4023 gt.
362 3975 481 4031 Quo
512 3978 680 4023 autam
712 3924 935 4035 teffipore
968 3969 1209 4021 Satricani
1342 3984 1365 4019 1
1399 3972 1609 4034 Equites
1627 3972 1862 4031 Romani]
1899 3970 2024 4031 Qui,
2043 3975 2100 4019 ut
2121 3978 2290 4021 monet

196 4040 327 4087 cives
356 4037 570 4087 Romani
602 4036 721 4086 facti
750 4037 949 4095 fuerint,
982 4034 1093 4084 infr.
1132 4032 1205 4083 16.
1274 4032 1533 4096 Appianas
1554 4050 1601 4096 p.
1627 4047 1704 4097 51.
1737 4042 1972 4095 tanquam
2006 4034 2170 4094 ὅμηρα,
2204 4032 2291 4083 ἕως

194 4108 357 4151 noster
376 4102 539 4150 dicere
561 4100 737 4149 omisit.
1273 4096 1394 4146 has
1426 4098 1453 4144 ὁ
1492 4100 1636 4155 ἦμος
1673 4095 1951 4160 ἐπιψηφίσῃ,
1983 4112 2014 4145 a
2050 4096 2292 4146 Romanis

258 4182 291 4230 9
314 4167 401 4214 Ad
418 4167 702 4225 mam]
730 4164 873 4227 Supr.
890 4178 933 4213 α.
950 4168 1067 4211 ante
1078 4162 1209 4211 Cau·
1272 4161 1441 4210 tmditi
1462 4168 1616 4211 erant.

198 4229 363 4279 dinam
395 4244 569 4291 paoem
592 4228 823 4278 Lucerini
844 4227 1076 4276 dicuntur
1095 4224 1211 4273 boni
1348 4240 1377 4272 2
1412 4224 1664 4275 Caudinas
1695 4228 1742 4274 le
1777 4224 1932 4284 ‘onesJ
1997 4222 2292 4273 Samnitium

200 4292 463 4354 fidelesque
480 4294 818 4343 Romanorum
838 4290 970 4340 socii.
1020 4290 1119 4339 Sed
1142 4288 1213 4338 ni·
1278 4286 1566 4346 exercitum,
1586 4288 1670 4350 qui
1691 4242 2024 4337 asoaudium
2057 4302 2160 4336 rem
2187 4304 2294 4351 ges-

203 4357 375 4405 mirum
410 4356 783 4417 intelligendum
822 4362 894 4403 est
931 4368 1015 4403 eos
1046 4360 1217 4415 postea
1279 4355 1421 4400 serat.
1456 4350 1618 4400 cuv.

290 4438 437 4484 von.
472 4439 515 4483 1.
1857 4434 1896 4475 1.
1927 4414 1950 4477 1
