3000 4784
736 194 870 259 240
1434 204 1441 211 ·
1484 188 1732 259 ’ΤΙΤΙ
1785 188 2059 259 L1v11

406 338 479 452 i:
500 338 561 454 ἓ
586 338 697 466 222:
734 339 1218 489 ssim
1250 322 2651 497 sffiflssffssafflawffiffi
2685 334 2864 473 εἰ

736 506 757 535 ‘
777 497 977 573 stricti
1006 497 1253 585 legibus
1279 496 1363 565 de
1390 499 1838 586 provocatione
1868 499 1966 564 ad'
1979 434 2456 563 diffiniti-'ndum
2496 494 2862 581 imperium
2946 538 2947 543 κ

736 592 757 623 ‘
777 583 941 660 latis,
994 606 1401 671 nequaquam
1454 597 1702 651 tantum
1746 583 1976 650 virium
2027 584 2098 650 in
2150 583 2522 669 magistratu
2567 580 2653 646 ad
2697 603 2864 645 oem

735 677 756 708 ‘
776 692 916 735 rem⁴
938 692 1055 757 pro
1084 670 1409 737 atrocitate
1432 670 1900 747 vindicandam,
1923 681 2236 757 quantum
2265 667 2481 746 animi,
2507 667 2860 731 haberent.

736 764 759 793 ‘
784 754 967 843 Opus
996 778 1131 821 esse
1171 778 1305 821 non
1328 755 1475 821 forti
1505 755 1710 821 solum
1736 758 1893 833 viro,
1923 756 2038 821 sed
2065 756 2258 820 etiam
2287 754 2490 821 libero
2516 752 2866 818 exsoluto·
2882 774 2910 821 3
2946 774 2947 827 ξ

738 850 759 881 ‘
826 864 906 907 ue
944 840 1161 928 legum
1194 842 1481 907 vinculis.
1572 840 1802 929 Itaque
1831 864 1899 907 se
1929 841 2306 907 dictatorem
2335 838 2414 905 L.
2453 837 2866 915 Quinctium

738 936 759 965 ‘
828 927 1134 993 ‘cturumz
1182 927 1273 992 ibi
1301 928 1584 993 animum
1613 950 1832 1015 parem
1861 940 2074 993 tantae
2104 925 2404 1014 potestati
2429 924 2608 991 esse.’
2701 924 2864 1024 Ap—

730 1013 1149 1103 probantibus
1191 1014 1457 1089 cunctis,
1500 1014 1708 1101 primo
1757 1012 2104 1091 Quinctius
2145 1012 2462 1079 abnuere:
2517 1022 2606 1087 et,
2640 1018 2662 1049 ‘
2677 1010 2862 1110 quid

738 1108 759 1137 ‘
780 1099 899 1163 sibi
933 1097 1211 1175 vellent‚’
1238 1099 1532 1186 rogitare,
1566 1108 1585 1138 ‘
1601 1099 1716 1186 qui
1757 1122 1826 1165 se
1869 1110 2076 1165 aetate
2119 1111 2344 1163 exacta
2386 1108 2604 1163 tantae
2643 1095 2864 1161 dimi-

740 1193 759 1223 ‘
780 1185 1013 1251 cationi
1036 1185 1424 1251 obiicerent'
1485 1184 1680 1263 Dein,
1701 1208 1900 1271 quum
1925 1184 2210 1285 undique
2241 1183 2386 1283 plus
2413 1184 2483 1249 in
2511 1182 2623 1247 illo
2651 1182 2862 1247 senili

736 1271 951 1337 animo
993 1293 1121 1335 non
1164 1270 1409 1337 consilii
1453 1270 1664 1348 modo,
1693 1271 1810 1335 sed
1837 1270 2034 1337 etiam
2059 1282 2311 1335 virtutis
2339 1292 2495 1345 esse,
2525 1290 2734 1355 quam
2783 1268 2862 1333 in

738 1357 1031 1424 omnibus
1060 1356 1197 1423 aliis
1225 1357 1531 1434 dicerent,
1560 1356 1982 1443 laudibusque
2025 1355 2201 1425 haud
2241 1355 2571 1421 immeritis
2611 1377 2860 1419 onera-

736 1456 900 1518 rent,
932 1456 999 1507 et
1024 1442 1246 1509 consul
1286 1441 1446 1507 nihil
1487 1442 1877 1518 remitteret3
1923 1456 2216 1529 precatus
2243 1441 2504 1507 tandem
2530 1440 2695 1505 deos
2725 1440 2860 1505 im-

409 1530 621 1605 thur
738 1528 1033 1593 mortales
1056 1527 1495 1605 Cincinnatus,
1523 1552 1604 1595 ne
1633 1541 1924 1595 senectus
1953 1551 2069 1593 sua
2095 1528 2165 1591 in
2194 1541 2326 1593 tam
2355 1526 2620 1614 trepidis
2647 1528 2860 1591 rebus

408 1594 673 1708 gffifitga-
738 1613 979 1677 damno
1002 1612 1377 1678 dedecorive
1419 1614 1804 1701 reipublicae
1841 1626 2022 1691 esset,
2053 1613 2326 1679 dictator
2367 1636 2408 1679 a
2448 1612 2718 1677 consule
2751 1613 2862 1677 di-

342 1712 349 1723 ·
410 1726 505 1771 ιη..
736 1699 937 1763 citur:
984 1697 1122 1797 ipse
1158 1698 1393 1763 deinde
1426 1698 1504 1763 C.
1543 1700 1878 1765 Servilium
1919 1700 2194 1765 Ahalam
2239 1698 2612 1786 magistrum
2655 1701 2862 1785 equi-

520 1788 618 1847 14.
740 1796 877 1851 tuni
912 1782 1085 1849 dic1t.
1180 1783 1442 1849 Postero
1480 1784 1608 1862 die,
1650 1785 1968 1873 dispositis
2009 1785 2356 1872 praesidiiS,
2387 1807 2590 1871 quum
2633 1784 2712 1849 in
2753 1786 2858 1849 so·-

736 1892 879 1935 rum
922 1868 1372 1946 descendisset,
1417 1893 1846 1957 conversaque
1891 1871 1960 1937 in
2002 1894 2153 1937 eum
2196 1870 2374 1958 plebs
2417 1870 2706 1935 novitate
2755 1872 2852 1937 rei

736 1977 811 2021 ac
840 1953 1145 2021 miraculo
1176 1969 1359 2034 esset,
1390 1969 1457 2021 et
1486 1955 1794 2023 Maeliani
1833 1970 2024 2044 atque
2060 1956 2200 2044 ipse
2227 1957 2362 2021 dux
2389 1978 2612 2021 eorum
2655 1955 2736 2021 iri
2783 1981 2856 2023 se

737 2041 1050 2108 intentam
1071 2041 1203 2105 vim
1232 2042 1392 2107 tanti
1420 2042 1666 2129 imperii
1701 2056 2069 2119 cernerent3
2113 2055 2407 2129 expertes
2425 2042 2858 2109 consiliorum

738 2127 938 2214 regni,
972 2135 993 2165 ‘
1010 2128 1123 2213 qui
1153 2126 1479 2206 tumultus,
1513 2127 1688 2215 quod
1729 2128 1967 2193 bellum
2010 2150 2259 2216 repenS,
2289 2142 2402 2193 aut
2439 2127 2858 2194 dictatoriam

742 2221 761 2251 ‘
779 2214 1193 2290 maiestatem,
1228 2227 1339 2278 aut
1372 2214 1752 2289 Quinctium
1780 2228 1926 2301 post
1959 2214 2416 2301 octogesimum
2456 2237 2704 2279 annum
2747 2239 2856 2281 re·

741 2308 760 2337 ‘
781 2312 1022 2365 ctorem
1044 2299 1425 2399 reipublicae
1448 2300 1832 2387 quaesisset:
1859 2300 2240 2387 rogitarent3
2271 2300 2498 2366 missus
2525 2301 2608 2364 ab
2637 2301 2858 2367 dicta-

412 2396 628 2447 Maelius
648 2398 713 2447 ad
738 2394 893 2453 tore'
922 2384 1225 2451 Servilius
1266 2386 1564 2473 magister
1605 2385 1896 2472 equitum
1939 2386 2022 2451 ad
2067 2386 2398 2463 Maelium,
2443 2394 2464 2425 ‘
2482 2386 2692 2453 Vocat
2743 2388 2853 2465 te‚’

411 2477 525 2510 ⁰⁰¹⁸
549 2478 685 2511 voca-
738 2472 967 2560 inquit,
1001 2480 1021 2510 ⁶
1038 2472 1344 2539 dictator.'
1435 2472 1658 2547 Quum
1694 2472 1962 2558 pavidus
1997 2472 2124 2549 ille,
2159 2481 2180 2511 ‘
2195 2472 2356 2560 quid
2383 2472 2613 2551 vellet‚’
2641 2497 2854 2560 quae-

410 2532 508 2575 tur.
738 2571 943 2635 reret3
1017 2557 1243 2623 Servili
1364 2580 1445 2623 ue
1500 2567 1521 2597 ‘
1541 2580 1790 2623 causam
1843 2558 2183 2623 dicendam
2233 2558 2384 2625 aese’
2475 2574 2850 2646 reponeret,

743 2653 762 2682 ‘
782 2644 1173 2730 crimenque,
1204 2581 1566 2711 alffinucio
1605 2643 1889 2709 delatum
1931 2643 2014 2711 ad
2057 2658 2369 2722 senatum,
2445 2644 2794 2711 iluendum
2811 2648 2850 2723 3'

741 2743 895 2795 tunc
926 2728 1201 2795 Maelius
1244 2731 1522 2816 recipere
1567 2753 1634 2795 se
1679 2730 1748 2794 in
1791 2744 2107 2795 catervam
2149 2752 2430 2808 suorum,
2460 2743 2528 2795 et
2559 2731 2848 2831 primum

739 2815 1270 2913 circumspectans
1300 2816 1720 2902 tergiversari:
1768 2830 2106 2903 postremo,
2130 2839 2330 2904 quum
2361 2831 2686 2904 apparitor
2715 2819 2848 2885 ius-

740 2920 817 2963 su
866 2899 1147 2984 magistri
1196 2901 1489 2985 equitum
1539 2902 1824 2979 duceret,
1869 2916 2125 3002 ereptus
2175 2926 2215 2967 a
2261 2903 2848 2981 circumstantibus,

739 2982 1136 3070 fugiensque,
1167 2984 1363 3049 fidem
1435 2985 1594 3053 lebis
1625 2987 1954 3053 Romanae
1983 2988 2338 3075 implorare,
2369 3002 2438 3053 et
2465 2990 2748 3076 opprimi
2777 3016 2846 3057 se

740 3091 1051 3135 consensu
1072 3070 1335 3135 Petrum
1409 3072 1590 3149 cere,
1615 3074 1792 3159 quod
1821 3073 1993 3174 plebi
2021 3074 2298 3160 benigne
2318 3074 2595 3140 fecisset:
2639 3100 2844 3154 orare,

740 3169 815 3221 ut
842 3178 1029 3245 opem
1063 3157 1183 3223 sibi
1218 3156 1442 3223 ultimo
1471 3158 1540 3223 in
1569 3158 1932 3225 discrimine
1961 3160 2218 3237 ferrent,
2249 3182 2412 3225 neve
2439 3173 2590 3226 ante
2621 3164 2846 3229 oculos

338 3294 347 3297 .
415 3250 683 3302 Occiditur.
739 3265 885 3307 suos
923 3243 1222 3309 trucidari
1254 3244 1553 3311 sinerent.
1647 3244 1828 3311 Haec
1857 3268 2008 3311 eum
2035 3246 2485 3311 vociferantem
2513 3264 2845 3315 assecutus

742 3328 951 3393 Ahala
983 3329 1283 3395 Servilius
1311 3331 1680 3395 obtruncat:
1727 3352 2172 3417 respersusque
2203 3354 2426 3397 cruore
2455 3332 2841 3411 obtruncati,

739 3413 1007 3500 stipatus
1048 3430 1299 3481 caterva
1338 3417 1748 3502 patriciorum
1788 3416 2112 3493 iuvenum,
2153 3416 2448 3483 dictatori
2490 3422 2842 3498 renuntiat,

738 3512 1032 3565 vocatum
1070 3502 1153 3567 ad
1197 3524 1347 3567 eum
1376 3501 1712 3591 Maelium,
1743 3502 1995 3588 repulso
2023 3503 2378 3589 apparitore
2405 3505 2842 3573 concitantem

740 3584 1235 3664 multitudinem,
1282 3610 1562 3703 poenam
1617 3588 1907 3655 meritam
1958 3588 2210 3655 habere.
2317 3588 2491 3655 Tum
2541 3590 2840 3669 dictator,

742 3678 761 3708 ‘
780 3668 997 3737 Macte
1026 3673 1277 3750 virtute,
1326 3674 1558 3761 inquit,
1589 3682 1608 3712 ‘
1630 3673 1710 3738 C.
1733 3672 1980 3751 Servili,
2003 3688 2159 3752 esto,
2183 3674 2448 3741 liberata
2475 3678 2882 3763 republican

814 3922 841 3969 3
882 3905 1055 3955 Libero
1113 3908 1446 3983 exsolutoque]
1535 3906 1614 3955 Ex
1679 3906 1756 3955 liis
1819 3912 1945 3956 tasse
1975 3907 2082 3970 lege
2112 3906 2202 3957 illa
2232 3908 2474 3959 sancitum
2507 3910 2586 3961 ius
2616 3915 2840 3965 nonduin

740 3970 965 4027 Quinctii
1000 3970 1155 4018 verbis
1192 3972 1353 4033 colligi
1390 3986 1531 4033 posse
1565 3971 1757 4019 videtur
1817 3986 1908 4031 pro
1939 3972 2134 4019 firmato
2164 3974 2342 4033 stabat,
2363 3989 2524 4035 neque
2554 3976 2722 4027 adhuc
2757 3996 2838 4042 po-

738 4050 771 4083 a
808 4035 1044 4083 dictatore
1085 4040 1205 4082 tunc
1250 4034 1643 4096 provocationem
1688 4036 1751 4083 ad
1817 4040 1978 4083 tuerat
2009 4035 2280 4097 antiquitus
2311 4038 2605 4099 assignatam
2628 4041 2839 4092 dictatu-

738 4099 979 4174 populum
1018 4113 1116 4147 non
1151 4097 1313 4149 fuisse.
1392 4098 1585 4147 Tamen
1619 4114 1750 4160 supr.
1816 4112 1900 4147 ras
1921 4097 2230 4149 maiestatem
2251 4100 2558 4151 imminuere.
2593 4104 2762 4155 Gur.

736 4162 805 4211 iii.
830 4174 908 4224 55.
936 4162 1088 4211 latam
1120 4176 1224 4210 esse
1256 4162 1413 4224 legem
1449 4162 1622 4211 Livius
1652 4177 1751 4209 ine-
1881 4180 1912 4223 4
1943 4165 2114 4213 Macte
2138 4166 2347 4224 wirma]
2401 4164 2483 4215 Ita
2513 4167 2718 4227 quidem
2753 4186 2838 4233 po-

599 4250 623 4267 n
736 4231 915 4285 morat,
950 4226 1031 4275 Ne
1066 4226 1177 4287 quis
1212 4226 1369 4273 ullum
1408 4227 1752 4285 misti-atum
1814 4226 1952 4273 stetis
1976 4226 2104 4275 visus
2127 4232 2200 4277 est
2221 4228 2386 4277 Ahala
2415 4228 2664 4291 singulare
2691 4232 2836 4283 virm-

738 4288 844 4346 qino
862 4289 1199 4347 provocatione
1214 4295 1415 4337 maret.
1452 4287 1640 4337 vei-um
1657 4288 1749 4337 for-
1815 4288 1878 4337 tis
1899 4288 2056 4339 civili·
2077 4292 2362 4352 exemplum
2383 4292 2612 4351 edidine,
2633 4298 2724 4345 aed
2757 4314 2834 4346 ae-
