3000 4784
886 231 1079 306 LIB.
1124 231 1253 298 IX.
1319 231 1548 304 CAP.
1595 239 1702 300 38.
2210 239 2342 301 543

181 379 549 456 metuque
590 366 663 432 in
702 389 935 455 magno
976 367 1303 434 civitatem
1346 367 1560 446 fixisse,
1603 389 1689 433 ne
1733 367 2114 436 interclusus
2159 391 2344 436 exer·
2363 397 2432 450 U.
2455 399 2513 449 ο,
2537 415 2649 462 444·

184 454 407 520 citus
434 467 567 520 tam
595 454 827 520 infesto
865 453 1050 532 saltu,
1081 455 1313 520 coortis
1340 454 1629 542 undique
1670 454 1900 520 Tuscis
1930 454 2342 544 Umbrisque,
2361 465 2424 515 A.
2455 465 2517 517 0.
2541 465 2654 528 308·

188 541 721 628 opprimeretur.
816 539 968 619 Sed,
992 540 1365 628 ubicunque
1392 553 1752 629 pugnatum
1781 551 1896 620 est,
1920 563 2022 606 res
2053 541 2348 608 Romana

106 649 167 694 4
196 626 527 714 superior
574 625 731 692 fuit:
793 627 816 690 i
928 650 1009 693 ue
1063 650 1103 691 a
1150 627 1433 704 Perusia,
1479 641 1548 693 et
1602 627 1908 706 Cortona,
1954 641 2022 694 et
2065 629 2344 707 Arretio,

200 735 407 800 quae
436 713 633 778 ferme
663 735 739 778 ca
781 715 893 778 ita‘
964 714 1195 779 truriae
1218 713 1600 802 populorum
1629 735 1710 778 ea
1735 727 2108 801 tempestate
2138 728 2342 794 erant,

200 799 457 900 legati,
486 821 711 886 pacem
764 799 1089 886 oedusque
1134 801 1215 865 ab
1260 799 1572 865 Romanis
1606 813 1916 888 petentes,
1948 799 2230 866 indutias
2272 800 2344 866 in

200 897 503 1034 tnffimta
528 907 731 950 annos
756 885 846 949 im
930 897 1271 950 traverunt.

398 993 509 1035 um
546 971 707 1036 haec
734 972 805 1036 in
916 972 1113 1036 trin-ia
1138 969 1466 1072 geruntur,
1496 969 1720 1037 consul
1747 971 1910 1036 alter
1952 969 2030 1036 C.
2059 970 2342 1038 Marcius
2456 979 2559 1042 38.

210 1055 505 1122 Rutilus
536 1055 762 1122 Allifas
791 1058 871 1122 de
906 1056 1297 1124 Samnitibus
1318 1058 1385 1122 vi
1412 1058 1602 1146 cepit.
1693 1057 1910 1122 Multa
1935 1056 2060 1123 alia
2087 1059 2344 1124 castella

208 1144 515 1230 vicique,
560 1155 674 1208 aut
718 1143 935 1208 deleta
988 1143 1319 1222 hostiliter,
1367 1156 1481 1208 aut
1537 1143 1782 1230 integra
1839 1143 1908 1208 in
1959 1157 2340 1232 potestatem

210 1251 489 1296 venere.
578 1229 708 1295 Per
726 1229 900 1294 idem
928 1242 1183 1318 tempus
1204 1243 1273 1295 et
1290 1230 1506 1296 classis
1527 1229 1822 1294 Romana
1841 1253 1882 1294 a
1908 1229 1982 1294 P.
2013 1227 2336 1309 Corneli0,
2356 1243 2540 1295 clanis
2567 1243 2669 1296 Ro-

222 1337 439 1402 quem
477 1329 733 1380 senatus
774 1316 1127 1382 maritimae
1172 1339 1319 1382 orae
1362 1316 1770 1403 praefecerat,
1802 1316 1870 1380 in
1919 1314 2340 1402 Campaniam
2355 1323 2520 1361 ”²⁸⁰⁸-

140 1423 189 1475 5
218 1413 399 1480 aeta,
430 1424 631 1488 quum
659 1401 925 1490 appulsa
964 1401 1308 1490 Pompeios
1336 1413 1536 1479 esset3
1584 1401 1739 1466 socii
1765 1401 1920 1466 inde
1963 1402 2216 1466 navales
2255 1403 2341 1468 ad

218 1487 765 1576 depopulandum
736 1510 1015 1640 ¹*effirum
1034 1487 1437 1553 Nucerinum
1465 1487 2080 1638 profecti,‹proximis
2107 1489 2338 1574 raptim

218 1574 511 1652 vastatis,
533 1574 706 1640 unde
874 1587 978 1640 tus
1007 1587 1183 1640 tutus
1209 1575 1293 1640 ad
1320 1595 1514 1639 naves
1541 1586 1725 1651 esset,
1803 1573 2118 1652 ulcedine,
2141 1587 2217 1639 ut
2243 1574 2338 1652 fit,

218 1659 511 1748 praedae
566 1659 819 1747 longius
874 1661 1205 1748 progressi,
1258 1661 1548 1726 excivere
1607 1660 1836 1726 hostes.
1927 1659 2166 1725 Palatia
2223 1683 2342 1748 per

222 1768 423 1834 agros
450 1768 641 1812 nemo
670 1747 893 1812 obvius
914 1748 1055 1825 fuit,
1079 1769 1281 1834 quum
1310 1747 1638 1812 occidione
1669 1746 1876 1812 occidi
1895 1759 2196 1834 possent:
2239 1769 2342 1812 re-

226 1832 513 1898 deuntes
580 1833 833 1920 agmine
890 1832 1149 1900 incauto
1216 1833 1391 1899 haud
1447 1832 1671 1921 procul
1738 1833 2005 1899 navibus
2071 1833 2344 1898 assecuti

226 1931 515 2006 agrestes
552 1932 871 1984 exuerunt
912 1919 1167 2006 praeda,
1376 1943 1441 1985 m
1482 1920 1676 1985 etiam
1719 1920 2126 1986 occiderunt:
2174 1942 2340 2007 quae

228 2026 265 2070 s
398 2003 552 2069 rfuit
577 2005 779 2083 caedi,
812 2017 907 2070 tre
953 2006 1060 2071 ida
1086 2029 1153 2070 m
1223 2006 1431 2071 titudo
1460 2007 1544 2070 ad
1573 2027 1764 2071 naves
1792 2005 2119 2094 compulsa
2145 2020 2258 2070 est.

383 2091 645 2156 refectio
720 2090 803 2168 Q.
837 2029 1019 2157 deii
1086 2105 1258 2158 trans
1330 2091 1680 2156 Ciminiam
1747 2091 1968 2156 silvam
2026 2103 2340 2178 quantum

230 2177 488 2242 Romae
510 2191 813 2243 terrorem
844 2179 1094 2257 fecerat,
1120 2192 1250 2244 tam
1280 2177 1512 2242 laetam
1532 2177 1766 2242 samam
1793 2177 1862 2240 in
1897 2175 2228 2241 Samnium
2255 2176 2340 2240 ad

226 2263 453 2329 hostes
480 2263 745 2330 tulerat:
796 2264 1247 2330 ‘interclusum
1272 2263 1638 2329 Romanum
1667 2261 2018 2327 exercitum
2041 2261 2338 2338 obsideri,

232 2357 256 2390 ‘
276 2349 603 2436 cladisque
673 2350 1019 2436 imaginem
1091 2349 1393 2416 Furculas
1470 2347 1823 2414 Caudinas’
1881 2347 2336 2413 memorabant.

232 2443 256 2476 ‘
275 2433 525 2500 Eadem
574 2435 927 2504 temeritate
970 2437 1221 2502 avidam
1260 2436 1632 2500 ulteriorum
1675 2455 1927 2522 semper
1970 2445 2230 2520 gentem
2269 2433 2342 2498 in

233 2530 257 2563 ‘
276 2520 477 2586 saltus
502 2521 709 2587 invios
736 2521 1097 2600 deductam,
1121 2533 1405 2609 saeptam
1433 2543 1568 2584 non
1588 2519 1867 2585 hostium
1898 2520 2098 2605 magis
2125 2518 2338 2597 armis,

233 2616 257 2649 ‘
279 2629 477 2695 quam
511 2606 796 2673 locorum
835 2607 1279 2694 iniquitatibus
1308 2607 1485 2672 esse?
1572 2605 1710 2670 Iam
1748 2605 2058 2694 gaudium
2097 2604 2342 2670 invidia

232 2693 515 2781 quadam
542 2694 941 2772 miscebatur,
974 2693 1153 2782 quod
1192 2692 1347 2759 belli
1379 2692 1658 2758 Romani
1686 2691 1882 2758 decus
1911 2691 1990 2756 ab
2035 2689 2342 2755 Samniti-

230 2781 357 2846 bus
382 2779 641 2845 fortuna
680 2779 761 2844 ad
808 2779 1109 2846 Etruscos
1137 2779 1477 2845 avertisset,
1569 2778 1796 2865 Itaque
1841 2776 2032 2843 armis
2059 2776 2338 2863 virisque

232 2865 321 2932 ad
342 2865 768 2932 obterendum
792 2865 871 2930 C.
892 2866 1215 2932 Marcium
1230 2865 1558 2932 consulem
1581 2875 2004 2940 concurrunt3
2095 2863 2344 2928 rotinus

232 2951 391 3016 inde
434 2951 757 3017 Etruriam
784 2974 901 3040 per
944 2951 1194 3026 Marsos
1221 2975 1295 3020 ac
1339 2951 1608 3018 Sabinos
1645 2950 1928 3039 petituri,
1957 2950 2012 3015 si
2135 2949 2342 3014 arcius

234 3036 588 3103 dimicandi
629 3049 1007 3126 potestatem
1052 3061 1185 3106 non
1225 3039 1431 3105 faciat.
1527 3037 1771 3104 Obvius
1813 3037 1892 3102 iis
1933 3036 2155 3102 consul
2197 3035 2336 3100 fuit.

233 3123 637 3190 Dimicatum
677 3124 919 3211 proelio
962 3126 1283 3212 utrimque
1328 3125 1548 3202 atroci,
1579 3147 1618 3189 a
1691 3147 1772 3188 ue
1815 3124 2060 3189 incerto
2105 3133 2339 3186 eventu
2356 3133 2555 3209 Anceps

233 3222 373 3275 est:
435 3223 503 3276 et
598 3233 755 3275 uum
806 3233 1039 3298 anceps
1084 3211 1310 3276 caedes
1350 3211 1594 3288 fuisset,
1715 3231 1926 3273 versae
1979 3221 2194 3272 tamen
2244 3207 2340 3270 rei
2355 3198 2632 3310 Pmffi

232 3297 409 3362 fama
452 3297 521 3360 in
642 3318 901 3362 omanos
950 3298 1161 3374 vertit,
1210 3298 1293 3361 ob
1352 3296 1612 3361 amissos
1662 3293 1972 3381 quosdam
2029 3292 2340 3380 equestris
2355 3275 2552 3376 fultssun.

234 3381 499 3460 ordinis,
524 3382 739 3448 tribun
856 3407 937 3449 ue
960 3383 1253 3461 militum,
1278 3395 1473 3483 atque
1496 3403 1698 3446 unum
1719 3379 2022 3466 legatum,
2047 3390 2114 3444 et
2131 3377 2340 3466 (quod

232 3468 488 3556 insigne
519 3469 795 3535 maxime
840 3469 965 3556 uit)
982 3469 1258 3536 consulis
1279 3470 1478 3556 ipsius
1497 3467 1746 3532 vulnus.
1841 3464 1947 3531 Ob
1970 3465 2128 3530 haec
2146 3463 2342 3530 etiam

235 3567 431 3620 aucta
470 3555 656 3632 fama,
687 3567 763 3621 ut
804 3554 983 3635 solet,
1014 3557 1241 3643 ingens
1284 3568 1487 3621 terror
1529 3553 1750 3618 Patres
1794 3551 2040 3629 invasit,
2073 3550 2340 3615 dictato-

234 3663 504 3728 remque
534 3641 663 3706 dici
691 3641 1015 3729 placebat:
1064 3664 1203 3722 nec,
1226 3642 1387 3729 quin
1420 3639 1663 3707 Cursor
1683 3638 1978 3726 Papirius
1999 3636 2338 3716 diceretur,

300 3914 331 3958 4
354 3896 592 3956 Cortona]
609 3895 777 3952 Quam
793 3911 855 3945 ex
868 3909 1072 3942 numero
1086 3894 1259 3942 decem
1324 3893 1451 3941 lites.
1512 3891 1628 3940 vid.
1667 3891 1778 3941 infr.
1816 3891 1920 3940 xxi.
1959 3907 2036 3957 49.
2125 3891 2206 3938 Ex
2247 3891 2344 3938 hoc

238 3960 437 4008 urbium
458 3959 683 4008 Etruriae
700 3959 810 4008 inst.
828 3958 997 4008 xxviii.
1014 3971 1091 4020 45.
1114 3957 1259 4005 inter·
1325 3955 1525 4004 nomine
1568 3956 1700 4018 quod
1751 3955 1803 4003 in
1859 3971 1950 4003 usu
2005 3967 2208 4026 semper.
2241 3967 2344 4000 ma-

240 4023 418 4072 cidisse
449 4023 773 4072 admiratione
798 4023 1011 4085 quadam
1044 4020 1261 4069 animad-
1326 4021 1491 4078 nebat,
1527 4019 1729 4067 forsitan
1768 4018 2004 4067 coniicere
2042 4017 2232 4063 licuerit
2269 4030 2342 4062 so-

240 4087 390 4136 vertit
422 4085 742 4145 Niebuhriua
767 4091 916 4148 atque
944 4084 1127 4134 idcirco
1156 4099 1260 4132 mu·
1327 4083 1427 4132 cios
1450 4085 1703 4131 Romanos
1723 4087 1782 4130 ut
1799 4097 1932 4144 supr.
1958 4093 2034 4140 30.
2057 4092 2206 4151 naves
2231 4093 2340 4139 sup-

241 4150 483 4213 nicipium
518 4151 802 4199 Romanum
836 4149 1127 4212 iampridem
1163 4148 1261 4196 fac·
1328 4147 1587 4210 peditam,
1604 4145 1780 4208 quibus
1801 4147 1950 4193 duces
1970 4143 2184 4192 Romam
2209 4155 2348 4202 prae-

242 4221 347 4263 tam
368 4214 519 4262 fuisoe
540 4219 725 4272 censet,
744 4213 777 4261 i.
800 4229 847 4261 n.
869 4211 979 4276 369.
1330 4211 1606 4258 ficei-entur.

206 4335 217 4344 Ι
309 4293 339 4340 5
368 4279 500 4327 Socii
522 4313 537 4328 .
560 4312 574 4327 .
596 4313 611 4328 .
632 4279 859 4336 navales]
904 4275 1151 4328 classiarii
1173 4274 1263 4322 mi·
