3000 4784
865 173 1057 243 LIB.
1105 177 1229 246 111.
1290 176 1512 243 cAP.
1560 182 1663 244 50.
2191 186 2314 247 199

250 309 703 387 rovidend'um‚
734 335 818 376 ne
848 312 1008 397 quid
1036 312 1314 399 virginii
1342 312 1652 377 adventus
1688 314 1758 377 in
1787 313 2070 378 exercitu
2099 326 2310 379 motus
2327 326 2395 377 U.
2419 326 2478 377 O.
2505 338 2614 388 3054

198 332 469 460 gestet.
562 397 788 484 Itaque
820 399 991 462 missi
1020 399 1298 463 iuniores
1325 399 1590 463 Patrum
1621 400 1688 463 in
1722 411 1942 475 castra,
1973 422 2138 485 quae
2169 412 2308 463 tum
2327 393 2386 441 A.
2421 389 2479 440 Ο·
2504 400 2614 450 ⁴4⁷·

152 484 185 536 7
203 481 281 544 in
310 496 535 546 monte
566 484 817 547 Vecilio
846 496 1047 560 erant,
1078 485 1379 549 nuntiant
1405 484 1797 561 decemviris,
1843 493 1862 523 ‘
1881 497 1954 548 ut
1981 484 2156 549 omni
2185 508 2306 573 ope
2327 540 2384 589 M
2417 458 2534 587 5⁰2

206 575 229 605 ⁶
252 568 341 631 ab
372 567 685 633 seditione
716 569 949 633 milites
976 570 1387 653 confinem&
1456 570 1588 634 Ubi
1619 570 1951 657 virginius
1981 571 2304 647 maiorem,
2325 555 2506 652 0ng
2537 554 2570 586 ¹¹

206 674 414 739 quam
454 653 799 741 reliquerat
844 656 913 718 in
960 656 1136 731 urbe,
1168 668 1415 719 motum
1457 656 1708 721 excivit.
1803 655 1870 719 N
1873 679 1995 733 am,
2028 670 2308 743 praeter-

205 760 411 824 quam
471 740 648 825 quod
719 742 971 826 agmine
1044 762 1241 827 prope
1301 741 1909 827 quadringentorum
1973 742 2308 807 hominum

204 824 499 901 veniens,
532 825 647 911 qui
686 827 766 889 ab
805 827 963 891 urbe
1003 825 1383 912 indignitate
1424 828 1518 890 rei
1560 826 1811 892 accensi
1849 828 2116 891 comites
2145 828 2212 891 ei·
2235 850 2304 892 se

208 909 549 987 dederant,
589 924 968 998 conspectus
1020 924 1149 987 est3
1216 911 1503 975 strictum
1555 913 1751 977 etiam
1803 912 2022 989 telum,
2063 934 2308 999 resper-

374 1018 455 1060 ue
498 996 633 1082 ipse
676 1018 918 1073 cruore,
950 1010 1085 1061 tota
1122 997 1191 1061 in
1234 1020 1301 1061 se
1344 1011 1550 1062 castra
1590 997 1940 1062 convertit:
1989 1011 2056 1062 et
2099 1012 2304 1085 togae,

210 1102 331 1144 mu
356 1080 627 1144 tifariam
672 1083 741 1145 in
785 1082 1003 1146 castris
1032 1082 1220 1157 visae,
1252 1083 1506 1147 maioris
1549 1082 1895 1169 aliquanto,
1927 1105 2122 1169 quam
2151 1097 2305 1161 erat,

208 1166 497 1251 speciem
561 1168 840 1231 urbanae
906 1167 1333 1232 multitudinis
1397 1168 1694 1232 fecerant.
1815 1166 2305 1246 Quaerentibus,

212 1259 235 1289 ‘
256 1251 423 1337 quid
456 1252 550 1315 rei
597 1252 800 1332 esset,’
838 1253 999 1317 flens
1046 1253 1161 1317 diu
1203 1275 1424 1317 vocem
1473 1276 1606 1318 non
1653 1253 1862 1317 misit=
1913 1254 2191 1332 tandem,
2234 1268 2308 1318 ut

208 1336 347 1399 iam
388 1359 469 1401 ex
504 1337 947 1437 trepidatione,
983 1340 1495 1403 concurrentium
1537 1340 1722 1403 turba
1758 1338 2061 1415 constitit,
2104 1362 2178 1404 ac
2223 1341 2308 1403 si-

209 1422 491 1487 lentium
546 1423 687 1501 fult,
748 1424 970 1487 ordine
1042 1437 1293 1501 cuncta,
1352 1437 1427 1487 ut
1480 1436 1662 1510 gesta
1730 1438 1930 1501 erant,
1991 1424 2301 1511 exposuit.

214 1507 311 1573 Su
363 1507 379 1523 ⁰
430 1530 499 1573 as
549 1508 782 1574 deinde
836 1508 1105 1573 tendens
1154 1530 1398 1585 manus,
1448 1509 1908 1574 commilitones
1959 1532 1998 1573 a
2042 1509 2302 1609 pellans,

210 1616 331 1658 ora
411 1605 457 1670 t,
529 1603 548 1633 ⁶
572 1593 700 1672 Ne,
749 1594 924 1681 quod
980 1594 1185 1659 scelus
1232 1596 1361 1693 Ap.
1398 1591 1656 1658 Claudii
1715 1609 1898 1672 esset,
1951 1596 2000 1659 si
2047 1619 2070 1659 1
2129 1597 2305 1661 attri-

214 1687 236 1717 ‘
258 1678 570 1744 buerent:
636 1703 767 1745 neu
816 1704 904 1757 se,
956 1692 1031 1744 ut
1078 1680 1455 1767 parricidam
1507 1679 1795 1758 liberum,
1849 1695 2300 1746 aversarentur.

214 1773 237 1803 ‘
262 1764 404 1829 Sibi
426 1766 619 1829 vitam
648 1766 814 1831 filiae
836 1788 987 1829 suae
1011 1766 1315 1829 cariorem
1344 1765 1556 1842 fuisse,
1581 1766 1634 1830 si
1663 1766 1898 1831 liberae
1927 1788 2001 1831 ac
2030 1768 2302 1853 pudicae

214 1858 237 1889 ‘
257 1851 475 1915 vivere
510 1851 755 1916 licitum
783 1850 1019 1915 fuisset.
1116 1852 1358 1928 Quum,
1388 1850 1564 1916 velut
1601 1873 1863 1929 servam,
1893 1852 1976 1915 ad
2015 1865 2304 1939 stuprum

214 1944 236 1973 ‘
259 1936 395 2022 rapi
420 1937 683 2015 videret,
707 1950 909 2002 morte
942 1937 1149 2001 amitti
1176 1936 1403 2001 melius
1430 1949 1658 2013 ratum,
1685 1960 1876 2023 quam
1899 1939 2302 2016 contumelia,

214 2030 236 2059 ‘
259 2022 514 2100 liberos,
564 2021 993 2087 misericordia
1037 2044 1104 2087 se
1152 2023 1223 2086 in
1268 2022 1547 2108 speciem
1593 2021 1981 2087 crudelitatis
2035 2023 2299 2111 lapsum.

218 2116 238 2145 ‘
262 2106 333 2171 N
336 2130 412 2173 ec
454 2130 521 2172 se
556 2109 956 2195 superstitem
990 2108 1158 2172 filiae
1196 2108 1481 2172 fiiturum
1515 2106 1727 2186 fuisse,
1758 2109 1878 2171 nisi
1909 2131 2088 2208 spem
2118 2111 2305 2174 ulcis-

215 2202 239 2231 ‘
260 2193 505 2259 cendae
524 2194 741 2258 mortis
758 2194 897 2258 eius
914 2194 983 2257 in
1000 2192 1237 2258 auxilio
1254 2193 1760 2258 commilitonum
1781 2186 2116 2258 habuisset.
2169 2194 2306 2259 Illis

216 2288 241 2317 ‘
308 2302 522 2365 uoque
568 2280 739 2343 enim
779 2280 959 2355 filias,
989 2300 1249 2356 sorores,
1292 2280 1724 2365 coniugesque
1769 2301 1942 2343 esse:
1992 2302 2112 2343 nec
2154 2302 2302 2343 cum

218 2373 239 2401 ‘
262 2302 397 2428 alia
423 2386 539 2429 sua
563 2364 895 2429 libidinem
926 2364 991 2427 A
1037 2412 1052 2428 .
1079 2362 1338 2428 Claudii
1378 2365 1754 2428 exstinctmn
1789 2386 1965 2437 esse3
2011 2364 2144 2441 sed,
2176 2388 2306 2449 quo

220 2450 641 2537 ‘impunitior
676 2450 777 2527 sit,
808 2473 887 2514 eo
926 2473 964 2514 e
1080 2450 1390 2513 natiorem
1430 2449 1584 2512 fore.
1676 2448 1914 2512 Aliena
1952 2449 2307 2514 calamitate

221 2544 242 2573 ‘
262 2535 721 2600 documentum
750 2535 969 2599 datum
998 2534 1121 2598 illis
1148 2533 1467 2599 cavendae
1496 2532 1719 2597 similis
1745 2532 2032 2597 iniuriae.
2113 2534 2309 2608 Quod

222 2630 245 2659 ‘
263 2621 349 2685 ad
394 2644 461 2685 se
508 2621 792 2698 attineat,
841 2642 1105 2685 uxorem
1152 2618 1271 2683 sibi
1323 2619 1453 2683 fato
1506 2630 1828 2705 ereptam:
1892 2618 2109 2696 filiam,
2157 2620 2310 2705 quia

222 2715 245 2745 ‘
267 2728 401 2771 non
444 2706 611 2771 ultra
649 2706 885 2793 pudica
920 2706 1167 2771 victura
1206 2703 1417 2780 fuerit,
1449 2704 1761 2781 miseram,
1797 2704 1912 2769 sed
1955 2704 2306 2782 honestam,

222 2802 244 2831 6
266 2806 537 2857 mortem
579 2793 961 2856 occubuisse.
1056 2789 1213 2855 Non
1252 2812 1385 2854 esse
1426 2790 1553 2854 iam
1576 2789 1777 2877 Appii
1817 2790 2069 2854 libidini
2094 2790 2306 2855 locum

223 2878 335 2942 ‘in
364 2877 557 2942 domo
583 2900 731 2942 sua:
766 2878 845 2941 ab
874 2877 999 2940 alia
1022 2875 1327 2941 violentia
1356 2874 1495 2939 eius
1523 2876 1750 2939 eodem
1779 2899 1846 2940 se
1877 2876 2089 2941 animo
2118 2900 2306 2941 suum

224 2973 245 3001 ‘
266 2986 343 3028 co
421 2986 496 3026 us
527 2962 1012 3038 vindicaturum,
1046 2983 1174 3047 quo
1202 2961 1618 3025 vindicaverit
1643 2960 1830 3025 filiae.
1925 2960 2146 3026 Ceteri
2185 2963 2307 3027 sibi

224 3058 245 3087 ‘
264 3070 340 3113 ac
419 3048 605 3113 'beris
662 3049 791 3111 suis
836 3046 1278 3112 consulerent?
1367 3045 1549 3109 Haec
1596 3045 1892 3133 Virginio
1939 3048 2308 3113 vociferanti

222 3133 643 3199 succlamabat
670 3132 1031 3209 multitudo,
1066 3141 1087 3169 6
1107 3131 1251 3195 Nec
1272 3130 1441 3194 illius
1461 3130 1686 3206 dolori,
1709 3153 1832 3195 nec
1859 3154 2008 3195 suae
2029 3132 2310 3197 libertati

225 3229 244 3259 6
264 3243 333 3284 se
378 3218 743 3283 defuturos)
830 3216 917 3281 Et
959 3217 1237 3280 immixti
1282 3217 1500 3279 turbae
1541 3214 1817 3279 militum
1859 3216 2075 3315 togati,
2107 3239 2309 3303 quum

226 3305 453 3369 eadem
513 3303 625 3368 illa
684 3303 1031 3403 querendO,
1094 3301 1534 3385 docendoque,
1573 3313 1834 3386 quanto
1904 3324 2058 3378 visa,
2118 3321 2310 3387 quam

178 3407 209 3454 8
224 3390 461 3467 audita,
492 3389 853 3475 indigniora
893 3388 1221 3475 potuerint
1259 3386 1482 3463 videri,
1521 3385 1710 3449 simul
1750 3386 2144 3473 profligatam
2183 3389 2310 3453 iam

179 3505 210 3552 9
224 3498 360 3541 rem
416 3474 773 3539 nuntiando
825 3474 1073 3539 Romae
1133 3496 1309 3548 esse3
1378 3472 1797 3557 insecutique,
1859 3474 1972 3558 qui
2024 3474 2315 3561 Appium

292 3657 319 3707 7
350 3644 526 3693 Monte
578 3644 779 3703 Vecilio]
840 3641 1007 3690 Hodie
1062 3640 1237 3691 Monte
1294 3640 1534 3703 perficere
1577 3654 1694 3688 rem.
1751 3638 1812 3687 cf.
1848 3638 1952 3689 Cic.
1995 3638 2142 3689 Tunc.
2183 3656 2227 3691 v,
2267 3640 2314 3691 6.

227 3709 413 3765 Patala,
448 3722 481 3754 a
512 3712 650 3769 parte
686 3704 903 3754 citeriore
934 3704 1122 3753 Montis
1151 3705 1235 3751 Al·
1296 3706 1562 3765 profliyata
1603 3718 1662 3750 ao
1699 3718 1856 3763 poene
1897 3703 1963 3749 ad
2003 3704 2190 3752 exitum
2235 3706 2314 3755 de-

227 3770 354 3819 bani.
378 3770 585 3818 Niebhr.
603 3768 653 3817 ii.
670 3775 772 3817 not.
793 3766 899 3830 767.
949 3766 1237 3815 Exercitum
1300 3768 1447 3814 ducta
1469 3767 1699 3828 quaestio.
1736 3764 1909 3813 Dum.

227 3834 361 3895 apud
395 3833 631 3895 Algidum
660 3832 711 3880 in
744 3831 913 3881 castris
940 3830 1091 3879 fuisse
1119 3829 1240 3877 dicit
1368 3844 1400 3892 9
1430 3830 1768 3891 Insecutique]
1805 3828 1888 3877 Sic
1914 3829 2176 3891 legendum
2206 3846 2316 3879 cen-

231 3898 332 3946 Cic.
354 3898 419 3945 de
444 3898 573 3958 Rep.
594 3895 645 3943 ii.
668 3906 746 3956 ⁴27.
1306 3897 1381 3940 set
1417 3891 1710 3951 Gronovius,
1755 3894 1998 3953 quomodo
2035 3902 2086 3941 et
2129 3894 2180 3941 in
2219 3909 2317 3942 uno

290 3962 321 4009 8
354 3962 701 4021 Pmfliyatam]
738 3960 1015 4020 Profliyare
1040 3972 1141 4006 non
1166 3962 1241 4005 eut
1304 3955 1452 4004 MSS.
1480 3954 1648 4003 haberi
1678 3962 1896 4005 testatur.
1965 3958 2082 4005 Duo
2115 3956 2198 4005 hic
2229 3957 2316 4005 ho-

229 4024 482 4082 conficere‚
516 4022 603 4071 sed
644 4036 747 4070 rem
786 4027 1011 4083 coeptam
1050 4034 1239 4082 promo·
1304 4018 1495 4065 minum
1555 4034 1734 4080 genera
1788 4019 2180 4081 distinguuntur:
2246 4022 2317 4067 al-

229 4102 355 4146 vei-e,
387 4086 440 4134 in
476 4101 538 4134 ea
570 4087 783 4132 multum
820 4085 1073 4146 proficere,
1110 4082 1241 4144 quod
1306 4086 1484 4140 terum,
1523 4082 1606 4142 qui
1652 4097 1765 4130 cum
1806 4082 2028 4143 virginio
2068 4088 2319 4140 venerant,

230 4156 364 4213 patet
385 4164 450 4197 ex
471 4148 685 4211 eleganti
697 4149 981 4209 gradatione
996 4163 1077 4208 ap.
1093 4146 1241 4207 scrip-
1306 4158 1399 4193 nec
1454 4144 1592 4192 aliud
1646 4145 1878 4193 nunciare
1931 4150 2174 4206 poterant,
2225 4144 2320 4193 nisi

229 4220 353 4263 tows
399 4212 563 4269 obvia,
610 4214 919 4269 committere,
958 4212 1241 4272 profligare,
1306 4207 1502 4255 Romae
1533 4207 1698 4255 omnia
1727 4210 1975 4255 turbarum
2011 4208 2175 4267 plena,
2196 4222 2318 4256 rem-

227 4278 458 4339 conficoro
480 4276 681 4335 bellarm
710 4276 935 4337 coepisse,
956 4275 1241 4335 profligare,
1306 4286 1403 4332 que
1426 4285 1604 4331 magua
1632 4284 1694 4319 ex
1728 4277 1866 4332 parte
1887 4270 2160 4319 confectam
2182 4286 2318 4321 eme:
