3000 4784
867 205 1059 273 Lm.
1108 206 1225 274 rv.
1292 206 1516 273 cAP.
1565 170 1670 272 38.
2193 208 2322 272 263

183 337 447 442 Cepere
478 356 741 423 autem,
771 344 947 432 prius
988 345 1157 411 bello
1184 346 1460 446 fatigatis
1509 345 1812 422 Etruscis,
1844 344 1914 409 iu
1951 343 2316 411 societatem
2342 361 2410 413 U.
2433 363 2492 414 c.
2517 376 2628 425 332·

178 427 357 491 urbis
398 452 729 517 agrorum:
776 454 857 497 ue
896 433 1181 520 accepti:
1228 431 1463 497 demde
1491 431 1654 498 festo
1687 432 1796 497 die
1833 453 2054 518 graves
2093 453 2316 497 somno
2333 426 2397 479 A·
2431 428 2491 479 0·
2514 443 2626 489 ⁴²0·

169 514 529 665 :guli-{qne
610 517 767 583 inco
926 531 1170 583 veterae
1238 519 1391 584 novi
1458 518 1669 584 coloni
1736 530 2050 583 nocturna
2116 518 2312 586 caede

126 712 147 746 1
259 684 391 751 His
438 689 661 753 rebus
702 690 876 768 actis,
912 690 1202 755 consules
1242 690 1311 769 ii,
1357 713 1519 777 quos
1561 691 1862 769 diximus,
1908 688 2132 757 Idibus
2177 690 2316 755 De-

166 774 557 869 cembribus
604 778 1046 863 magistratum
1076 799 1397 865 occepere.
1490 776 1628 843 Iam
1669 800 1803 843 non
1831 775 2056 855 solum,
2086 778 2202 863 qui
2231 777 2315 842 ad

166 857 237 921 nl
266 860 455 924 missi
500 876 725 939 erant,
756 863 1121 941 retulerant,
1154 863 1488 929 imminere
1527 863 1836 929 Volscum
1875 862 2152 941 bellum3
2198 864 2315 929 sed

162 942 365 1031 legati
384 970 483 1034 qu
586 972 677 1013 ue
708 950 787 1013 ab
816 949 1065 1015 Latinis
1092 964 1160 1015 et
1182 948 1483 1015 Hernicis
1505 950 1905 1028 nuntiabant,
1941 958 1960 987 ‘
1979 948 2048 1015 N
2050 972 2136 1015 on
2165 965 2313 1015 ante

166 1038 187 1067 ‘
204 970 843 1118 unquamoqvolseoe
868 1058 990 1101 nec
1026 1036 1293 1101 ducibus
1321 1036 1630 1123 legendis,
1661 1058 1782 1102 nec
1821 1036 2132 1102 exercitui
2159 1037 2312 1101 scri-

168 1124 189 1153 ‘
202 1116 453 1196 hendo,
506 1120 901 1187 intentiores
940 1122 1149 1188 fuisse.
1240 1122 1457 1209 Vulgo
1500 1123 1790 1201 fremere,
1836 1135 1948 1188 aut
1981 1122 2050 1187 in
2085 1144 2312 1209 perpe-

166 1210 187 1239 ‘
208 1216 407 1267 tuum
442 1228 645 1271 arma
682 1208 1049 1295 bellumque
1078 1208 1383 1274 oblivioni
1422 1208 1654 1287 danda,
1684 1210 2036 1295 iugumque
2077 1207 2310 1307 accipi-

168 1296 189 1325 ‘
206 1290 465 1355 endum
490 1316 513 1369 3
570 1308 693 1358 aut
720 1294 815 1372 iis,
848 1317 995 1359 cum
1024 1296 1257 1381 quibus
1285 1294 1368 1360 de
1409 1294 1678 1382 imperio
1707 1308 2002 1372 certetur,
2033 1316 2154 1359 nec
2184 1316 2309 1358 vir-

168 1382 187 1411 ‘
208 1386 376 1453 tute,
410 1400 552 1444 nec
584 1381 918 1466 patientia,
950 1403 1071 1447 nec
1110 1380 1447 1469 disciplina
1484 1381 1578 1445 rei
1619 1380 1906 1445 militaris
1945 1379 2306 1445 cedendum

156 1468 189 1521 .‘
207 1464 391 1527 esse?
490 1464 711 1531 Haud
749 1490 912 1532 vana
938 1468 1246 1533 attulere:
1294 1466 1410 1532 sed
1446 1490 1569 1533 nec
1598 1466 1863 1554 perinde
1899 1466 2122 1531 Patres
2151 1464 2310 1531 moti
2327 1479 2530 1529 Bellum

168 1560 364 1626 sunt3
416 1564 493 1616 et
530 1550 621 1617 C.
648 1552 1079 1640 Semproniae,
1110 1554 1215 1619 cui
1255 1576 1332 1619 ea
1358 1553 1686 1641 provincia
1711 1553 1862 1618 sorti
1901 1552 2135 1631 evenit,
2169 1566 2310 1618 tan-
2325 1560 2440 1619 ⁰¹².¹”
2455 1545 2576 1595 Vol-

126 1654 371 1718 ·2quam
426 1640 996 1705 constantissimae
1048 1640 1163 1717 rei,
1206 1639 1499 1705 fortunae
1557 1640 1774 1716 fretus,
1827 1638 2004 1726 quod
2051 1624 2432 1705 victorism·

172 1721 405 1805 populi
450 1724 775 1790 adversus
816 1727 1015 1791 victos
1050 1725 1185 1791 dux
1224 1740 1407 1803 esset,
1451 1726 1668 1791 omnia
1706 1738 1945 1791 temere
1985 1749 2060 1793 ac
2104 1726 2310 1813 negli-

173 1820 409 1889 genter
438 1810 631 1897 egit:
682 1812 843 1877 adeo
882 1826 955 1877 ut
992 1812 1364 1900 disciplinae
1406 1812 1738 1877 Romanae
1781 1811 1926 1899 plus
1965 1813 2036 1879 in
2075 1812 2309 1879 Volsco

179 1895 503 1974 exercitu,
540 1920 741 1985 quam
782 1899 853 1963 in
886 1898 1203 1977 Romano,
1236 1911 1416 1964 esset.
1512 1898 1684 1985 Ergo
1711 1898 1983 1977 fortuna,
2017 1912 2089 1965 ut
2119 1921 2307 1986 saepe

177 1976 351 2056 aliua,
396 1984 723 2049 virtutem
768 1998 865 2051 est
901 1998 1135 2051 secuta.
1227 1983 1446 2050 Primo
1482 1985 1753 2085 proeli0,
1787 1985 1966 2073 quod
2005 1988 2084 2051 ab
2127 1985 2311 2051 Sem-

182 2067 425 2214 Ξξὲἱιιὶο·
444 2070 720 2135 incaute
750 2070 1239 2158 inconsulteque
1268 2092 1674 2135 commissum
1703 2084 1818 2149 est,
1851 2093 1984 2137 non
2013 2071 2308 2135 subsidiis

328 2166 439 2218 ata
468 2158 641 2233 acie,
672 2179 805 2220 non
833 2158 1051 2243 equite
1080 2171 1228 2244 apte
1268 2156 1497 2233 locat0,
1529 2179 1906 2221 concursum
1945 2172 2057 2222 est.
2154 2155 2309 2220 Cla-

188 2254 325 2300 mor
354 2239 686 2306 indicium
715 2241 993 2328 primum
1021 2243 1163 2321 fuit,
1192 2265 1323 2329 quo
1352 2264 1453 2307 res
1481 2241 1861 2307 inclinatura
1889 2255 2085 2307 esset:
2133 2242 2308 2305 exci-

190 2322 381 2416 tatior
409 2328 829 2414 crebriorque
860 2329 940 2393 ab
970 2327 1151 2393 hoste
1180 2328 1497 2403 sublatus3
1545 2327 1626 2391 ab
1659 2327 1968 2392 Romanis
1995 2327 2304 2404 dissonus,

150 2422 175 2467 3
190 2426 414 2493 impar,
448 2413 719 2514 segnius
754 2436 943 2501 saepe
982 2414 1247 2479 iteratus
1280 2413 1564 2499 prodidit
1590 2433 1888 2500 pavorem
1929 2414 2302 2479 animorum.

194 2488 293 2556 Eo
352 2497 638 2564 feroclor
692 2498 903 2564 illatus
954 2499 1170 2576 hostis,
1219 2520 1445 2585 urgere
1494 2499 1706 2575 sentia,
1760 2499 1992 2563 micare
2041 2498 2301 2585 gladiis:
2328 2514 2626 2565 Premuntm·

194 2577 392 2647 altera
422 2608 511 2649 ex
544 2598 727 2673 parte
756 2598 989 2651 nutant
1018 2584 1690 2671 circumspectantibus
1717 2584 1956 2671 galeae,
1987 2598 2054 2649 et
2082 2584 2307 2649 incerti
2327 2578 2560 2633 Romani.

198 2668 549 2753 trepidant,
582 2694 665 2758 ap
708 2671 1035 2758 licantque
1066 2694 1133 2735 se
1177 2672 1417 2735 turbae.
1516 2668 1713 2757 Signa
1751 2692 1924 2735 nunc
1951 2671 2310 2736 resistentia

196 2748 593 2823 deseruntur
619 2695 709 2822 ab,
728 2758 925 2823 antes‘
1020 2758 1176 2834 anis,
1199 2780 1375 2821 nunc
1392 2756 1561 2821 inter
1587 2779 1734 2821 suos
1763 2756 2120 2844 manipulos
2147 2758 2308 2821 reci-

202 2836 486 2919 piuntur.
586 2842 897 2908 Nondum
1006 2867 1089 2930 ga
1116 2856 1307 2921 certa,
1337 2841 1627 2908 nondum
1665 2843 1928 2908 victoria
1955 2854 2127 2908 erat:
2177 2842 2309 2931 tegi

200 2926 401 3011 magis
452 2930 808 3007 Romanus,
854 2952 1049 3016 quam
1140 2952 1395 3017 ugnare.
1506 2928 1775 2995 Volscus
1821 2929 2054 2995 inferre
2107 2930 2306 3017 signa,

202 3030 429 3097 urgere
483 3016 711 3093 aciem,
766 3016 910 3102 plus
1132 3016 1145 3029 ‘
1238 3016 1518 3081 hostium
1564 3016 1799 3093 videre,
1853 3038 2048 3102 quam
2097 3016 2304 3104 fugae.

204 3090 339 3161 Iam
370 3102 675 3167 omnibus
702 3100 857 3167 locis
884 3102 1153 3180 ceditur,
1182 3124 1267 3167 ne
1360 3101 1614 3189 ‘equam
1647 3101 2021 3189 Sempronio
2049 3102 2308 3168 consule
2423 3118 2529 3183 38,

208 3182 591 3273 obiurgante
620 3202 812 3275 atque
842 3187 1171 3252 hortante:
1219 3125 1383 3251 nillil
1410 3210 1532 3253 nec
1571 3187 1930 3275 imperium,
1963 3210 2083 3253 nec
2113 3190 2310 3253 maie-

208 3281 333 3333 stas
376 3274 663 3339 valebat:
710 3273 989 3374 dataque
1033 3296 1185 3337 mox
1229 3286 1407 3361 terga
1447 3273 1734 3337 hostibus
1771 3272 2000 3351 forent,
2042 3274 2111 3337 ni
2159 3272 2306 3340 Sex.

166 3380 197 3422 4
213 3350 629 3445 Tempanius,
681 3359 941 3425 decurio
1001 3360 1311 3445 equitum,
1360 3358 1614 3423 labente
1673 3359 1801 3422 iam
1851 3381 1941 3435 re,
2038 3361 2312 3426 raesenti

216 3441 423 3511 animo
468 3446 881 3511 subvenisset.
978 3445 1115 3521 Qui
1158 3466 1359 3532 quum
1402 3466 1634 3531 magna
1675 3466 1832 3509 voce
1879 3467 1999 3511 exc
2023 3461 2309 3526 amasset,

286 3639 305 3673 1
330 3630 503 3681 Idibus
518 3632 889 3691 Decembribus]
926 3630 989 3680 ef.
1007 3629 1151 3692 Supr.
1164 3628 1235 3679 iii.
1299 3630 1365 3679 ba
1388 3628 1636 3706 Kreyssiss.
1659 3630 1858 3681 omnino
1885 3632 2084 3693 omittit,
2104 3640 2162 3684 ut
2183 3635 2310 3685 Gru-

282 3724 295 3735 .
1299 3699 1406 3741 tero
1443 3694 1647 3756 placuit.
1714 3698 1940 3747 Incertus
1978 3699 2157 3749 omissa
2193 3716 2312 3751 voce

283 3767 310 3800 2
344 3756 800 3818 Fortunaefretm]
838 3756 920 3805 Sic
941 3755 1051 3806 infr.
1075 3755 1136 3805 vi.
1158 3770 1231 3819 13.
1296 3758 1504 3807 clamore
1525 3758 1680 3807 edidit
1701 3759 2000 3823 Campanus.

227 3824 411 3872 praeter
454 3822 753 3883 reliquorum
796 3821 1087 3883 scriptorum
1130 3834 1232 3867 mo-
1361 3838 1394 3881 4
1424 3823 1642 3870 Deam-io
1677 3826 1918 3887 equim]
1985 3826 2223 3889 Vegetius
2261 3826 2311 3877 ii.

224 3888 339 3953 ΜΡ,
370 3882 421 3933 id
452 3887 585 3948 quod
625 3885 752 3934 Livii
790 3884 1109 3934 Patavinitati
1150 3884 1235 3932 tri·
1301 3898 1375 3945 14.
1416 3886 1583 3935 Habet
1603 3902 1708 3935 una
1727 3894 1892 3937 turma
1911 3893 2096 3953 equites
2117 3904 2313 3947 xxxug

226 3938 401 4007 bmtur,
420 3952 593 4011 fretun
634 3964 749 3999 cum
792 3948 960 3997 dativo
1001 3946 1231 4009 iungitur.
1294 3948 1411 3997 huic
1441 3950 1528 4013 qui
1555 3958 1768 4011 praeest,
1788 3954 1984 4001 decurio
2013 3956 2311 4001 nominatur.

228 4001 412 4059 Basca.
1297 4012 1512 4061 Sraorn.
1579 4012 1677 4062 Sed
1706 4014 1830 4063 haec
1863 4031 2036 4077 pamm
2069 4021 2314 4072 accurate,

237 4130 247 4139 ,
297 4084 324 4131 3
358 4076 513 4139 Saepe
554 4079 763 4127 iteratus
799 4076 1043 4138 prodidit]
1113 4075 1234 4123 Post
1296 4076 1359 4123 cf.
1386 4075 1562 4137 Polyb.
1588 4076 1647 4125 vi.
1681 4090 1760 4138 25,
1793 4078 1876 4139 qui
1909 4078 2110 4139 singulis
2139 4076 2314 4125 turmis

230 4136 425 4187 *ἔπαυε
447 4156 588 4189 voces
608 4143 794 4191 incerto
814 4142 1022 4189 clamore
1042 4138 1235 4186 codices
1296 4144 1395 4185 tres
1425 4144 1696 4188 turmarum
1719 4141 1868 4187 duces
1898 4138 2097 4201 ἰλάρχας
2129 4138 2312 4199 praefe-

238 4195 475 4262 pleriqueg
510 4210 563 4251 at
584 4206 769 4253 incerto
789 4210 954 4252 tenore
978 4217 1043 4250 ex
1070 4216 1233 4251 emen·
1299 4208 1405 4250 ctos
1424 4202 1607 4261 scribit,
1623 4218 1830 4264 quorum
1853 4202 2080 4264 princeps
2101 4206 2314 4248 turmam

234 4254 421 4315 datione
462 4268 645 4329 Sigonii
687 4267 739 4315 in
782 4271 977 4315 textum
1020 4264 1237 4328 reposuit
1301 4265 1453 4324 ducit,
1487 4266 1636 4313 ceteri
1673 4266 1774 4314 duo
1809 4265 2014 4325 quisque
2051 4262 2316 4321 decuriam,

238 4316 437 4379 Bekker.
482 4330 625 4383 Haec
640 4336 879 4393 tanquam
892 4336 1123 4391 corrupta
1135 4343 1235 4377 ver·
1300 4343 1471 4381 omnes
1490 4334 1658 4377 autem
1680 4328 1962 4378 decan-dones
1981 4324 2237 4385 appellati.

222 3684 281 3746 36
