3000 4784
675 179 760 240 42
1451 171 1679 241 ΤΙΤΙ
1739 172 2007 241 LIVII

675 309 936 373 cumoni
979 319 1241 388 contra„
1271 311 1561 374 omnium
1611 307 1833 374 heredi
1884 312 2219 385 bonorum,
2265 327 2465 393 quum
2516 303 2765 372 divitiae

675 395 806 458 iam
845 393 1088 459 animos
1125 395 1424 472 facerent,
1466 397 1649 462 auxit
1692 396 1887 460 ducta
1932 395 2001 458 in
2048 394 2519 458 matrimonium
2566 393 2769 458 Tana·

677 480 834 567 quil,
879 503 1126 546 summo
1165 479 1306 546 loco
1345 494 1514 559 nata,
1554 495 1621 546 et
1658 505 1823 569 quae
1866 480 2041 545 haud
2078 480 2261 543 facile
2302 479 2399 558 iis,
2446 479 2514 543 in
2544 480 2805 564 quibus4

675 578 827 630 nata
853 580 1007 643 erat,
1039 566 1379 631 humiliora
1405 567 1645 632 sineret
1672 590 1767 646 ea,
1791 589 1957 654 quae
1980 565 2379 653 innupsisset.
2455 564 2771 651 Spernen-

678 651 848 716 tibus
901 652 1185 716 Etruscis
1233 653 1696 730 Lucumonem,
1759 653 1977 718 exsule
2036 651 2281 716 advena
2336 665 2567 729 ortum,
2612 651 2771 716 ferre

673 737 1124 824 indignitatem
1152 761 1284 803 non
1405 741 1564 815 tuit3
1607 739 1929 826 oblitaque
1960 737 2282 824 ingenitae
2318 759 2469 824 erga
2508 737 2773 822 patriam

674 824 972 900 caritatis,
1032 824 1254 888 dumm
1341 848 1382 890 o
1433 826 1641 889 virum
1692 825 2073 890 honoratum
2120 823 2385 900 videret,
2438 822 2775 888 consilium

673 909 990 996 migrandi
1049 911 1130 974 ab
1181 910 1552 997 Tarquiniis
1596 911 1787 998 cepit.
1878 910 2088 974 Roma
2132 922 2231 974 est
2276 908 2361 972 ad
2405 909 2477 973 id
2524 909 2777 994 potissi·

673 1017 852 1059 mum
888 997 1038 1060 visa.
1131 994 1212 1059 In
1261 1019 1428 1061 novo
1473 995 1731 1095 popu10‚
1779 997 1889 1061 ubi
1940 995 2147 1061 omnis
2196 995 2535 1082 repentina
2582 1007 2775 1081 atque
2790 1023 2815 1072 5

673 1104 756 1146 ex
809 1082 1044 1146 virtute
1095 1081 1392 1146 nobilitas
1439 1095 1542 1160 sit,
1593 1082 1880 1146 futurum
1929 1081 2143 1146 locum
2192 1080 2339 1145 forti
2390 1103 2465 1145 ac
2514 1093 2779 1144 strenuo

671 1167 842 1232 viro:
905 1191 1197 1255 regnasse
1250 1167 1515 1233 Tatium
1572 1168 1913 1234 Sabinum:
1974 1167 2341 1232 arcessitum
2392 1166 2462 1230 in
2504 1187 2778 1251 regnum

676 1251 962 1320 Numam
1025 1277 1066 1318 a
1124 1253 1443 1319 Curibus:
1520 1267 1589 1320 et
1654 1253 1913 1319 Ancum
1976 1252 2212 1318 Sabina
2274 1265 2476 1316 matre
2542 1263 2821 1330 ortum,6

672 1339 1082 1428 nobilemque
1126 1363 1258 1405 una
1295 1340 1576 1427 imagine
1609 1339 1865 1404 Numae
1908 1361 2063 1404 esse.
2154 1336 2367 1404 Facile
2412 1338 2775 1424 persuadet,

673 1437 747 1490 ut
775 1426 1011 1513 cupido
1041 1427 1374 1503 honorum,
1398 1439 1464 1491 et
1485 1427 1591 1490 cui
1615 1424 1953 1512 Tarquinii
1982 1437 2269 1506 materna
2294 1437 2545 1488 tantum
2574 1424 2781 1512 patria

672 1525 854 1576 efflet.
960 1511 1238 1576 Sublatis
1289 1513 1506 1598 itaque
1557 1512 1747 1577 rebus
1794 1510 2215 1598 commigrant
2266 1509 2561 1576 Romam·
2664 1510 2778 1575 Ad

677 1595 1036 1661 Ianiculum
1063 1597 1225 1661 forte
1255 1611 1521 1661 ventum
1547 1611 1701 1662 erat.
1779 1595 1881 1662 Ibi
1910 1597 1993 1674 ei,
2204 1607 2319 1661 nto
2346 1596 2597 1661 sedenti
2626 1619 2779 1662 cum

673 1705 892 1759 uxore,
922 1681 1154 1768 aquila,
1185 1679 1505 1770 suspensis
1534 1683 1807 1748 demissa
1832 1682 2065 1748 leniter
2156 1683 2170 1697 '
2256 1682 2497 1768 pileum
2525 1681 2775 1748 aufert:

671 1790 748 1832 su
829 1790 988 1855 rque
1019 1782 1392 1855 carpentum
1421 1791 1569 1834 cum
1610 1791 1842 1856 magno
1886 1768 2179 1868 clangore
2209 1767 2499 1846 volitans,
2536 1791 2777 1847 rursus,

670 1791 847 1918 vellit
881 1853 1232 1920 ministerio
1275 1855 1581 1920 divinitus
1626 1855 1832 1932 missa,
1876 1855 2073 1954 capiti
2110 1867 2255 1941 apte
2290 1855 2577 1941 reponit:
2622 1855 2779 1920 inde

670 1938 958 2004 sublimis
991 1940 1164 2004 abiit.
1259 1941 1435 2006 Acce
1482 1941 1603 2005 isse
1633 1941 1703 2006 id
1738 1963 2073 2028 augurium
2101 1938 2270 2005 laeta
2294 1940 2532 2005 dicitur
2560 1941 2780 2006 Tana-

716 2024 826 2102 uil,
929 2025 1070 2102 rita,
1089 2039 1163 2090 ut
1178 2025 1365 2113 vulgo
1391 1963 1665 2102 Eltrusci,
1684 2026 2053 2091 coelestium
2070 2026 2507 2113 prodigiorum
2524 2027 2775 2092 mulier.

733 2133 850 2176 xce
972 2124 1040 2176 et
1066 2111 1195 2176 alta
1220 2135 1470 2199 sperare
1512 2112 1849 2198 complexa
1874 2112 2079 2176 virum
2119 2112 2329 2177 iubet:
2372 2134 2517 2176 eam
2554 2112 2779 2178 alitem

669 2219 748 2261 ea
773 2198 1032 2283 regione
1055 2198 1217 2262 coeli
1239 2211 1307 2262 et
1329 2199 1467 2262 eius
1496 2198 1605 2264 dei
1634 2199 1925 2263 nuntiam
1946 2198 2231 2264 venisse:
2264 2198 2435 2263 circa
2452 2221 2779 2264 summum

669 2281 926 2347 culmen
955 2281 1232 2348 hominis
1259 2283 1613 2370 auspicium
1651 2284 1912 2349 fecisse:
1958 2284 2194 2349 levasse
2231 2283 2516 2350 humano
2554 2307 2631 2350 su
2716 2307 2781 2350 r-

669 2367 948 2454 positum
999 2369 1196 2468 capiti
1246 2369 1461 2446 decus,
1508 2381 1582 2434 ut
1624 2368 1931 2434 divinitus
1972 2370 2185 2434 eidem
2202 2434 2209 2440 ,
2226 2369 2541 2436 redderet.
2630 2308 2779 2437 ἔπιε

667 2477 700 2518 s
781 2477 812 2518 s
841 2455 1386 2555 cogitationesque
1415 2477 1633 2520 secum
1662 2468 2004 2543 portantes,
2036 2456 2261 2521 urbem
2290 2455 2555 2542 ingressi
2584 2470 2773 2535 sunt;

667 2477 1120 2628 gmicihoque
1166 2541 1256 2606 ibi
1298 2555 1681 2642 comparatO,
1724 2541 1799 2606 L.
1835 2540 2260 2627 Tarquinium
2301 2541 2591 2606 Priscum
2634 2543 2779 2608 edi·
2796 2569 2823 2622 7

1707 2628 1923 2692 icuum
1944 2649 2093 2692 eum
2116 2627 2361 2692 novitas
2382 2627 2777 2730 divitiaeque

1764 2714 1962 2802 nigno
2002 2712 2299 2800 alloquin,
2330 2713 2629 2780 comitate
2673 2737 2779 2780 m-

667 2626 821 2692 dere
849 2650 1104 2692 nomen.
1177 2627 1486 2692 Romanis
1508 2651 1585 2692 co

667 2711 1017 2778 faciebant:
1063 2713 1293 2800 etipse
1323 2714 1645 2780 fortunam

734 2912 765 2955 4
802 2897 1070 2958 Tanaquil]
1125 2895 1273 2952 Quae
1307 2896 1359 2944 in
1391 2896 1492 2945 alia
1522 2897 1691 2946 fabula

667 2956 794 3007 Gaia
825 2958 1044 3006 Caecilia
1081 2957 1272 3008 dicitur.
1322 2960 1402 3009 cf.
1435 2960 1613 3009 Festus
1643 2976 1688 3010 v.
1748 2906 1896 2962 pater
1925 2901 2125 2949 nuum:
2169 2903 2367 2950 ΝΜ
2395 2915 2545 2964 m
2574 2901 2777 2952 m·

1753 2963 1917 3013 cmxv.

668 3023 904 3070 Praedia.
940 3019 1145 3071 Niebhr.
1170 3021 1202 3070 i.
1225 3037 1274 3084 p.
1305 3035 1413 3085 357.
1447 3023 1533 3086 qui
1565 3025 1691 3074 Cae-

670 3083 834 3158 cilisffn
875 3083 1161 3145 antiquioris
1201 3085 1328 3145 aevi,
1365 3091 1416 3135 et
1455 3087 1686 3136 Latinam

667 3161 1134 3284 ἓΐὲἒὲξῗιὶοῗὲξιῗὶε
1146 3155 1420 3263 &3313
1422 3152 1687 3277 Ξέἕηξὲὶοξ

669 3276 1196 3387 οἷμειξῇωἰΡι-ἑεηεσιξ
1217 3277 1470 3390 canditum
1491 3279 1683 3329 dicitur.

669 3354 698 3388 c
717 3373 731 3387 .
875 3374 891 3388 .
928 3355 962 3387 n
1033 3356 1110 3390 en.
1135 3355 1213 3389 vu.
1307 3356 1348 3390 1.

734 3414 761 3463 5
794 3404 1131 3465 Potissimum]
1186 3405 1270 3452 Ita
1304 3405 1448 3454 codd.
1483 3407 1570 3454 sed
1598 3422 1685 3468 po-

665 3467 854 3514 tissima
883 3482 947 3514 ex
979 3469 1224 3518 emendat.
1248 3469 1464 3519 Gronov.
1495 3468 1547 3518 in
1580 3474 1685 3519 tex·

667 3535 772 3576 tum
795 3529 980 3592 recepit
1003 3531 1215 3580 Bekker.

729 3591 762 3641 6
792 3595 980 3644 Sabim
1000 3598 1179 3657 matre]
1219 3596 1503 3647 Perizonius
1518 3596 1685 3646 Anim.

669 3656 802 3705 Hist.
854 3670 899 3718 3.
949 3658 1046 3720 legi
1095 3659 1232 3708 iubet
1277 3663 1459 3710 Sabino

665 3733 817 3780 quum
841 3721 1022 3770 Sabina
1053 3729 1210 3771 mater
1240 3723 1384 3772 obiici
1409 3726 1551 3774 Anco
1582 3739 1685 3772 non

667 3781 836 3844 possit,
857 3791 911 3831 ut
933 3800 1059 3846 quae
1091 3787 1215 3848 regis
1245 3787 1444 3836 Numae
1476 3787 1581 3836 filia
1612 3787 1683 3835 in-

665 3853 862 3907 gentem
883 3848 1226 3898 claritudinem
1249 3849 1352 3898 filio
1373 3850 1687 3910 conciliaret:

667 3911 1080 3970 quemadmodum
1114 3913 1209 3962 hoc
1241 3912 1348 3976 ipso
1379 3914 1490 3962 loeo
1522 3914 1683 3964 Taua-

667 3971 772 4033 quil
799 3974 1030 4050 agnoseit
1070 3975 1146 4024 his
1181 3977 1356 4038 verbis,
1385 3979 1685 4090 nobilem&

664 4052 810 4150 gibau:
841 4041 1142 4163 paug-‘gete
1163 4041 1681 4167 obffileknqognptraest,

665 4163 814 4212 homo
853 4181 1146 4227 peregrinus,
1175 4183 1268 4216 nec
1299 4169 1405 4216 ulla
1433 4183 1488 4217 re.
1518 4173 1679 4228 notus,

665 4234 1004 4292 praeterquam
1019 4245 1108 4278 suo
1123 4245 1237 4280 cum
1254 4231 1503 4293 Pompilia
1516 4232 1679 4280 matri-

663 4293 845 4343 monio.
916 4294 1064 4344 Unde
1086 4295 1274 4346 Seneca
1297 4295 1394 4359 Ep.
1423 4297 1527 4348 108.
1548 4299 1681 4348 Anci

1823 3037 1848 3088 7
1882 3027 2135 3086 Priscum]
2174 3026 2399 3090 Sigonius
2418 3027 2668 3078 existimat
2686 3029 2777 3079 de-

1750 3090 1947 3138 lendam
1964 3105 2069 3140 ene
2084 3091 2214 3138 hanc
2230 3107 2413 3142 vocem.
2450 3092 2619 3154 Longe
2636 3093 2772 3142 enim

1751 3153 2057 3203 verisimilius
2102 3169 2205 3203 esse
2258 3161 2404 3218 putat
2444 3155 2773 3218 Tarquinium

1750 3233 1850 3265 non
1898 3218 2295 3280 cognominatum
2337 3219 2485 3268 fuine
2530 3219 2775 3280 Priscum,

1747 3280 1839 3329 nisi
1870 3281 2041 3329 multis
2072 3289 2183 3343 post
2213 3283 2370 3344 annis,
2388 3289 2448 3332 ut
2475 3299 2508 3332 a
2528 3284 2773 3345 Superbo,

1748 3343 1834 3405 qui
1876 3345 2051 3418 eodem
2102 3345 2301 3395 nomine
2340 3361 2401 3395 se
2451 3348 2773 3420 praenomine

1748 3413 1900 3520 Eridu.
1924 3473 1985 3520 ἰν.
2010 3415 2285 3521 “fi-gaug
2317 3412 2489 3522 1erth3
2509 3417 2582 3522 ¹:ss
2608 3490 2711 3524 uno
2738 3491 2771 3524 e

1748 3535 1898 3594 MSS.
1930 3535 2031 3584 suis
2060 3536 2227 3584 abesse
2264 3542 2470 3586 testatur
2502 3537 2769 3590 Hearnius.

1750 3598 1913 3648 ΟΜΝ.
1978 3599 2166 3648 Contra
2183 3601 2233 3649 Ν
2235 3601 2389 3650 iebhr.
2406 3601 2437 3652 i.
2456 3617 2505 3664 p.
2526 3613 2634 3676 371..
2658 3617 2769 3666 cog-

1506 3667 1684 3723 patrn:
1750 3676 1930 3710 nomen
1962 3663 2059 3711 hoe
2088 3663 2321 3713 latinum
2348 3680 2469 3725 esse,
2490 3671 2541 3714 et
2564 3673 2769 3728 stirpem

1749 3725 1979 3774 Latinam
2018 3726 2397 3790 Tarquiniorum
2440 3729 2673 3789 indicare,
2710 3737 2769 3780 ut

1748 3789 2079 3850 Serviliorum,
2120 3791 2313 3853 quibus,
2355 3793 2487 3841 Alba
2534 3793 2769 3854 oriundis,

1748 3867 2017 3916 cog-nomen
2046 3859 2151 3904 erat
2181 3855 2411 3914 Priscus:
2441 3857 2625 3906 censori
2646 3871 2769 3920 quo-

1748 3931 1845 3978 que
1886 3917 2057 3967 Marco
2109 3919 2285 3968 Porcio
2338 3935 2607 3983 cognomen
2660 3935 2767 3970 ene

1749 3979 1987 4041 Priscum,
2006 3987 2065 4030 ut
2084 3981 2187 4044 qui,
2206 3983 2257 4032 in
2290 3999 2406 4046 agro
2434 3983 2635 4044 Sabino,
2656 3999 2765 4033 san·

1744 4043 1890 4104 guine
1909 4045 2087 4094 Latino
2105 4053 2368 4110 prognatus
2388 4054 2527 4098 esset.
2546 4049 2606 4096 cf.
2626 4049 2765 4098 Plut.

1747 4107 1891 4168 Cato,
1932 4109 1966 4158 i.
2009 4111 2094 4159 sed
2400 4127 2523 4173 quos
2566 4111 2641 4160 vis
2675 4127 2765 4160 an-

1742 4171 1881 4232 tiqua
1902 4173 2034 4221 verbi
2056 4173 2250 4233 fefellit,
2270 4175 2507 4237 temporis
2526 4189 2625 4225 non
2644 4191 2764 4236 gen·

1742 4233 1806 4308 tis
1842 4235 2079 4287 rationem
2116 4237 2261 4289 finisse
2296 4238 2515 4288 habitam
2552 4238 2763 4288 somnia-
