3000 4784
739 218 859 279 132
1514 210 1738 279 TITI
1791 210 2060 278 LIVII

412 352 480 401 U'·
504 354 562 403 C·
589 357 697 416 278·
736 350 977 426 PatreS,
1009 372 1128 414 nec
1164 350 1233 412 in
1267 349 1591 413 universos
1627 350 1837 428 mod0,
1877 350 1990 413 sed
2031 350 2098 413 in
2133 348 2432 436 singulos.
2527 348 2612 423 Q
2653 346 2836 411 Con-

410 418 471 466 A.
506 420 565 467 Ο·
588 431 700 482 4⁷⁴·
738 436 935 500 sidius
964 450 1030 499 et
1069 436 1147 500 T.
1186 436 1536 514 GenuciuS,
1567 450 1854 501 auctores
1883 437 2160 523 agrariae
2191 436 2368 523 legis,
2399 435 2479 498 T.
2515 434 2836 498 Menenio

736 522 910 587 diem
938 522 1178 587 dicunt.
1270 520 1556 587 Invidiae
1579 536 1715 587 erat
1735 524 2031 587 amissum
2059 522 2398 587 Cremerae
2417 520 2834 609 praesidium,
2949 596 2951 603 Ι

736 631 937 696 quum
984 609 1156 673 haud
1205 608 1428 696 procul
1478 609 1630 674 inde
1677 610 1903 674 stativa
1951 608 2174 674 consul
2225 609 2563 673 habuisset.
2661 606 2836 671 Eum
2853 630 2880 662 α

738 718 777 760 o
820 708 1199 782 presserunt.
1296 696 1519 771 Quum
1569 708 1636 761 et
1694 695 1916 760 Patres
1966 696 2139 760 haud
2187 695 2416 772 minua,
2469 716 2670 781 quam
2717 716 2840 781 pro

804 782 1104 859 oriolano,
1126 782 1331 847 annisi
1360 795 1587 859 essent,
1608 796 1673 847 et
1700 783 1894 869 patris
1925 782 2086 870 Agri
2131 804 2251 869 pae
2273 782 2446 846 favor
2473 780 2652 845 haud
2675 781 2838 844 dum
2951 755 2953 865 l

738 867 1152 946 exolevisset3
1200 870 1267 933 in
1312 868 1513 933 multa
1555 881 1989 956 temperarunt
2022 804 2296 933 tnzuni:
2354 890 2556 955 quum
2603 868 2838 953 capitis
2855 886 2882 933 3
2951 866 2953 933 Ξ

740 956 1179 1042 anquisissent,
1226 955 1355 1021 duo
1398 954 1599 1020 millia
1643 956 1803 1020 aeris
1847 955 2147 1019 damnato
2190 955 2453 1019 multam
2499 953 2882 1042 dixerunt}

744 1040 843 1105 Ea
868 1042 937 1106 in
976 1056 1168 1128 caput
1196 1042 1407 1107 vertit.-
1494 1040 1755 1129 Negant
1785 1041 1997 1106 tulisse
2033 1042 2446 1129 ignominiam
2480 1040 2884 1127 aegritudi-is

740 1148 887 1192 nem
935 1151 1051 1193 ue:
1099 1129 1250 1194 inde
1282 1128 1502 1193 morbo
1531 1130 1750 1192 absum
1797 1142 1933 1192 tum
1955 1151 2108 1193 esse.
2201 1128 2389 1192 Alius
2417 1127 2656 1193 deinde
2689 1150 2840 1191 reus

745 1214 853 1301 Sp.
936 1214 1207 1293 emilius»,
1244 1228 1317 1280 ut
1360 1215 1690 1279 consulatu
1725 1152 1897 1291 abiit,
1944 1214 2022 1279 C.
2063 1214 2306 1280 Nautio
2341 1227 2408 1280 et
2446 1214 2520 1279 P.
2568 1214 2838 1279 Valerio
2953 1163 2955 1265 i

740 1302 1120 1379 consulibua,
1156 1302 1341 1367 initio
1374 1303 1588 1366 statim
1627 1302 1798 1378 anni,
1830 1303 1909 1365 ab
1945 1300 2021 1366 L.
2060 1301 2368 1368 Caedicio
2401 1314 2468 1365 et
2505 1301 2586 1365 T.
2623 1300 2838 1365 Statio

740 1389 1008 1453 tribunis
1065 1389 1171 1453 die
1221 1388 1410 1465 dicta,
1458 1412 1609 1465 non,
1657 1400 1731 1452 ut
1778 1386 2142 1465 MeneniuS,
2191 1388 2484 1474 precibus
2537 1388 2672 1451 suis
2727 1403 2838 1452 aut

738 1474 1022 1551 Patrum,
1076 1475 1189 1539 sed
1246 1497 1394 1539 cum
1452 1475 1653 1539 multa
1707 1473 1944 1539 fiducia
1999 1474 2401 1539 innocentiae
2459 1475 2838 1561 gratiaeque

739 1561 1107 1625 tribunicios
1135 1562 1410 1647 impetus
1432 1561 1595 1625 tulit.
1690 1560 1776 1623 Et
1797 1560 2287 1647 huicvproelium
2310 1584 2458 1625 cum
2487 1560 2726 1625 Tuscis
2755 1561 2838 1625 ad
2955 1571 2957 1629 1

737 1645 1095 1711 Ianiculum
1127 1658 1263 1711 erat
1300 1646 1568 1711 crimini.
1664 1646 1794 1711 Sed
1819 1648 2045 1712 fervidi
2075 1647 2270 1711 animi
2307 1648 2419 1725 vir,
2449 1659 2522 1711 ut
2549 1648 2618 1711 in
2663 1650 2838 1735 pub-

736 1732 863 1798 lico
904 1732 1187 1819 periculo
1227 1748 1394 1809 ante,
1426 1733 1516 1796 sic
1557 1745 1694 1797 tum
1722 1734 1794 1796 in
1821 1756 1956 1810 su0,
1989 1756 2118 1798 non
2155 1733 2441 1798 tribunos
2471 1734 2686 1811 modo,
2719 1735 2838 1799 sed

738 1818 1011 1905 plebem,
1044 1818 1325 1883 oratione
1354 1820 1551 1883 feroci
1582 1818 1933 1897 refutandO,
1965 1819 2532 1921 exprobrandoque
2563 1821 2642 1884 T.
2683 1820 2838 1885 Me-

738 1905 915 1968 nenii
959 1904 1432 1969 damnationem
1473 1918 1890 1992 mortemque,
1929 1907 2139 1991 (cuius
2173 1907 2367 1993 patris
2405 1928 2695 1983 munere,
2735 1930 2840 1972 ne-

740 1990 959 2055 stituta
980 1991 1302 2078 quondam
1332 1992 1512 2078 plebs
1540 2014 1649 2056 eos
1677 1992 1698 2055 i
1745 2016 1863 2069 soa,
1885 1994 2115 2092 quibus
2143 2005 2281 2056 tum
2311 1994 2595 2069 saeviret,
2625 1997 2838 2095 magi·
2958 1977 2959 2055 l

738 2090 989 2156 stratuS,
1042 2101 1147 2143 eas
1204 2078 1376 2165 leges
1433 2079 1696 2143 haberet
1783 2079 2134 2165 periculum
2193 2079 2458 2143 audacia
2513 2080 2832 2145 discuaen.
2958 2096 2959 2105 ¹

740 2162 911 2228 Iuvit
956 2178 1023 2230 et
1074 2165 1407 2252 Virginius
1450 2165 1710 2252 collega,
1761 2167 1936 2230 testis
1977 2166 2342 2253 productuS,
2387 2167 2836 2254 participando
2857 2196 2882 2243 2'

736 2251 994 2315 laudes:
1045 2252 1241 2335 magis
1277 2266 1489 2316 tamen
1529 2251 1988 2316 Menenianum
2025 2252 2216 2339 (adeo
2255 2266 2654 2319 mutaverant
2693 2256 2838 2319 ani-

739 2338 947 2423 mum)
974 2334 1211 2426 profliit
1240 2338 1563 2403 iudicium.

416 1225 484 1275 U.
508 1226 567 1275 C.
594 1237 701 1289 279.

412 1292 474 1339 A.
508 1292 567 1339 C.
590 1304 702 1353 473.

413 1356 471 1403 C.
498 1354 703 1413 Nautio,

416 1420 472 1467 P.
488 1418 686 1467 Valerio

414 1486 549 1533 Coss.

2597 2428 2836 2514 quibus
2851 2444 2878 2485 8
2959 2385 2961 2487 1

516 2444 619 2505 53,
828 2424 1199 2490 Certamina
1220 2424 1391 2489 domi
1420 2426 1620 2489 finita.
1700 2426 1940 2492 Veiens
1969 2425 2204 2490 bellum
2229 2440 2549 2503 exortum3

414 2527 610 2576 Beuum
740 2510 959 2576 Sabini
1018 2535 1193 2577 arma
1250 2512 1728 2578 coniunxerant.
1821 2512 1892 2576 P.
1958 2512 2253 2577 Valerius
2311 2513 2550 2591 consul,
2613 2517 2836 2579 accitis

412 2592 666 2707 32:³33?
736 2598 1113 2663 Latinorum
1164 2598 1720 2686 Hernicorumque
1769 2599 2040 2676 auxiliiS,
2089 2622 2236 2662 cum
2283 2600 2568 2665 exercitu
2629 2602 2836 2669 Veios

734 2686 975 2763 missus»,
1007 2699 1209 2750 castra
1250 2685 1500 2761 Sabi-na,
1589 2708 1707 2750 uae
1745 2708 1862 2772 pro
1907 2685 2236 2749 moenibus
2273 2688 2587 2751 sociorum
2629 2687 2834 2753 locata

734 2786 933 2848 erant,
972 2772 1301 2836 confestim
1342 2794 1531 2857 aggre
1580 2785 1742 2847 ltur3
1793 2785 2162 2860 tantamque
2205 2772 2694 2859 trepidationem
2735 2776 2832 2838 in·

735 2858 903 2933 iecit,
937 2870 1027 2934 ut,
1068 2857 1223 2921 dum
1264 2858 1529 2945 dispersi
1569 2857 1676 2921 alii
1715 2857 1838 2923 alia
1877 2857 2319 2944 manipulatim
2357 2876 2710 2926 excurrunt
2751 2862 2874 2927 ad9

802 3081 828 3115 2
865 3069 1026 3126 Quum
1062 3066 1199 3113 haud
1230 3069 1407 3129 procul
1442 3068 1580 3127 inde]
1641 3068 1746 3116 Tri-

736 3131 871 3193 ginta
892 3130 1062 3179 stadia.
1101 3131 1248 3179 Dion.
1272 3130 1337 3180 ix.
1364 3146 1439 3193 23.

802 3210 829 3257 3
864 3198 929 3243 In
950 3197 1128 3254 multa]
1178 3196 1362 3245 Oscum
1386 3197 1695 3256 vocabulum,
1715 3212 1748 3245 a

736 3276 833 3321 quo
864 3260 1064 3319 multus,
1094 3262 1225 3321 quod
1256 3261 1559 3309 numerando
1589 3263 1744 3309 multa

732 3324 1029 3372 aestimetur.
1094 3326 1321 3373 Multare
1351 3325 1483 3373 enim
1518 3330 1622 3373 erat
1659 3326 1745 3373 ali-

735 3388 813 3435 cui
854 3402 1061 3449 poenam
1098 3388 1374 3449 pecuariam
1414 3388 1592 3447 dicere,
1623 3404 1750 3451 quae

735 3450 879 3499 certia
899 3451 1167 3500 intervallis
1187 3460 1484 3502 numeretur.
1509 3454 1570 3503 cf.
1585 3454 1746 3503 Plaut.

735 3515 886 3564 Stich.
924 3515 991 3564 iii.
1032 3531 1072 3564 1.
1107 3518 1139 3542 “
1158 3516 1325 3572 Quam
1364 3517 1547 3565 multas
1583 3524 1746 3565 tecum

734 3579 951 3628 miserias
970 3581 1333 3629 multaverim.”
1365 3582 1427 3629 A.
1452 3581 1584 3629 Gell.
1609 3582 1674 3629 xi.
1704 3595 1744 3630 1.

732 3644 835 3705 qui,
874 3645 1093 3693 Varrone
1134 3651 1349 3703 auctore,
1387 3646 1622 3693 Sabinum
1663 3660 1744 3692 vo·

734 3710 963 3756 cabulum
986 3711 1193 3757 multam
1210 3725 1313 3757 esse
1334 3708 1468 3757 dicit.
1500 3710 1562 3757 cf.
1575 3711 1746 3759 Varro.

732 3772 797 3819 de
822 3772 877 3820 L.
902 3772 961 3821 L.
988 3788 1029 3821 v-
1054 3786 1130 3833 41.
1364 3768 1374 3777 “

787 3855 818 3897 4
839 3840 1001 3894 Quum
1017 3838 1191 3897 capitis
1206 3835 1558 3899 anquia'mmt]
1573 3838 1745 3893 Quum

734 3898 871 3947 litem
906 3900 951 3947 ei
984 3900 1245 3960 capitalem
1278 3900 1613 3959 intendissent,
1645 3901 1745 3950 sive

732 3962 965 4011 iudicium
989 3964 1051 4011 de
1081 3963 1243 4025 capite
1275 3964 1379 4011 eius
1410 3964 1742 4015 instituissent.

729 4028 894 4077 Cnav.
960 4028 1057 4075 Sed
1078 4030 1138 4077 de
1160 4030 1320 4089 capite
1338 4042 1437 4075 non
1459 4028 1590 4075 idem
1613 4030 1742 4090 quod

730 4094 793 4141 de
812 4094 915 4140 vita
946 4092 1072 4139 velle
1104 4097 1247 4153 putat
1276 4092 1479 4140 Niebhr.
1502 4092 1535 4139 i.
1559 4108 1606 4154 p.
1633 4092 1740 4155 568.

728 4156 815 4203 sed
849 4156 887 4203 si
918 4155 1026 4217 quis
1056 4157 1291 4204 iudicium
1324 4163 1469 4217 turpe
1503 4156 1742 4217 subiisset,

730 4228 836 4268 trun
870 4221 1118 4270 deterioris
1152 4222 1280 4269 iuris
1312 4220 1463 4268 flebat
1498 4226 1550 4268 et
1583 4225 1742 4283 eapite

728 4286 1019 4333 deminutus.
1076 4286 1240 4333 Causa
1260 4284 1405 4347 igitur
1424 4286 1601 4347 eapitis
1621 4291 1741 4346 erat,

730 4349 926 4409 quando
960 4349 1027 4397 rei
1061 4348 1274 4398 conditio
1306 4348 1462 4397 civilis
1492 4351 1742 4411 agebatur,

1811 3072 2006 3131 quando
2045 3086 2170 3131 rena,
2205 3087 2352 3121 causa
2389 3073 2673 3131 damnatus,
2700 3076 2830 3122 tribu

1810 3136 2080 3246 medendus
2108 3142 2250 3197 esset,
2273 3137 2349 3184 vel
2381 3136 2432 3184 in
2465 3139 2679 3187 aerarios
2709 3142 2830 3188 refe-

1809 3212 1894 3247 ren
1931 3214 2002 3247 us.

1876 3275 1903 3324 5
1937 3265 2213 3325 Dia-erunt]
2252 3267 2537 3315 Edi-rerunt
2569 3268 2684 3318 edd.
2713 3276 2828 3317 ante

1812 3326 1986 3386 Drak.‚
2000 3333 2049 3375 et
2063 3328 2173 3377 MS.
2186 3328 2352 3379 Veith.
2395 3330 2702 3381 Niebuhriua
2709 3336 2828 3382 irro-

1807 3407 1930 3453 9are
1943 3390 2212 3451 alicui‚non
2227 3396 2385 3443 dicere
2397 3394 2608 3443 multam
2623 3396 2828 3447 tribunis

1813 3453 2004 3504 licuisse
2027 3457 2190 3505 scribit
2215 3458 2244 3506 i.
2268 3474 2318 3521 p.
2339 3456 2451 3520 603.
2474 3459 2585 3508 infr.
2608 3477 2728 3511 xxv.
2755 3479 2796 3525 3.

1875 3518 1908 3567 6
1931 3523 2132 3593 Nepam
2154 3524 2344 3582 tulisse]
2382 3524 2443 3571 cf.
2471 3523 2682 3575 Niebhr.
2704 3526 2756 3575 ii.
2780 3544 2824 3589 p.

1811 3581 1918 3632 ⁴206.
1937 3598 2020 3645 qm
2039 3586 2324 3634 Menenium
2345 3602 2377 3634 a
2396 3590 2586 3649 populo
2601 3590 2826 3639 curiatim

1811 3654 2076 3696 convocato
2098 3650 2384 3698 damnatum
2405 3652 2554 3700 fuisse
2575 3654 2776 3703 iudicat.

1886 3722 1912 3772 7
1953 3713 2331 3775 Participando]
2399 3716 2828 3767 Communieando

1808 3789 1918 3822 suas
1961 3777 2148 3836 laudes,
2190 3794 2312 3840 quas
2351 3796 2414 3828 ex
2471 3783 2663 3843 proelio
2713 3800 2824 3831 cum

1811 3838 2103 3889 Veientibus
2131 3850 2419 3892 consecutus
2437 3852 2562 3906 erat,
2582 3862 2696 3895 cum
2719 3850 2826 3896 Ser·

1809 3901 1938 3951 vilio.
1975 3906 2189 3955 Srnorn.

1809 4030 1820 4041 ·
1871 3968 1901 4014 8
1925 3970 2136 4029 Quibus]
2168 3971 2366 4033 Nempe
2375 3972 2824 4037 Veientibuaquod

1806 4046 1856 4077 m
1875 4046 1993 4080 voce
2023 4035 2190 4083 Veiens
2212 4036 2350 4093 latet,
2370 4042 2487 4085 nota
2517 4040 2652 4099 apud
2673 4040 2824 4088 Grae·

1806 4110 1890 4207 «ἕω
1911 4097 2280 4149 constructione.
2315 4102 2377 4148 cf.
2402 4100 2575 4163 Eur-ip.
2591 4102 2722 4152 Hec.
2745 4106 2822 4151 ed.

1853 4175 1943 4207 ors.
1968 4176 2043 4209 αα.

1867 4238 1900 4287 9
1933 4227 2078 4285 Alia]
2117 4242 2183 4275 sc.
2217 4228 2378 4277 Porta.
2443 4231 2582 4278 Dum
2613 4232 2821 4293 dispersi

1805 4288 1913 4346 alii,
1951 4292 2040 4337 alii
2073 4293 2432 4353 manipulatim.
2497 4294 2610 4343 MS.
2651 4295 2818 4345 veith.

1806 4352 2021 4403 Sraora.
2087 4352 2183 4403 Sed
2205 4358 2307 4405 alia
2330 4356 2485 4407 Drak.
2510 4360 2701 4419 probat.
