3000 4784
836 230 1025 297 LIB.
1072 232 1155 299 V.
1184 290 1187 295 .
1220 231 1441 299 CAP.
1488 236 1594 297 46.
2130 236 2252 301 337

116 365 401 431 cultum
438 387 523 431 ne
570 366 791 431 mortis
828 367 1091 453 quidem
1131 381 1309 431 metu
1354 367 1710 454 prohibitus
1745 367 2144 445 desei-uisset,
2185 368 2254 432 in
2279 386 2344 436 U.
2369 387 2427 437 c.
2453 386 2562 448 365.

122 450 245 515 Ca
294 450 555 517 itolium
605 451 688 516 ad
737 476 883 517 suos
933 452 1143 528 rediit,
1194 474 1307 517 seu
1358 454 1643 518 attonitis
1697 451 1900 517 Gallis
1951 452 2254 519 miraculo
2275 452 2334 499 A.
2368 452 2427 501 Ο·
2455 450 2562 511 337·

118 560 217 601 au.

118 622 489 722 negligens
516 636 613 687 est
638 646 813 709 gens.

359 536 480 614 iae,
528 560 639 603 seu
686 538 991 625 religione
1036 539 1227 603 etiam
1274 539 1483 615 motiS,
1531 540 1710 603 cuius
1757 538 2250 627 haudquaquam

225 708 427 773 Veiis
454 710 709 773 interim
740 732 871 774 non
901 709 1098 773 animi
1128 722 1377 775 tantum
1406 709 1475 773 in
1505 710 1660 787 dies,
1699 710 1811 775 sed
1847 711 2040 775 etiam
2072 711 2252 787 vires,
2274 718 2428 768 Veios
2449 734 2561 768 eon-

118 796 557 863 crescebant:
607 818 725 859 nec
745 795 1053 871 Romanis
1074 794 1279 860 solum
1308 819 1387 861 eo
1415 796 1938 861 convenientibus
1965 822 2048 861 ex
2071 798 2254 883 agris,

2274 783 2477 832 veniunt
2499 798 2584 845 pa-

2273 848 2434 895 lantes
2455 848 2555 896 Ro-

74 906 101 954 7
124 881 263 967 qui
306 903 351 945 a
380 880 621 980 proelio
660 880 921 945 adverso
951 893 1063 945 aut
1100 880 1278 947 clade
1308 895 1528 968 captae
1558 883 1730 947 urbis
1763 883 1957 970 palati
1985 883 2254 960 fuerant,
2272 910 2423 960 mani.

124 966 291 1031 sed·
310 980 511 1031 etiam
552 988 634 1031 ex
682 966 871 1031 Latio
906 965 1273 1031 voluntariis
1318 968 1804 1047 confluentibuS,
1851 982 1924 1033 ut
1965 969 2036 1033 in
2077 984 2256 1055 parte

124 1051 433 1139 praedae
484 1064 709 1117 essent.
800 1052 1131 1117 Maturum
1182 1053 1309 1117 iam
1348 1052 1699 1130 videbatur,
1745 1054 1948 1141 repeti
1989 1055 2256 1142 patriam

128 1138 451 1224 eripique
498 1160 581 1201 ex
630 1138 905 1202 hostium
962 1138 1286 1203 manibus:
1348 1139 1462 1203 sed
1506 1140 1756 1238 corpori
1803 1139 2011 1204 valido
2065 1153 2259 1227 caput-

130 1224 401 1289 deerat.
492 1222 703 1288 Locus
760 1224 893 1310 ipse
952 1224 1333 1288 admonebat
1381 1224 1658 1301 Camilli,
1711 1238 1778 1289 et
1835 1248 2068 1311 magna
2113 1247 2258 1311 pars

883 1309 1081 1375 ductu
1146 1310 1551 1396 auspicioque
1611 1310 1748 1374 eius
1804 1333 1903 1374 res
1960 1332 2256 1397 prospere

738 1395 1018 1460 aedicius
1056 1416 1307 1483 negare,
1339 1418 1406 1459 se
1450 1396 1950 1474 commissurum,
1983 1419 2097 1461 cur
2137 1396 2255 1461 sibi

130 1309 441 1375 militum
498 1323 651 1386 erat,
679 1333 824 1460 Cqui

78 1416 115 1462 8
132 1408 517 1483 genistam:
565 1408 631 1460 et

138 1496 269 1547 aut
299 1482 571 1546 deorum
592 1495 701 1545 aut
722 1480 1054 1546 hominum
1076 1482 1413 1567 quisquam
1431 1481 1766 1581 imperium
1791 1482 2004 1547 finiret
2025 1481 2256 1570 potina,

943 1567 958 1581 ⁶
1012 1567 1026 1582 ‘
1292 1580 1493 1631 sceret
1523 1582 1983 1655 imperatorem.
2081 1567 2259 1634 Con·
2275 1582 2538 1631 Arcensunt

1331 1676 1409 1717 ea
1468 1652 1814 1719 Camillum
1859 1655 2083 1731 acciri3
2144 1654 2260 1719 sed
2275 1646 2559 1697 camillum.

138 1591 361 1655 quani
390 1568 524 1654 ipse
555 1590 797 1631 memor
822 1567 1062 1631 ordinis
1078 1567 1177 1632 sui

138 1676 357 1719 sensu
404 1654 689 1717 omnium
746 1652 1025 1739 placuit,’
1049 1654 1129 1717 ab

142 1753 355 1805 antea
374 1739 661 1839 consulto
678 1751 921 1815 senatu,
941 1739 1054 1825 qui
1076 1738 1321 1803 Romae
1342 1752 1539 1804 esset:
1587 1740 1748 1805 adeo
1769 1742 2026 1828 regebat
2043 1742 2260 1807 omnia

195 1826 392 1902 udor,
412 1824 901 1910 discriminaque
930 1846 1142 1888 rerum
1171 1847 1367 1911 prope
1397 1825 1659 1912 perditis
1688 1828 1875 1892 rebus
1905 1829 2254 1893 servabant.

92 2027 127 2073 9
146 1999 502 2173 amenus,
572 2082 877 2147 incubans
946 2082 1183 2159 cortici,

186 1936 233 1975 n
285 1910 429 1977 enti
465 1910 748 1997 periculo
787 1908 1241 1975 transeundum
1282 1932 1397 1997 per
1423 1912 1699 1975 hostium
1743 1914 2060 1979 custodias
2103 1928 2254 1979 erat.

319 2020 465 2061 eam
506 2019 643 2060 rein
686 1995 955 2061 Pontius
1002 1993 1357 2072 Cominius,
1388 1996 1659 2083 impiger
1699 1998 1962 2075 iuvenis,
2000 2022 2258 2087 operam

1244 2081 1526 2145 secundo
1595 2082 1817 2148 Tiberi
1883 2084 1968 2148 ad
2035 2086 2258 2149 urbem

145 2170 463 2235 defertur.
554 2168 735 2245 Inde,
760 2188 889 2254 qua
915 2167 1276 2254 proximum
1298 2168 1419 2231 fuit
1448 2190 1487 2231 a
1506 2167 1661 2254 ripa,
1686 2191 1800 2255 per
1827 2182 2258 2255 praeruptum,

148 2278 373 2343 eoque
408 2254 769 2341 neglectum
806 2254 1085 2317 hostium
1125 2253 1465 2329 custodiae,
1498 2276 1723 2317 saxum
1753 2254 1822 2317 in
1866 2252 2260 2341 Capitolium

149 2341 415 2407 evadit:
462 2354 546 2417 et,
576 2340 661 2403 ad
699 2339 1095 2427 magistratus
1129 2338 1377 2416 ductus,
1409 2338 1711 2403 mandata
1748 2340 2062 2405 exercitus
2104 2340 2256 2405 edit.

104 2461 124 2493 ι
151 2428 457 2513 Accepto
484 2425 636 2491 inde
666 2439 919 2491 senatus
947 2424 1222 2501 decret0,
1255 2438 1329 2488 ut
1370 2438 1454 2501 et,
1485 2426 1758 2489 comitiis
1787 2426 2042 2490 curiatis
2081 2449 2260 2491 revo-
2276 2442 2518 2493 Camillus

98 2548 129 2581 α
150 2526 347 2579 catus
384 2512 465 2577 de
512 2512 751 2589 exsilio,
788 2512 962 2576 iussu

148 2600 501 2675 diceretur,
533 2598 890 2685 militesque
930 2597 1015 2661 ha
1094 2608 1238 2660 rent
1277 2596 1740 2695 imperatorem,
1783 2619 1974 2696 quem
2006 2596 2258 2675 vellent,

150 2685 393 2751 eadem
410 2685 737 2772 degressus
759 2684 1021 2749 nuntius
1042 2681 1239 2747 Veios
1255 2681 1612 2747 contendit:
1652 2683 1952 2771 missique
1977 2681 2260 2747 Ardeam

150 2771 362 2871 legati
418 2770 501 2835 ad
552 2769 917 2847 Camillum,
963 2770 1164 2834 Veios
1221 2792 1370 2834 eum

1510 2768 1817 2835 rduxere:
1891 2792 2004 2835 seu
2054 2768 2262 2857 (quod

154 2880 370 2945 magis
408 2858 662 2922 credere
703 2856 876 2933 libet,
908 2878 1039 2921 non
1080 2856 1253 2942 prius
1287 2878 1403 2942 pro
1426 2868 1641 2922 ectum
1677 2857 1756 2922 ab
1799 2856 2036 2935 Ardea,
2066 2879 2260 2944 quam

102 2976 135 3023 3
154 2944 479 3030 comperit
521 2942 729 3029 legem
779 2942 1011 3018 latam3
1076 2941 1249 3027 quod
1300 2965 1420 3008 nec
1468 2943 1712 3009 iniussu
1764 2943 1982 3031 populi
2030 2943 2262 3008 mutari

238 3152 267 3201 ⁷
302 3141 349 3187 A
385 3140 569 3200 proelio
603 3138 828 3197 αᾱυονεο]
889 3136 1008 3185 Post
1047 3150 1181 3197 proe-

160 3204 297 3253 lium
319 3202 590 3251 adversum.
626 3200 800 3249 Dant.

246 3268 277 3315 8
319 3268 531 3327 Negare,
562 3281 614 3315 ce
656 3266 1033 3323 commissurum,
1064 3266 1180 3324 cur]

164 3328 423 3381 usitatius
440 3328 565 3377 foret
584 3336 655 3377 ut.
724 3328 1088 3402 quoquomodo
1116 3328 1182 3377 le-

162 3407 459 3531 μειωᾝ
478 3397 802 3530 ὀῗὲῗξὲᾲ
827 3392 1185 3530 (3ξὲἒέἕᾷἓὶ

168 3524 299 3571 dum
327 3520 417 3568 sibi
441 3520 505 3568 ab
536 3519 636 3568 alio
662 3520 826 3580 aliquo
848 3534 947 3567 sive
970 3520 1063 3567 deo
1084 3533 1186 3566 sive

168 3584 377 3635 homine
400 3582 597 3631 finiatur
616 3582 895 3645 imperium,
916 3584 1001 3630 sed
1024 3581 1189 3644 potius

172 3655 237 3699 ut
272 3648 376 3710 ipse
410 3654 628 3709 posceret
659 3646 1020 3709 imperatorem,
1046 3645 1188 3707 eique

173 3714 339 3763 libens
360 3716 562 3773 pareret.
596 3711 757 3761 Casv.

246 3792 279 3841 9
311 3777 519 3824 Pontius
541 3776 813 3834 Cominius]
857 3774 993 3823 Cave
1020 3774 1190 3821 credas

176 3844 307 3891 baec
347 3840 445 3888 duo
494 3838 735 3902 gentilitia.
780 3837 979 3887 nomina
1027 3836 1192 3895 misse,

178 3910 242 3953 ut
259 3904 446 3953 videtui·
459 3908 672 3951 statuere
690 3902 935 3951 Dukerus.
987 3900 1193 3949 Pontius

180 3977 304 4018 tunc
324 3966 415 4015 fuit
435 3980 749 4028 praenomen,
770 3966 901 4027 quod
922 3962 1191 4027 posteriori-

183 4035 279 4084 bus
298 4030 597 4093 temporibus
616 4044 795 4079 nomen
820 4029 1002 4091 gentile
1024 4028 1192 4077 evasit.

186 4095 333 4145 Italis
367 4094 497 4143 enim
534 4094 851 4157 praenomina
884 4093 1037 4151 fuere,
1068 4106 1195 4153 quae

186 4158 426 4211 Romanis
444 4158 574 4207 flictu
595 4164 708 4206 sunt
728 4154 995 4220 gentilitia;
1015 4154 1084 4203 uti
1110 4158 1198 4204 00-

188 4224 631 4285 tavimMoemilim,
639 4223 870 4271 Octavius
885 4220 1091 4279 Metius,
1102 4222 1201 4269 De-

191 4292 296 4338 cius
308 4288 528 4348 Moesus,
539 4286 735 4348 aliique.
760 4284 820 4334 cf.
831 4284 1131 4347 Oudendorp
1148 4282 1199 4331 in

195 4350 411 4401 Frontis.
437 4350 774 4411 Stmtegemat.
808 4348 980 4408 iii.13.
1050 4346 1199 4395 Fron-

282 4432 423 4477 v01..
458 4434 500 4476 1.

1247 3136 1379 3185 tinus
1422 3151 1523 3185 rem
1565 3136 1752 3187 inverso
1789 3139 1958 3187 ordine
2000 3145 2180 3197 nari-at,
2213 3144 2263 3187 et

1248 3200 1531 3250 Cominium
1571 3217 1603 3248 a
1640 3208 1812 3249 senatu
1851 3201 2002 3248 Veios
2038 3202 2102 3248 ad
2140 3216 2260 3248 aux-

1248 3263 1388 3311 ilium
1432 3278 1463 3310 a
1502 3264 1715 3312 Camillo
1749 3265 2112 3325 exposcendum
2151 3265 2263 3311 mis·

1248 3342 1358 3374 sum
1378 3326 1560 3374 scribit.

1320 3404 1337 3437 i
1376 3392 1649 3439 Revocatm
1669 3391 1728 3441 de
1747 3392 1942 3449 exsilio]
1969 3388 2169 3439 Scilicet
2191 3389 2260 3439 in-

1250 3453 1538 3501 terdictione
1586 3468 1744 3514 aquae
1787 3460 1836 3501 et
1886 3454 2011 3515 ignis
2055 3454 2260 3503 sublata.

1254 3516 1459 3567 Niebhr.
1482 3516 1533 3566 ii.
1557 3532 1605 3579 p.
1632 3529 1740 3579 547.

1316 3596 1343 3629 α
1376 3583 1529 3629 Iussu
1545 3583 1719 3644 populi
1737 3580 1971 3629 Camillus
1991 3583 2216 3631 dictator.
2229 3620 2262 3633 ..

1251 3646 1520 3705 diceretur]
1559 3644 1672 3693 Hoc
1695 3646 1980 3695 notandum.
2039 3646 2265 3696 Dictator

1254 3708 1383 3757 enim
1411 3708 1508 3757 dici
1535 3708 1745 3757 debebat
1777 3710 1841 3757 ab
1873 3724 1931 3758 eo
1964 3711 2266 3772 magistratu,

1254 3772 1393 3820 cuius
1423 3787 1617 3820 summa
1637 3778 1742 3820 erat
1762 3778 1992 3834 potestas.
2057 3774 2154 3825 Sed
2183 3792 2264 3825 ne-

1256 3835 1453 3885 cessitas
1474 3838 1678 3903 cogebat
1705 3852 1738 3885 a
1767 3834 1912 3887 solito
1933 3855 2068 3888 more
2091 3840 2140 3887 in
2162 3840 2266 3901 qui·

1256 3900 1461 3949 busdam
1474 3901 1712 3950 recedere.
1760 3902 2055 3953 Plutarchus
2066 3905 2116 3952 in
2125 3904 2266 3953 Cam.

1257 3963 1361 4012 sine
1382 3964 1487 4013 ulla
1507 3965 1756 4015 mentione
1777 3966 1898 4027 legis
1920 3969 2149 4024 curiatae,
2171 3980 2269 4027 qus

1257 4026 1499 4078 Camillus
1525 4030 1588 4077 ab
1613 4029 1785 4077 exsilio
1815 4036 2135 4088 revocaretur,
2155 4043 2270 4077 eum

1258 4092 1544 4141 dictatorem
1568 4092 1754 4142 dictum
1790 4108 1895 4141 esse
1927 4092 2090 4141 scribit
2118 4094 2180 4140 ab
2213 4091 2271 4138 iis

1264 4156 1348 4217 qui
1370 4156 1421 4204 in
1443 4172 1554 4205 arce
1575 4156 1932 4204 obsidebantur.
1963 4158 2123 4205 Ciu-w.

1329 4234 1358 4281 3
1380 4221 1803 4285 Macarifinibus]
1831 4218 1877 4266 Ε
1899 4216 2149 4280 peregrino
2169 4218 2272 4267 solo

1264 4283 1315 4331 in
1350 4282 1471 4331 fines
1502 4282 1770 4340 Romanos,
1790 4281 1890 4329 sive
1923 4283 1972 4329 in
2005 4282 2168 4328 locum
2189 4281 2274 4343 qui

1267 4347 1524 4395 Romanae
1547 4344 1743 4393 ditionis
1765 4346 1907 4405 esset,
1928 4344 2142 4393 transire.
2179 4346 2275 4396 Ca.

1092 2510 1229 2597 puli
1276 2508 1586 2575 Camillus
1629 2510 1901 2575 dictator
1938 2511 2260 2598 extemplo
2277 2507 2486 2582 dictum

2277 2572 2467 2619 dicitur.
