3000 4784
337 364 408 478 ῙΔῙῙ
431 364 494 479 g·—
517 374 628 489 332:
665 430 779 495 sed
809 428 1046 494 invicta
1077 428 1198 493 sibi
1226 426 1542 515 quaedam
1586 426 2045 519 patientissima
2072 425 2222 490 iusti
2267 426 2546 525 imperii
2586 424 2841 489 civitas
2856 441 2879 487 5

663 212 790 273 366
1447 201 1671 270 ΤῙΤῙ
1724 200 1998 269 LIVII

666 352 686 383 6
703 344 826 409 erit
845 344 901 407 ?’
975 340 1236 407 Nullius
1265 362 1386 405 nec
1415 340 1586 406 oculi
1614 362 1735 404 nec
1764 362 1948 406 aures
1970 338 2421 426 indignitatem
2438 338 2831 403 fiet-ebant:

665 516 934 581 fecerat:
987 537 1107 579 nec
1129 514 1427 579 adversus
1449 514 1845 578 dictatoriam
1864 513 1994 577 vim
2010 524 2125 577 aut
2146 512 2387 577 tribum
2410 510 2697 600 plebia,
2726 524 2845 574 aut

338 619 560 671 Manlius
579 618 632 668 in
665 603 802 703 ipsa
827 602 1026 689 plebs,
1047 600 1332 665 attollere
1363 598 1580 665 oculos
1609 613 1721 663 aut
1748 600 1993 663 hiscere
2016 598 2353 663 audebant.
2454 596 2845 662 coniecto

338 698 580 732 carcerem

337 748 526 797 missus.

450 2066 548 2131 17.

338 2152 589 2209 Querelae

337 2216 402 2264 ad
425 2216 647 2265 multitu-

337 2280 504 2328 dinem
525 2280 589 2328 de

337 2344 531 2405 prodito

337 2408 550 2458 Manlio.

664 712 734 753 m
775 710 1094 753 carcerem
1139 686 1408 763 Manli0,
1445 686 1597 751 satis
1638 697 1903 762 constat,
1935 706 1999 748 m
2168 708 2231 749 m
2274 698 2543 772 partem
2602 684 2851 770 plebis

665 788 904 840 vestem
943 786 1238 850 mutasse,
1271 773 1507 837 multos
1536 772 1833 837 mortales
1871 772 2035 859 capil
2062 794 2171 835 um
2202 794 2275 835 ac
2315 771 2618 835 barbam
2678 783 2894 856 pro-6

601 886 606 889 ·
661 861 922 937 misisse,
954 860 1472 946 obversatamque
1502 858 1815 923 vestibulo
1846 858 2113 922 carceris
2146 870 2457 921 maestam
2496 856 2847 921 turbam.

663 946 958 1012 Dictator
985 946 1067 1010 de
1101 944 1351 1011 Volscis
1377 944 1825 1032 triumphavit:
1872 944 2281 1031 invidiaeque
2312 944 2523 1043 magis
2568 943 2853 1006 trium-

661 1033 847 1120 phuS,
879 1055 1072 1119 quam
1101 1031 1358 1119 gloriae,
1389 1031 1529 1096 suit.
1627 1032 1887 1117 Quippe
1918 1030 2111 1107 domi,
2144 1052 2273 1094 non
2306 1030 2633 1105 militiae,
2674 1050 2853 1114 par-

665 1133 804 1183 tum
855 1141 1041 1195 eum3
1097 1132 1438 1204 actumque
1483 1117 1565 1181 de
1614 1118 1775 1194 cive,
1816 1140 1949 1181 non
1990 1116 2072 1180 de
2121 1116 2324 1192 hoste,
2372 1116 2807 1180 fremebant
2824 1138 2843 1175 ε

667 1228 866 1271 unum
885 1204 1158 1270 defuisse
1181 1217 1433 1269 tantum
1455 1204 1807 1289 superbiae,
1828 1202 2003 1288 quod
2030 1226 2162 1267 non
2186 1202 2285 1266 M.
2308 1201 2635 1266 Manlius
2662 1212 2847 1265 ante

665 1314 922 1357 currum
951 1292 1034 1357 sit
1061 1292 1308 1355 ductus·
1399 1288 1667 1376 Iamque
1684 1288 1859 1352 haud
1886 1288 2107 1377 procul
2130 1287 2447 1352 seditione
2472 1311 2593 1353 res
2632 1300 2836 1352 emt:

663 1380 845 1444 cuius
874 1377 1208 1445 leniendae
1239 1398 1444 1453 causa,
1562 1375 1835 1439 stulante
1864 1374 2063 1452 nullo,
2086 1374 2348 1461 largitor
2374 1374 2843 1439 voluntarius
2965 1434 2967 1447 ,

664 1478 928 1551 repente
959 1476 1212 1528 senatus
1233 1463 1453 1540 factuS,
1565 1462 1793 1526 trIcum
1816 1460 2130 1525 coloniam
2148 1460 2279 1525 duo
2301 1460 2507 1525 millia
2532 1461 2835 1525 civium
2861 1484 2889 1528 7
2964 1448 2967 1563 ἱ

667 1550 1106 1623 Romanorum
1151 1549 1384 1613 deduci
1427 1549 1642 1612 iussit:
1706 1548 1859 1613 bina
1900 1548 2120 1634 iugera
2174 1560 2241 1611 et
2282 1548 2585 1612 semisses
2664 1546 2887 1633 agris
2965 1564 2967 1629 ξ

664 1636 978 1722 assignati.
1075 1635 1271 1710 Quod
1317 1657 1517 1721 quum
1576 1646 1645 1698 et
1740 1656 1959 1697 arvum
2018 1646 2085 1698 et
2132 1634 2352 1721 paucis
2402 1634 2687 1712 datum,
2754 1646 2837 1696 et

665 1722 1024 1787 mercedem
1107 1743 1241 1785 esse
1313 1720 1629 1807 prodendi
1784 1767 1800 1784 .
1836 1718 2069 1785 Manlii
2150 1719 2823 1819 interpretarentur3
2964 1766 2967 1797 ÷

662 1808 948 1871 remedio
977 1807 1258 1869 irritatur
1277 1806 1523 1870 seditio.
1618 1806 1707 1870 Et
1726 1807 1851 1871 iam
1874 1808 2074 1893 magis
2102 1806 2367 1893 insigms
2390 1820 2457 1871 et
2474 1806 2827 1871 sordibus
2965 1798 2967 1862 ἰ

663 1906 732 1957 et
797 1892 958 1957 facie
1017 1914 1268 1956 reorum
1322 1892 1509 1956 turba
1566 1892 1898 1957 Manliana
1966 1905 2122 1969 erat,
2182 1905 2565 1979 amotusque
2634 1904 2819 1979 post

665 1978 1061 2067 triumphum
1118 1978 1519 2043 abdicatione
1577 1977 1925 2043 dictaturae
1984 1992 2185 2043 terror
2240 1992 2308 2042 et
2350 1978 2659 2065 linguam
2734 1991 2819 2041 et
2964 1951 2967 2039 l

665 2065 909 2130 animos
925 2064 1298 2129 liberaverat
1313 2065 1665 2149 hominum.
1736 2064 2187 2129 Audiebantur
2200 2064 2415 2151 itaque
2434 2064 2809 2152 propalam

665 2174 850 2217 voces
897 2152 1414 2253 exprobrantium
1464 2150 1883 2226 multitudini,
1934 2160 1954 2188 6
1970 2151 2149 2237 quod
2192 2150 2561 2215 defensores
2620 2172 2811 2215 suos

667 2247 687 2277 ‘
703 2261 953 2325 semper
979 2261 1050 2302 m
1089 2238 1500 2325 praecipitem
1529 2238 1741 2301 locum
1770 2237 1983 2301 favore
2014 2236 2212 2315 tollat,
2243 2235 2481 2302 deinde
2526 2238 2599 2301 in
2632 2240 2801 2325 ipso

667 2332 688 2363 ‘
707 2324 1069 2389 discrimine
1113 2323 1380 2411 periculi
1407 2322 1727 2388 destituat.
1844 2322 1951 2388 Sic
1998 2322 2044 2388 S
2090 2371 2105 2387 .
2136 2323 2449 2401 Cassium,
2480 2323 2549 2387 in
2580 2346 2799 2413 agros

667 2410 962 2498 [plebem
993 2424 1345 2488 vocantem,
1375 2410 1466 2474 sic
1500 2406 1608 2497 Sp.
1643 2409 1976 2482 Maelium.
2007 2347 2089 2474 αξ
2125 2432 2233 2475 ore
2264 2410 2501 2474 civium
2530 2410 2795 2475 famem

667 2506 687 2535 ‘
703 2498 833 2563 suis
868 2498 1170 2585 impensis
1207 2495 1706 2586 propulsantem,
1744 2518 2108 2584 oppressos3
2156 2497 2245 2561 sic
2290 2496 2388 2560 Μ.
2414 2496 2785 2573 Manlium,

664 2592 685 2623 ‘
707 2607 976 2649 mersam
998 2598 1066 2649 et
1085 2586 1374 2649 obrutam
1391 2584 1610 2648 fenore
1639 2596 1885 2671 partem
1913 2583 2186 2647 'civitatis
2213 2583 2282 2645 in
2299 2582 2665 2648 libertatem
2698 2605 2787 2648 ac

662 2680 682 2711 6
698 2671 910 2735 lucem
933 2671 1393 2746 extrahentem,
1423 2670 1767 2757 proditum·
1780 2668 2071 2733 inimicis.
2168 2668 2472 2770 Saginare
2500 2668 2777 2757 plebem

663 2766 681 2794 ‘
703 2755 1040 2844 populares
1069 2779 1234 2832 sune,
1253 2768 1328 2819 ut
1345 2756 1729 2841 iugulentur.
1823 2754 2113 2821 Hoccine
2144 2755 2523 2842 patiendum
2546 2755 2777 2832 fuisse,

661 2850 682 2881 ‘
701 2842 754 2903 si
803 2841 886 2904 ad
937 2854 1167 2905 nutum
1218 2839 1543 2905 dictatoris
1592 2864 1725 2907 non
1776 2841 2173 2929 responderit
2220 2842 2319 2905 vir
2367 2843 2724 2908 consularis
2744 2843 2780 2906 :³

661 2936 680 2965 ‘
704 2924 758 2990 F
757 2926 1052 3011 ingerent
1080 2926 1422 2990 mentitum
1457 2939 1627 3004 ante,
1658 2942 1853 3014 atque
1896 2927 2045 2994 idco
2072 2950 2207 2995 non
2234 2928 2553 3009 habuisse,
2584 2928 2773 3017 quod

725 3190 752 3241 5
786 3180 980 3228 Invicta
1000 3179 1092 3227 sibi
1113 3178 1350 3242 quaedam
1367 3212 1378 3227 .
1395 3212 1408 3227 .
1423 3179 1668 3240 ..fecerun

661 3242 743 3291 Ita
780 3244 1033 3291 verebatur
1073 3244 1314 3305 quaedam
1355 3242 1581 3305 imperia,
1616 3250 1675 3291 ut

658 3322 826 3355 eorum
849 3307 946 3356 vim
974 3306 1067 3355 sibi
1091 3306 1200 3369 ipsa
1223 3306 1456 3355 invictam
1475 3307 1671 3356 faceret.

615 3372 620 3377 '
657 3371 818 3420 Gna-v.

719 3432 750 3483 6
783 3436 998 3483 Barbam
1015 3437 1316 3497 promisisse]
1355 3434 1577 3483 Credidit
1598 3450 1669 3482 er-

653 3515 716 3561 go
741 3498 909 3547 Livius
937 3500 1036 3547 iam
1067 3504 1170 3547 tum
1203 3499 1254 3547 in
1284 3515 1376 3547 usu
1404 3498 1539 3560 apud
1568 3498 1667 3545 Ro-

1738 3178 1846 3243 ipeo
1865 3180 2023 3241 Livio,
2040 3196 2169 3244 supr.
2190 3198 2233 3231 v.
2252 3196 2331 3243 41.
2352 3182 2441 3231 sed
2457 3187 2630 3233 tamen
2648 3196 2766 3233 eam

1738 3246 1993 3293 attondere
2029 3246 2338 3307 aliquatenus
2374 3252 2426 3294 et
2460 3262 2764 3309 componere

1737 3308 1867 3355 soliti
1890 3315 2058 3367 erantg
2088 3309 2139 3357 in
2166 3310 2303 3358 luctu
2333 3312 2613 3372 neglectam
2649 3328 2760 3373 pro—

1736 3372 2031 3433 missamque
2046 3375 2199 3421 fluere
2214 3374 2453 3423 sinebant.
2497 3374 2615 3423 vid.
2624 3391 2761 3437 supr.

1734 3434 1871 3497 ii.23.
1896 3436 2057 3485 szv.
2106 3438 2291 3497 Livius,
2304 3452 2456 3499 quum
2476 3438 2603 3485 nihil
2620 3440 2759 3488 aliud

1734 3498 1993 3547 dicendum
2022 3506 2165 3558 esset,
2185 3501 2279 3549 nisi
2308 3517 2537 3563 maenam
2560 3511 2757 3563 partem

653 3576 826 3611 manos
865 3562 1031 3622 fuisse,
1073 3568 1130 3610 ut
1176 3564 1378 3611 barbam
1429 3562 1669 3611 raderent.
1728 3564 1886 3624 plebis
1912 3570 2089 3613 vestem
2120 3572 2349 3623 mium,
2381 3566 2476 3613 hoc
2508 3572 2567 3613 nt
2600 3580 2759 3629 magis

654 3625 846 3673 Tamen
879 3626 1010 3674 Plin.
1040 3626 1109 3675 H.
1137 3626 1204 3675 N.
1229 3626 1309 3675 vii.
1333 3640 1409 3689 59.
1443 3626 1670 3684 affirmat,

651 3694 850 3735 auctore
873 3689 1110 3747 Varrone,
1138 3696 1356 3738 tonsores
1383 3690 1434 3737 in
1466 3689 1667 3738 Italiam

651 3766 714 3799 ex
738 3748 907 3799 Sicilia
929 3752 1116 3799 venisse
1137 3767 1269 3800 anno
1289 3754 1488 3801 demum
1516 3754 1583 3802 U.
1606 3755 1665 3803 C.

651 3830 762 3875 454.
802 3810 911 3886 (qui
954 3830 1016 3861 ex
1057 3815 1247 3861 calculo
1281 3815 1557 3864 Catoniano
1594 3823 1668 3865 est

651 3874 789 3940 452.)
810 3877 862 3923 ul
885 3882 975 3934 est,
1005 3876 1146 3925 annis
1176 3879 1390 3939 amplius
1421 3879 1669 3941 octoginta

651 3946 764 4003 post
777 3938 1054 3989 coniectum
1070 3940 1120 3989 in
1136 3956 1376 3990 carcerem
1391 3942 1664 3992 Manlium:

653 4010 799 4052 antea
829 4004 1045 4054 intonsos
1075 4004 1222 4053 fuisse
1245 4006 1513 4055 Romanos.
1576 4006 1664 4054 At-

653 4084 749 4129 que
783 4066 834 4115 id
863 4068 1037 4117 astruit
1061 4070 1237 4127 Varro,
1259 4070 1321 4117 de
1345 4069 1424 4117 Re
1448 4069 1591 4118 Rust.
1616 4068 1665 4119 ii.

657 4146 731 4180 11.
758 4148 820 4179 ex
849 4132 1160 4194 antiquorum
1194 4133 1383 4190 statuis,
1411 4136 1540 4195 qnod
1564 4136 1667 4196 ple·

679 4212 768 4259 aeq
892 4195 1070 4257 inquit,
1111 4198 1289 4247 habent
1339 4198 1575 4259 capillum
1619 4206 1667 4247 et

651 4270 850 4317 bamam
873 4289 904 4317 ῃ
933 4314 936 4316 Α
985 4278 1114 4310 nam.
1169 4262 1286 4309 Non
1307 4262 1543 4311 radebant
1565 4262 1667 4323 qui·

642 4212 1233 4406 mveteres
1273 4326 1506 4385 Romani,
1545 4332 1667 4375 teste

1035 4409 1075 4490 Χ

1079 4513 1112 4575 χι

1736 3626 1931 3687 copiose
1970 3642 2030 3675 ac
2075 3627 2235 3677 vivide
2278 3628 2427 3687 dicat,
2469 3643 2629 3689 quum
2676 3632 2753 3679 vel

1731 3688 1854 3751 ipse,
1869 3692 1946 3739 vel
1965 3696 2095 3740 certe
2110 3692 2318 3740 lectores
2334 3692 2611 3741 maestitiae
2624 3700 2755 3742 vete-

1731 3768 1839 3801 rum
1860 3754 1983 3803 ritus
2002 3756 2261 3815 nescirent,
2282 3772 2344 3804 ex
2366 3771 2501 3804 more
2531 3756 2607 3805 sui
2630 3764 2751 3805 tem-

1732 3818 1865 3879 poris
1891 3819 2047 3878 addit,
2068 3822 2241 3869 multos
2264 3822 2491 3869 meotes
2515 3822 2751 3882 capillum

1731 3898 1790 3930 ao
1811 3884 2009 3931 barbam
2024 3886 2315 3945 promisisse.
2350 3884 2567 3933 Srnorn.

1798 3958 1825 4006 7
1859 3948 2131 4006 chioniam]
2172 3948 2308 3996 Huic
2329 3948 2552 3996 coloniae
2580 3964 2750 4011 agrum

1734 4008 2055 4071 Pomptinum
2087 4011 2384 4075 assignatum
2412 4012 2561 4060 finisse
2586 4014 2748 4063 existi-

1732 4080 1836 4121 mat
1860 4072 2065 4123 Niebhr.
2088 4075 2136 4124 ii.
2158 4092 2207 4125 n.
2238 4077 2373 4124 1288.

1798 4138 1829 4184 8
1862 4140 1996 4185 Bina
2016 4141 2191 4200 iuyera
2218 4148 2267 4189 et
2293 4140 2534 4200 semisses]
2575 4142 2749 4191 Semis-

1730 4216 1805 4249 ses
1836 4200 2091 4249 dimidiam
2118 4210 2307 4263 partem
2340 4203 2491 4265 iugeri
2524 4212 2583 4251 ut
2616 4220 2749 4269 supr.

1735 4278 1811 4323 24.
1846 4272 2118 4326 septunces,
2144 4282 2209 4316 se.
2236 4274 2413 4329 septem
2440 4268 2749 4318 duodecimos

1729 4336 1899 4387 partes
1920 4331 2096 4391 imeri.
