<?xml version="1.0" encoding="UTF-8"?>
<!DOCTYPE html PUBLIC "-//W3C//DTD XHTML 1.0 Transitional//EN"
    "http://www.w3.org/TR/xhtml1/DTD/xhtml1-transitional.dtd">
<html xmlns="http://www.w3.org/1999/xhtml" xml:lang="en" lang="en">
 <head>
  <title>
</title>
<meta http-equiv="Content-Type" content="text/html;charset=utf-8" />
  <meta name='ocr-system' content='tesseract 3.04.00' />
  <meta name='ocr-capabilities' content='ocr_page ocr_carea ocr_par ocr_line ocrx_word'/>
</head>
<body>
  <div class='ocr_page' id='page_1' title='image "./tliviipatavinih10unkngoog_0534.png"; bbox 0 0 3000 4784; ppageno 0'>
   <div class='ocr_carea' id='block_1_1' title="bbox 736 248 2064 318">
    <p class='ocr_par' dir='ltr' id='par_1_1' title="bbox 736 248 2064 318">
     <span class='ocr_line' id='line_1_1' title="bbox 736 248 2064 318; baseline -0.003 0"><span class='ocrx_word' id='word_1_1' title='bbox 736 257 867 318; x_wconf 83' lang='lat'>520</span> <span class='ocrx_word' id='word_1_2' title='bbox 1509 248 1735 316; x_wconf 85' lang='lat' dir='ltr'>TITI</span> <span class='ocrx_word' id='word_1_3' title='bbox 1789 248 2064 315; x_wconf 91' lang='lat' dir='ltr'>LIVII</span> 
     </span>
    </p>
   </div>
   <div class='ocr_carea' id='block_1_2' title="bbox 413 350 2802 560">
    <p class='ocr_par' dir='ltr' id='par_1_2' title="bbox 413 350 2802 560">
     <span class='ocr_line' id='line_1_2' title="bbox 413 350 2428 511; baseline 0.003 -66"><span class='ocrx_word' id='word_1_4' title='bbox 413 396 487 511; x_wconf 53' lang='lat' dir='ltr'>Y.</span> <span class='ocrx_word' id='word_1_5' title='bbox 506 397 569 511; x_wconf 67' lang='lat' dir='ltr'>g.</span> <span class='ocrx_word' id='word_1_6' title='bbox 590 406 702 459; x_wconf 77' lang='lat'>435-</span> <span class='ocrx_word' id='word_1_7' title='bbox 740 389 899 454; x_wconf 88' lang='lat' dir='ltr'>dum</span> <span class='ocrx_word' id='word_1_8' title='bbox 970 400 1123 465; x_wconf 85' lang='lat' dir='ltr'>erat,</span> <span class='ocrx_word' id='word_1_9' title='bbox 1181 409 1400 453; x_wconf 84' lang='lat' dir='ltr'>senem</span> <span class='ocrx_word' id='word_1_10' title='bbox 1456 386 1763 453; x_wconf 80' lang='lat' dir='ltr'>viderant.</span> <span class='ocrx_word' id='word_1_11' title='bbox 1855 384 2163 451; x_wconf 74' lang='lat' dir='ltr'>Militat-ia</span> <span class='ocrx_word' id='word_1_12' title='bbox 2227 350 2428 485; x_wconf 73' lang='lat' dir='ltr'>opera</span> 
     </span>
     <span class='ocr_line' id='line_1_3' title="bbox 462 468 2802 560; baseline 0.005 -23"><span class='ocrx_word' id='word_1_13' title='bbox 462 497 477 511; x_wconf 91' lang='lat'><strong>·</strong></span> <span class='ocrx_word' id='word_1_14' title='bbox 556 496 570 510; x_wconf 93' lang='lat'><strong>·</strong></span> <span class='ocrx_word' id='word_1_15' title='bbox 592 472 704 523; x_wconf 81' lang='lat'><strong>317·</strong></span> <span class='ocrx_word' id='word_1_16' title='bbox 741 475 1005 540; x_wconf 89' lang='lat' dir='ltr'>obeunti</span> <span class='ocrx_word' id='word_1_17' title='bbox 1028 473 1401 539; x_wconf 86' lang='lat' dir='ltr'>Alexandro</span> <span class='ocrx_word' id='word_1_18' title='bbox 1452 494 1602 537; x_wconf 84' lang='lat' dir='ltr'>nam</span> <span class='ocrx_word' id='word_1_19' title='bbox 1620 496 1700 539; x_wconf 85' lang='lat' dir='ltr'>ea</span> <span class='ocrx_word' id='word_1_20' title='bbox 1725 496 1983 560; x_wconf 83' lang='lat' dir='ltr'>quoque</span> <span class='ocrx_word' id='word_1_21' title='bbox 2004 470 2179 536; x_wconf 80' lang='lat' dir='ltr'>haud</span> <span class='ocrx_word' id='word_1_22' title='bbox 2195 492 2412 535; x_wconf 69' lang='lat' dir='ltr'>mmm</span> <span class='ocrx_word' id='word_1_23' title='bbox 2433 468 2674 533; x_wconf 62' lang='lat' dir='ltr'>clarum</span> <span class='ocrx_word' id='word_1_24' title='bbox 2689 486 2802 529; x_wconf 68' lang='lat' dir='ltr'>eum</span> 
     </span>
    </p>
   </div>
   <div class='ocr_carea' id='block_1_3' title="bbox 536 2211 633 2272">
    <p class='ocr_par' dir='ltr' id='par_1_3' title="bbox 536 2211 633 2272">
     <span class='ocr_line' id='line_1_4' title="bbox 536 2211 633 2272; baseline -0.01 0"><span class='ocrx_word' id='word_1_25' title='bbox 536 2211 633 2272; x_wconf 91' lang='lat'>18.</span> 
     </span>
    </p>
   </div>
   <div class='ocr_carea' id='block_1_4' title="bbox 736 551 2842 3750">
    <p class='ocr_par' dir='ltr' id='par_1_4' title="bbox 736 551 2842 3750">
     <span class='ocr_line' id='line_1_5' title="bbox 740 551 2804 648; baseline -0.005 -22"><span class='ocrx_word' id='word_1_26' title='bbox 740 560 1014 648; x_wconf 85' lang='lat' dir='ltr'>faciunt)</span> <span class='ocrx_word' id='word_1_27' title='bbox 1042 560 1329 625; x_wconf 83' lang='lat' dir='ltr'>cessisset</span> <span class='ocrx_word' id='word_1_28' title='bbox 1352 560 1411 625; x_wconf 82' lang='lat' dir='ltr'>vi</span> <span class='ocrx_word' id='word_1_29' title='bbox 1464 558 1654 624; x_wconf 87' lang='lat' dir='ltr'>elicet</span> <span class='ocrx_word' id='word_1_30' title='bbox 1680 559 1750 623; x_wconf 89' lang='lat' dir='ltr'>in</span> <span class='ocrx_word' id='word_1_31' title='bbox 1779 559 1916 623; x_wconf 86' lang='lat' dir='ltr'>acie</span> <span class='ocrx_word' id='word_1_32' title='bbox 1943 557 2192 623; x_wconf 87' lang='lat' dir='ltr'>oblatus</span> <span class='ocrx_word' id='word_1_33' title='bbox 2217 580 2332 645; x_wconf 88' lang='lat' dir='ltr'>par</span> <span class='ocrx_word' id='word_1_34' title='bbox 2361 554 2658 621; x_wconf 79' lang='lat' dir='ltr'>Manlius</span> <span class='ocrx_word' id='word_1_35' title='bbox 2679 551 2804 617; x_wconf 82' lang='lat' dir='ltr'>Tor-</span> 
     </span>
     <span class='ocr_line' id='line_1_6' title="bbox 789 641 2806 732; baseline -0.005 -21"><span class='ocrx_word' id='word_1_36' title='bbox 789 660 993 725; x_wconf 89' lang='lat' dir='ltr'>uatus,</span> <span class='ocrx_word' id='word_1_37' title='bbox 1038 659 1151 713; x_wconf 89' lang='lat' dir='ltr'>aut</span> <span class='ocrx_word' id='word_1_38' title='bbox 1193 645 1487 711; x_wconf 87' lang='lat' dir='ltr'>Valerius</span> <span class='ocrx_word' id='word_1_39' title='bbox 1534 644 1802 723; x_wconf 87' lang='lat' dir='ltr'>Corvus,</span> <span class='ocrx_word' id='word_1_40' title='bbox 1847 644 2126 732; x_wconf 81' lang='lat' dir='ltr'>insignes</span> <span class='ocrx_word' id='word_1_41' title='bbox 2169 656 2316 709; x_wconf 84' lang='lat' dir='ltr'>ante</span> <span class='ocrx_word' id='word_1_42' title='bbox 2361 641 2627 716; x_wconf 78' lang='lat' dir='ltr'><strong>milites,</strong></span> <span class='ocrx_word' id='word_1_43' title='bbox 2653 658 2806 725; x_wconf 81' lang='lat' dir='ltr'>quam</span> 
     </span>
     <span class='ocr_line' id='line_1_7' title="bbox 742 671 2806 819; baseline -0.005 -22"><span class='ocrx_word' id='word_1_44' title='bbox 742 671 973 799; x_wconf 59' lang='lat' dir='ltr'>:luceat</span> <span class='ocrx_word' id='word_1_45' title='bbox 1052 732 1383 797; x_wconf 78' lang='lat' dir='ltr'>cessissent</span> <span class='ocrx_word' id='word_1_46' title='bbox 1454 731 1665 809; x_wconf 84' lang='lat' dir='ltr'><strong>Decii,</strong></span> <span class='ocrx_word' id='word_1_47' title='bbox 1726 731 1970 796; x_wconf 75' lang='lat' dir='ltr'>devotis</span> <span class='ocrx_word' id='word_1_48' title='bbox 2027 730 2400 819; x_wconf 74' lang='lat' dir='ltr'>corporibus</span> <span class='ocrx_word' id='word_1_49' title='bbox 2463 728 2536 791; x_wconf 88' lang='lat' dir='ltr'>in</span> <span class='ocrx_word' id='word_1_50' title='bbox 2603 726 2806 789; x_wconf 65' lang='lat' dir='ltr'>hostem</span> 
     </span>
     <span class='ocr_line' id='line_1_8' title="bbox 744 806 2807 915; baseline -0.003 -31"><span class='ocrx_word' id='word_1_51' title='bbox 744 830 1033 885; x_wconf 85' lang='lat' dir='ltr'>ruentes:</span> <span class='ocrx_word' id='word_1_52' title='bbox 1082 818 1367 883; x_wconf 78' lang='lat' dir='ltr'>cessisset</span> <span class='ocrx_word' id='word_1_53' title='bbox 1394 818 1688 906; x_wconf 81' lang='lat' dir='ltr'>Papirius</span> <span class='ocrx_word' id='word_1_54' title='bbox 1721 815 1980 895; x_wconf 78' lang='lat' dir='ltr'>Cursor,</span> <span class='ocrx_word' id='word_1_55' title='bbox 2010 816 2122 881; x_wconf 87' lang='lat' dir='ltr'>illo</span> <span class='ocrx_word' id='word_1_56' title='bbox 2149 816 2436 915; x_wconf 82' lang='lat' dir='ltr'>corporis</span> <span class='ocrx_word' id='word_1_57' title='bbox 2465 814 2704 885; x_wconf 79' lang='lat' dir='ltr'>robore,</span> <span class='ocrx_word' id='word_1_58' title='bbox 2727 806 2807 871; x_wconf 82' lang='lat' dir='ltr'>illo</span> 
     </span>
     <span class='ocr_line' id='line_1_9' title="bbox 746 893 2810 1045; baseline -0.002 -76"><span class='ocrx_word' id='word_1_59' title='bbox 746 904 977 969; x_wconf 86' lang='lat' dir='ltr'>animi:</span> <span class='ocrx_word' id='word_1_60' title='bbox 1040 905 1243 969; x_wconf 78' lang='lat' dir='ltr'>victus</span> <span class='ocrx_word' id='word_1_61' title='bbox 1300 917 1465 969; x_wconf 87' lang='lat' dir='ltr'>esset</span> <span class='ocrx_word' id='word_1_62' title='bbox 1521 903 1798 969; x_wconf 78' lang='lat' dir='ltr'>comiliis</span> <span class='ocrx_word' id='word_1_63' title='bbox 1854 903 2102 968; x_wconf 79' lang='lat' dir='ltr'>iuvenis</span> <span class='ocrx_word' id='word_1_64' title='bbox 2157 924 2366 978; x_wconf 88' lang='lat' dir='ltr'>umus,</span> <span class='ocrx_word' id='word_1_65' title='bbox 2425 922 2516 965; x_wconf 87' lang='lat' dir='ltr'>ne</span> <span class='ocrx_word' id='word_1_66' title='bbox 2573 893 2810 1045; x_wconf 55' lang='lat' dir='ltr'>singu-1⁰⁸</span> 
     </span>
     <span class='ocr_line' id='line_1_10' title="bbox 748 979 2840 1077; baseline -0.003 -22"><span class='ocrx_word' id='word_1_67' title='bbox 748 991 1094 1069; x_wconf 85' lang='lat' dir='ltr'>nominem,</span> <span class='ocrx_word' id='word_1_68' title='bbox 1116 1004 1371 1056; x_wconf 86' lang='lat' dir='ltr'>senatus</span> <span class='ocrx_word' id='word_1_69' title='bbox 1390 990 1518 1068; x_wconf 89' lang='lat' dir='ltr'>ille,</span> <span class='ocrx_word' id='word_1_70' title='bbox 1538 1012 1732 1077; x_wconf 90' lang='lat' dir='ltr'>quem</span> <span class='ocrx_word' id='word_1_71' title='bbox 1763 990 1877 1077; x_wconf 90' lang='lat' dir='ltr'>qui</span> <span class='ocrx_word' id='word_1_72' title='bbox 1907 998 1928 1028; x_wconf 87' lang='lat'>‘</span> <span class='ocrx_word' id='word_1_73' title='bbox 1945 1004 2029 1054; x_wconf 84' lang='lat' dir='ltr'>ex</span> <span class='ocrx_word' id='word_1_74' title='bbox 2049 987 2304 1077; x_wconf 84' lang='lat' dir='ltr'>regibus</span> <span class='ocrx_word' id='word_1_75' title='bbox 2325 986 2641 1053; x_wconf 83' lang='lat' dir='ltr'>constare’</span> <span class='ocrx_word' id='word_1_76' title='bbox 2701 979 2840 1053; x_wconf 52' lang='lat' dir='ltr'>ixissz</span> 
     </span>
     <span class='ocr_line' id='line_1_11' title="bbox 748 1072 2842 1165; baseline -0.004 -23"><span class='ocrx_word' id='word_1_77' title='bbox 748 1099 914 1142; x_wconf 89' lang='lat' dir='ltr'>unus</span> <span class='ocrx_word' id='word_1_78' title='bbox 942 1098 1153 1142; x_wconf 86' lang='lat' dir='ltr'>veram</span> <span class='ocrx_word' id='word_1_79' title='bbox 1194 1078 1468 1165; x_wconf 90' lang='lat' dir='ltr'>speciem</span> <span class='ocrx_word' id='word_1_80' title='bbox 1517 1076 1795 1141; x_wconf 87' lang='lat' dir='ltr'>Romani</span> <span class='ocrx_word' id='word_1_81' title='bbox 1835 1090 2088 1141; x_wconf 85' lang='lat' dir='ltr'>senatus</span> <span class='ocrx_word' id='word_1_82' title='bbox 2131 1074 2318 1161; x_wconf 87' lang='lat' dir='ltr'>cepit.</span> <span class='ocrx_word' id='word_1_83' title='bbox 2413 1072 2503 1137; x_wconf 91' lang='lat' dir='ltr'>Id</span> <span class='ocrx_word' id='word_1_84' title='bbox 2530 1092 2678 1136; x_wconf 84' lang='lat' dir='ltr'>vero</span> <span class='ocrx_word' id='word_1_85' title='bbox 2709 1078 2842 1133; x_wconf 57' lang='lat' dir='ltr'>erat*</span> 
     </span>
     <span class='ocr_line' id='line_1_12' title="bbox 746 1158 2810 1251; baseline -0.002 -23"><span class='ocrx_word' id='word_1_86' title='bbox 746 1163 1121 1251; x_wconf 90' lang='lat' dir='ltr'>periculum,</span> <span class='ocrx_word' id='word_1_87' title='bbox 1166 1187 1249 1228; x_wconf 90' lang='lat' dir='ltr'>ne</span> <span class='ocrx_word' id='word_1_88' title='bbox 1292 1162 1624 1239; x_wconf 83' lang='lat' dir='ltr'>sollertius,</span> <span class='ocrx_word' id='word_1_89' title='bbox 1656 1184 1848 1249; x_wconf 87' lang='lat' dir='ltr'>quam</span> <span class='ocrx_word' id='word_1_90' title='bbox 1893 1161 2162 1249; x_wconf 85' lang='lat' dir='ltr'>quilibet</span> <span class='ocrx_word' id='word_1_91' title='bbox 2203 1182 2374 1225; x_wconf 88' lang='lat' dir='ltr'>unus</span> <span class='ocrx_word' id='word_1_92' title='bbox 2419 1182 2510 1224; x_wconf 85' lang='lat' dir='ltr'>ex</span> <span class='ocrx_word' id='word_1_93' title='bbox 2555 1158 2647 1233; x_wconf 86' lang='lat' dir='ltr'>iis,</span> <span class='ocrx_word' id='word_1_94' title='bbox 2687 1172 2810 1239; x_wconf 68' lang='lat' dir='ltr'>qum</span> 
     </span>
     <span class='ocr_line' id='line_1_13' title="bbox 749 1237 2810 1335; baseline -0.004 -20"><span class='ocrx_word' id='word_1_95' title='bbox 749 1250 1093 1328; x_wconf 85' lang='lat' dir='ltr'>nominavi,</span> <span class='ocrx_word' id='word_1_96' title='bbox 1122 1249 1339 1315; x_wconf 88' lang='lat' dir='ltr'>castris</span> <span class='ocrx_word' id='word_1_97' title='bbox 1378 1248 1590 1313; x_wconf 89' lang='lat' dir='ltr'>locum</span> <span class='ocrx_word' id='word_1_98' title='bbox 1633 1262 1904 1335; x_wconf 88' lang='lat' dir='ltr'>caperet,</span> <span class='ocrx_word' id='word_1_99' title='bbox 1943 1258 2336 1312; x_wconf 79' lang='lat' dir='ltr'>commeatus</span> <span class='ocrx_word' id='word_1_100' title='bbox 2377 1244 2729 1333; x_wconf 83' lang='lat' dir='ltr'>expediret,</span> <span class='ocrx_word' id='word_1_101' title='bbox 2751 1237 2810 1299; x_wconf 71' lang='lat' dir='ltr'>ab</span> 
     </span>
     <span class='ocr_line' id='line_1_14' title="bbox 748 1324 2812 1484; baseline -0.003 -85"><span class='ocrx_word' id='word_1_102' title='bbox 748 1335 994 1401; x_wconf 75' lang='lat' dir='ltr'>insidiis</span> <span class='ocrx_word' id='word_1_103' title='bbox 1042 1348 1462 1423; x_wconf 81' lang='lat' dir='ltr'>praecaveret,</span> <span class='ocrx_word' id='word_1_104' title='bbox 1515 1347 1767 1423; x_wconf 89' lang='lat' dir='ltr'>tempus</span> <span class='ocrx_word' id='word_1_105' title='bbox 1773 1356 2068 1484; x_wconf 45' lang='lat' dir='ltr'>§inguae</span> <span class='ocrx_word' id='word_1_106' title='bbox 2115 1332 2450 1419; x_wconf 76' lang='lat' dir='ltr'>deligeret,</span> <span class='ocrx_word' id='word_1_107' title='bbox 2501 1329 2696 1396; x_wconf 79' lang='lat' dir='ltr'>aciem</span> <span class='ocrx_word' id='word_1_108' title='bbox 2737 1324 2812 1422; x_wconf 66' lang='lat' dir='ltr'>{n-</span> 
     </span>
     <span class='ocr_line' id='line_1_15' title="bbox 748 1410 2811 1501; baseline -0.005 -13"><span class='ocrx_word' id='word_1_109' title='bbox 748 1436 1037 1501; x_wconf 86' lang='lat' dir='ltr'>strueret,</span> <span class='ocrx_word' id='word_1_110' title='bbox 1068 1420 1358 1487; x_wconf 88' lang='lat' dir='ltr'>subsidiis</span> <span class='ocrx_word' id='word_1_111' title='bbox 1386 1421 1682 1485; x_wconf 85' lang='lat' dir='ltr'>firmaret.</span> <span class='ocrx_word' id='word_1_112' title='bbox 1845 1442 1931 1484; x_wconf 87' lang='lat' dir='ltr'>on</span> <span class='ocrx_word' id='word_1_113' title='bbox 1959 1440 2107 1484; x_wconf 88' lang='lat' dir='ltr'>eum</span> <span class='ocrx_word' id='word_1_114' title='bbox 2139 1417 2342 1483; x_wconf 86' lang='lat' dir='ltr'>Dario</span> <span class='ocrx_word' id='word_1_115' title='bbox 2367 1440 2518 1483; x_wconf 88' lang='lat' dir='ltr'>rem</span> <span class='ocrx_word' id='word_1_116' title='bbox 2547 1436 2676 1481; x_wconf 86' lang='lat' dir='ltr'>esse</span> <span class='ocrx_word' id='word_1_117' title='bbox 2699 1410 2811 1475; x_wconf 75' lang='lat' dir='ltr'>dlx-</span> 
     </span>
     <span class='ocr_line' id='line_1_16' title="bbox 736 1501 2810 1595; baseline -0.002 -21"><span class='ocrx_word' id='word_1_118' title='bbox 736 1510 931 1574; x_wconf 83' lang='lat' dir='ltr'>isset:</span> <span class='ocrx_word' id='word_1_119' title='bbox 998 1530 1211 1595; x_wconf 88' lang='lat' dir='ltr'>quem,</span> <span class='ocrx_word' id='word_1_120' title='bbox 1260 1506 1600 1572; x_wconf 87' lang='lat' dir='ltr'>mulierum</span> <span class='ocrx_word' id='word_1_121' title='bbox 1648 1528 1722 1571; x_wconf 89' lang='lat' dir='ltr'>ac</span> <span class='ocrx_word' id='word_1_122' title='bbox 1771 1505 2126 1593; x_wconf 79' lang='lat' dir='ltr'>spadonum</span> <span class='ocrx_word' id='word_1_123' title='bbox 2177 1526 2415 1591; x_wconf 83' lang='lat' dir='ltr'>agmen</span> <span class='ocrx_word' id='word_1_124' title='bbox 2469 1501 2810 1569; x_wconf 70' lang='lat' dir='ltr'>trahentem,</span> 
     </span>
     <span class='ocr_line' id='line_1_17' title="bbox 746 1584 2718 1693; baseline -0.002 -35"><span class='ocrx_word' id='word_1_125' title='bbox 746 1594 917 1658; x_wconf 86' lang='lat' dir='ltr'>inter</span> <span class='ocrx_word' id='word_1_126' title='bbox 935 1616 1280 1682; x_wconf 87' lang='lat' dir='ltr'>purpuram</span> <span class='ocrx_word' id='word_1_127' title='bbox 1300 1608 1493 1693; x_wconf 86' lang='lat' dir='ltr'>atque</span> <span class='ocrx_word' id='word_1_128' title='bbox 1523 1614 1767 1670; x_wconf 87' lang='lat' dir='ltr'>aurum,</span> <span class='ocrx_word' id='word_1_129' title='bbox 1786 1604 2118 1657; x_wconf 90' lang='lat' dir='ltr'>oneratum</span> <span class='ocrx_word' id='word_1_130' title='bbox 2135 1590 2430 1655; x_wconf 82' lang='lat' dir='ltr'>fortunae</span> <span class='ocrx_word' id='word_1_131' title='bbox 2449 1612 2536 1678; x_wconf 90' lang='lat' dir='ltr'>ap</span> <span class='ocrx_word' id='word_1_132' title='bbox 2703 1584 2718 1597; x_wconf 83' lang='grc'>’</span> 
     </span>
     <span class='ocr_line' id='line_1_18' title="bbox 748 1670 2811 1767; baseline -0.004 -22"><span class='ocrx_word' id='word_1_133' title='bbox 748 1702 919 1758; x_wconf 87' lang='lat' dir='ltr'>suae,</span> <span class='ocrx_word' id='word_1_134' title='bbox 949 1680 1250 1767; x_wconf 76' lang='lat' dir='ltr'>praedam</span> <span class='ocrx_word' id='word_1_135' title='bbox 1278 1701 1507 1757; x_wconf 78' lang='lat' dir='ltr'>verius,</span> <span class='ocrx_word' id='word_1_136' title='bbox 1538 1700 1731 1765; x_wconf 84' lang='lat' dir='ltr'>quam</span> <span class='ocrx_word' id='word_1_137' title='bbox 1759 1678 2029 1755; x_wconf 88' lang='lat' dir='ltr'>hostem,</span> <span class='ocrx_word' id='word_1_138' title='bbox 2061 1676 2223 1741; x_wconf 89' lang='lat' dir='ltr'>nihil</span> <span class='ocrx_word' id='word_1_139' title='bbox 2251 1676 2431 1742; x_wconf 87' lang='lat' dir='ltr'>aliud</span> <span class='ocrx_word' id='word_1_140' title='bbox 2462 1694 2657 1763; x_wconf 88' lang='lat' dir='ltr'>quam</span> <span class='ocrx_word' id='word_1_141' title='bbox 2681 1670 2811 1733; x_wconf 75' lang='lat' dir='ltr'>bene</span> 
     </span>
     <span class='ocr_line' id='line_1_19' title="bbox 748 1754 2809 1847; baseline -0.001 -18"><span class='ocrx_word' id='word_1_142' title='bbox 748 1788 936 1829; x_wconf 88' lang='lat' dir='ltr'>ausus</span> <span class='ocrx_word' id='word_1_143' title='bbox 976 1787 1140 1829; x_wconf 84' lang='lat' dir='ltr'>vana</span> <span class='ocrx_word' id='word_1_144' title='bbox 1182 1778 1611 1841; x_wconf 87' lang='lat' dir='ltr'>contemnere,</span> <span class='ocrx_word' id='word_1_145' title='bbox 1651 1765 2020 1829; x_wconf 88' lang='lat' dir='ltr'>incruentus</span> <span class='ocrx_word' id='word_1_146' title='bbox 2059 1763 2314 1829; x_wconf 82' lang='lat' dir='ltr'>devicit.</span> <span class='ocrx_word' id='word_1_147' title='bbox 2403 1763 2640 1847; x_wconf 79' lang='lat' dir='ltr'>Longe</span> <span class='ocrx_word' id='word_1_148' title='bbox 2683 1754 2809 1819; x_wconf 68' lang='lat' dir='ltr'><strong>811¹ss</strong></span> 
     </span>
     <span class='ocr_line' id='line_1_20' title="bbox 748 1840 2812 1937; baseline -0.002 -23"><span class='ocrx_word' id='word_1_149' title='bbox 748 1850 988 1927; x_wconf 80' lang='lat' dir='ltr'>Italiae,</span> <span class='ocrx_word' id='word_1_150' title='bbox 1019 1872 1214 1937; x_wconf 86' lang='lat' dir='ltr'>quam</span> <span class='ocrx_word' id='word_1_151' title='bbox 1259 1849 1504 1928; x_wconf 85' lang='lat' dir='ltr'>Indiae,</span> <span class='ocrx_word' id='word_1_152' title='bbox 1543 1873 1657 1937; x_wconf 91' lang='lat' dir='ltr'>per</span> <span class='ocrx_word' id='word_1_153' title='bbox 1745 1874 1891 1914; x_wconf 89' lang='lat' dir='ltr'>uam</span> <span class='ocrx_word' id='word_1_154' title='bbox 1933 1849 2286 1915; x_wconf 87' lang='lat' dir='ltr'>temulento</span> <span class='ocrx_word' id='word_1_155' title='bbox 2325 1850 2590 1937; x_wconf 80' lang='lat' dir='ltr'>agmine</span> <span class='ocrx_word' id='word_1_156' title='bbox 2625 1840 2812 1909; x_wconf 73' lang='lat' dir='ltr'>comis·</span> 
     </span>
     <span class='ocr_line' id='line_1_21' title="bbox 746 1930 2806 2023; baseline -0.002 -23"><span class='ocrx_word' id='word_1_157' title='bbox 746 1935 1071 2001; x_wconf 87' lang='lat' dir='ltr'>sabundus&#39;</span> <span class='ocrx_word' id='word_1_158' title='bbox 1103 1935 1379 2014; x_wconf 75' lang='lat' dir='ltr'>incessit,</span> <span class='ocrx_word' id='word_1_159' title='bbox 1408 1936 1582 2001; x_wconf 84' lang='lat' dir='ltr'>visus</span> <span class='ocrx_word' id='word_1_160' title='bbox 1609 1936 1703 2001; x_wconf 90' lang='lat' dir='ltr'>illi</span> <span class='ocrx_word' id='word_1_161' title='bbox 1814 1936 1986 2003; x_wconf 88' lang='lat' dir='ltr'>bitus</span> <span class='ocrx_word' id='word_1_162' title='bbox 2021 1952 2206 2015; x_wconf 83' lang='lat' dir='ltr'>esset,</span> <span class='ocrx_word' id='word_1_163' title='bbox 2235 1936 2436 2002; x_wconf 84' lang='lat' dir='ltr'>saltus</span> <span class='ocrx_word' id='word_1_164' title='bbox 2467 1930 2730 2023; x_wconf 69' lang='lat' dir='ltr'>Apuliae</span> <span class='ocrx_word' id='word_1_165' title='bbox 2751 1944 2806 1988; x_wconf 71' lang='lat' dir='ltr'>ac</span> 
     </span>
     <span class='ocr_line' id='line_1_22' title="bbox 746 2014 2808 2111; baseline -0.001 -25"><span class='ocrx_word' id='word_1_166' title='bbox 746 2034 996 2087; x_wconf 85' lang='lat' dir='ltr'>montes</span> <span class='ocrx_word' id='word_1_167' title='bbox 1038 2022 1334 2088; x_wconf 87' lang='lat' dir='ltr'>Lucanos</span> <span class='ocrx_word' id='word_1_168' title='bbox 1376 2024 1666 2088; x_wconf 85' lang='lat' dir='ltr'>cernenti</span> <span class='ocrx_word' id='word_1_169' title='bbox 1713 2036 1782 2087; x_wconf 91' lang='lat' dir='ltr'>et</span> <span class='ocrx_word' id='word_1_170' title='bbox 1821 2024 2087 2111; x_wconf 82' lang='lat' dir='ltr'>vestigia</span> <span class='ocrx_word' id='word_1_171' title='bbox 2127 2024 2408 2088; x_wconf 84' lang='lat' dir='ltr'>recentia</span> <span class='ocrx_word' id='word_1_172' title='bbox 2461 2014 2808 2087; x_wconf 76' lang='lat' dir='ltr'>domesticae</span> 
     </span>
     <span class='ocr_line' id='line_1_23' title="bbox 743 2098 2810 2197; baseline -0.002 -23"><span class='ocrx_word' id='word_1_173' title='bbox 743 2108 964 2187; x_wconf 84' lang='lat' dir='ltr'>cladis,</span> <span class='ocrx_word' id='word_1_174' title='bbox 1022 2109 1134 2175; x_wconf 88' lang='lat' dir='ltr'>ubi</span> <span class='ocrx_word' id='word_1_175' title='bbox 1192 2108 1542 2175; x_wconf 84' lang='lat' dir='ltr'>avunculus</span> <span class='ocrx_word' id='word_1_176' title='bbox 1597 2109 1735 2174; x_wconf 88' lang='lat' dir='ltr'>eius</span> <span class='ocrx_word' id='word_1_177' title='bbox 1792 2131 1998 2197; x_wconf 88' lang='lat' dir='ltr'>nuper</span> <span class='ocrx_word' id='word_1_178' title='bbox 2057 2108 2238 2197; x_wconf 88' lang='lat' dir='ltr'>Epiri</span> <span class='ocrx_word' id='word_1_179' title='bbox 2299 2132 2415 2174; x_wconf 86' lang='lat' dir='ltr'>rex</span> <span class='ocrx_word' id='word_1_180' title='bbox 2479 2098 2810 2173; x_wconf 75' lang='lat' dir='ltr'>Alexander</span> 
     </span>
     <span class='ocr_line' id='line_1_24' title="bbox 750 2186 2807 2285; baseline -0.006 -24"><span class='ocrx_word' id='word_1_181' title='bbox 750 2197 1119 2285; x_wconf 86' lang='lat' dir='ltr'>absumptus</span> <span class='ocrx_word' id='word_1_182' title='bbox 1175 2209 1325 2262; x_wconf 83' lang='lat' dir='ltr'>erat.</span> <span class='ocrx_word' id='word_1_183' title='bbox 1448 2195 1537 2261; x_wconf 85' lang='lat' dir='ltr'>Et</span> <span class='ocrx_word' id='word_1_184' title='bbox 1590 2195 1914 2283; x_wconf 88' lang='lat' dir='ltr'>loquimur</span> <span class='ocrx_word' id='word_1_185' title='bbox 1970 2196 2052 2261; x_wconf 89' lang='lat' dir='ltr'>de</span> <span class='ocrx_word' id='word_1_186' title='bbox 2113 2196 2491 2261; x_wconf 85' lang='lat' dir='ltr'>Alexandro</span> <span class='ocrx_word' id='word_1_187' title='bbox 2559 2186 2807 2283; x_wconf 64' lang='lat' dir='ltr'>nondum</span> 
     </span>
     <span class='ocr_line' id='line_1_25' title="bbox 749 2272 2802 2370; baseline -0.002 -23"><span class='ocrx_word' id='word_1_188' title='bbox 749 2304 956 2349; x_wconf 88' lang='lat' dir='ltr'>merso</span> <span class='ocrx_word' id='word_1_189' title='bbox 1014 2282 1309 2349; x_wconf 90' lang='lat' dir='ltr'>secundis</span> <span class='ocrx_word' id='word_1_190' title='bbox 1365 2283 1572 2361; x_wconf 90' lang='lat' dir='ltr'>rebus,</span> <span class='ocrx_word' id='word_1_191' title='bbox 1633 2306 1902 2370; x_wconf 88' lang='lat' dir='ltr'>quarum</span> <span class='ocrx_word' id='word_1_192' title='bbox 1959 2304 2150 2349; x_wconf 90' lang='lat' dir='ltr'>nemo</span> <span class='ocrx_word' id='word_1_193' title='bbox 2208 2280 2650 2347; x_wconf 85' lang='lat' dir='ltr'>intolerantior</span> <span class='ocrx_word' id='word_1_194' title='bbox 2695 2272 2802 2337; x_wconf 73' lang='lat' dir='ltr'>fult</span> 
     </span>
     <span class='ocr_line' id='line_1_26' title="bbox 755 2362 2804 2456; baseline -0.001 -22"><span class='ocrx_word' id='word_1_195' title='bbox 755 2367 909 2447; x_wconf 86' lang='lat' dir='ltr'>Qui,</span> <span class='ocrx_word' id='word_1_196' title='bbox 954 2370 1007 2433; x_wconf 86' lang='lat' dir='ltr'>si</span> <span class='ocrx_word' id='word_1_197' title='bbox 1050 2392 1133 2435; x_wconf 83' lang='lat' dir='ltr'>ex</span> <span class='ocrx_word' id='word_1_198' title='bbox 1178 2368 1402 2434; x_wconf 89' lang='lat' dir='ltr'>habitu</span> <span class='ocrx_word' id='word_1_199' title='bbox 1442 2390 1644 2434; x_wconf 81' lang='lat' dir='ltr'>novae</span> <span class='ocrx_word' id='word_1_200' title='bbox 1686 2368 1976 2435; x_wconf 82' lang='lat' dir='ltr'>fortunae</span> <span class='ocrx_word' id='word_1_201' title='bbox 2023 2370 2319 2455; x_wconf 84' lang='lat' dir='ltr'>novique,</span> <span class='ocrx_word' id='word_1_202' title='bbox 2363 2380 2438 2433; x_wconf 88' lang='lat' dir='ltr'>ut</span> <span class='ocrx_word' id='word_1_203' title='bbox 2483 2370 2578 2433; x_wconf 85' lang='lat' dir='ltr'>ita</span> <span class='ocrx_word' id='word_1_204' title='bbox 2613 2362 2804 2456; x_wconf 58' lang='lat' dir='ltr'>dicaflfs</span> 
     </span>
     <span class='ocr_line' id='line_1_27' title="bbox 748 2454 2810 2544; baseline -0.003 -25"><span class='ocrx_word' id='word_1_205' title='bbox 748 2454 1012 2544; x_wconf 83' lang='lat' dir='ltr'>ingenii,</span> <span class='ocrx_word' id='word_1_206' title='bbox 1047 2456 1223 2542; x_wconf 93' lang='lat' dir='ltr'>quod</span> <span class='ocrx_word' id='word_1_207' title='bbox 1264 2455 1383 2519; x_wconf 89' lang='lat' dir='ltr'>sibi</span> <span class='ocrx_word' id='word_1_208' title='bbox 1426 2454 1632 2519; x_wconf 83' lang='lat' dir='ltr'>victor</span> <span class='ocrx_word' id='word_1_209' title='bbox 1671 2455 1986 2532; x_wconf 88' lang='lat' dir='ltr'>induerat,</span> <span class='ocrx_word' id='word_1_210' title='bbox 2015 2468 2357 2543; x_wconf 87' lang='lat' dir='ltr'>spectetur,</span> <span class='ocrx_word' id='word_1_211' title='bbox 2399 2454 2605 2519; x_wconf 85' lang='lat' dir='ltr'>Dario</span> <span class='ocrx_word' id='word_1_212' title='bbox 2645 2463 2810 2531; x_wconf 70' lang='lat' dir='ltr'>magis</span> 
     </span>
     <span class='ocr_line' id='line_1_28' title="bbox 748 2535 2804 2629; baseline -0.002 -23"><span class='ocrx_word' id='word_1_213' title='bbox 748 2541 989 2618; x_wconf 77' lang='lat' dir='ltr'>similis,</span> <span class='ocrx_word' id='word_1_214' title='bbox 1022 2564 1214 2629; x_wconf 88' lang='lat' dir='ltr'>quam</span> <span class='ocrx_word' id='word_1_215' title='bbox 1254 2540 1650 2619; x_wconf 80' lang='lat' dir='ltr'>Alexandm,</span> <span class='ocrx_word' id='word_1_216' title='bbox 1681 2542 1752 2605; x_wconf 90' lang='lat' dir='ltr'>in</span> <span class='ocrx_word' id='word_1_217' title='bbox 1796 2540 2044 2605; x_wconf 84' lang='lat' dir='ltr'>Italiam</span> <span class='ocrx_word' id='word_1_218' title='bbox 2073 2542 2366 2619; x_wconf 85' lang='lat' dir='ltr'>venisset,</span> <span class='ocrx_word' id='word_1_219' title='bbox 2399 2554 2469 2607; x_wconf 88' lang='lat' dir='ltr'>et</span> <span class='ocrx_word' id='word_1_220' title='bbox 2499 2535 2804 2607; x_wconf 78' lang='lat' dir='ltr'>exercitum</span> 
     </span>
     <span class='ocr_line' id='line_1_29' title="bbox 750 2625 2806 2714; baseline -0.004 -21"><span class='ocrx_word' id='word_1_221' title='bbox 750 2627 1171 2693; x_wconf 81' lang='lat' dir='ltr'>Macedoniae</span> <span class='ocrx_word' id='word_1_222' title='bbox 1224 2626 1493 2692; x_wconf 90' lang='lat' dir='ltr'>oblitum</span> <span class='ocrx_word' id='word_1_223' title='bbox 1545 2625 2166 2714; x_wconf 83' lang='lat' dir='ltr'>degenerantemque</span> <span class='ocrx_word' id='word_1_224' title='bbox 2213 2628 2342 2691; x_wconf 89' lang='lat' dir='ltr'>iam</span> <span class='ocrx_word' id='word_1_225' title='bbox 2385 2628 2456 2692; x_wconf 92' lang='lat' dir='ltr'>in</span> <span class='ocrx_word' id='word_1_226' title='bbox 2512 2628 2806 2692; x_wconf 73' lang='lat' dir='ltr'>Pemmm</span> 
     </span>
     <span class='ocr_line' id='line_1_30' title="bbox 746 2706 2804 2814; baseline -0 -35"><span class='ocrx_word' id='word_1_227' title='bbox 746 2736 954 2779; x_wconf 89' lang='lat' dir='ltr'>mores</span> <span class='ocrx_word' id='word_1_228' title='bbox 993 2713 1375 2779; x_wconf 80' lang='lat' dir='ltr'>adduxisset.</span> <span class='ocrx_word' id='word_1_229' title='bbox 1470 2712 1732 2779; x_wconf 84' lang='lat' dir='ltr'>Referre</span> <span class='ocrx_word' id='word_1_230' title='bbox 1779 2713 1846 2776; x_wconf 93' lang='lat' dir='ltr'>in</span> <span class='ocrx_word' id='word_1_231' title='bbox 1879 2725 2058 2778; x_wconf 88' lang='lat' dir='ltr'>tanto</span> <span class='ocrx_word' id='word_1_232' title='bbox 2101 2736 2248 2814; x_wconf 72' lang='lat' dir='ltr'>rege</span> <span class='ocrx_word' id='word_1_233' title='bbox 2285 2714 2468 2800; x_wconf 80' lang='lat' dir='ltr'>piget</span> <span class='ocrx_word' id='word_1_234' title='bbox 2513 2706 2804 2797; x_wconf 67' lang='lat' dir='ltr'>superbam</span> 
     </span>
     <span class='ocr_line' id='line_1_31' title="bbox 746 2788 2807 2876; baseline -0.003 -11"><span class='ocrx_word' id='word_1_235' title='bbox 746 2801 1167 2866; x_wconf 85' lang='lat' dir='ltr'>mutationem</span> <span class='ocrx_word' id='word_1_236' title='bbox 1216 2800 1425 2876; x_wconf 75' lang='lat' dir='ltr'>vestie,</span> <span class='ocrx_word' id='word_1_237' title='bbox 1474 2812 1543 2863; x_wconf 92' lang='lat' dir='ltr'>et</span> <span class='ocrx_word' id='word_1_238' title='bbox 1583 2798 1968 2865; x_wconf 87' lang='lat' dir='ltr'>desideratas</span> <span class='ocrx_word' id='word_1_239' title='bbox 2013 2799 2192 2864; x_wconf 90' lang='lat' dir='ltr'>hum1</span> <span class='ocrx_word' id='word_1_240' title='bbox 2235 2800 2584 2865; x_wconf 87' lang='lat' dir='ltr'>iacentium</span> <span class='ocrx_word' id='word_1_241' title='bbox 2625 2788 2807 2859; x_wconf 64' lang='lat' dir='ltr'>adula-</span> 
     </span>
     <span class='ocr_line' id='line_1_32' title="bbox 748 2878 2836 2972; baseline -0.002 -23"><span class='ocrx_word' id='word_1_242' title='bbox 748 2886 973 2963; x_wconf 87' lang='lat' dir='ltr'>tiones,</span> <span class='ocrx_word' id='word_1_243' title='bbox 1004 2886 1196 2949; x_wconf 89' lang='lat' dir='ltr'>etiam</span> <span class='ocrx_word' id='word_1_244' title='bbox 1218 2885 1402 2949; x_wconf 87' lang='lat' dir='ltr'>victis</span> <span class='ocrx_word' id='word_1_245' title='bbox 1432 2884 1896 2949; x_wconf 87' lang='lat' dir='ltr'>Macedonibus</span> <span class='ocrx_word' id='word_1_246' title='bbox 1923 2908 2162 2972; x_wconf 76' lang='lat' dir='ltr'>graveS,</span> <span class='ocrx_word' id='word_1_247' title='bbox 2193 2884 2435 2950; x_wconf 87' lang='lat' dir='ltr'>nedum</span> <span class='ocrx_word' id='word_1_248' title='bbox 2463 2878 2836 2950; x_wconf 75' lang='lat' dir='ltr'>victoribus35</span> 
     </span>
     <span class='ocr_line' id='line_1_33' title="bbox 746 2962 2836 3068; baseline -0.006 -33"><span class='ocrx_word' id='word_1_249' title='bbox 746 2981 814 3035; x_wconf 90' lang='lat' dir='ltr'>et</span> <span class='ocrx_word' id='word_1_250' title='bbox 840 2970 1029 3035; x_wconf 84' lang='lat' dir='ltr'>foeda</span> <span class='ocrx_word' id='word_1_251' title='bbox 1071 2970 1399 3068; x_wconf 85' lang='lat' dir='ltr'>supplicia,</span> <span class='ocrx_word' id='word_1_252' title='bbox 1430 2983 1498 3035; x_wconf 90' lang='lat' dir='ltr'>et</span> <span class='ocrx_word' id='word_1_253' title='bbox 1537 2971 1706 3035; x_wconf 90' lang='lat' dir='ltr'>inter</span> <span class='ocrx_word' id='word_1_254' title='bbox 1733 2972 1955 3035; x_wconf 83' lang='lat' dir='ltr'>vinum</span> <span class='ocrx_word' id='word_1_255' title='bbox 1985 2984 2052 3036; x_wconf 91' lang='lat' dir='ltr'>et</span> <span class='ocrx_word' id='word_1_256' title='bbox 2090 2971 2308 3059; x_wconf 85' lang='lat' dir='ltr'>epulas</span> <span class='ocrx_word' id='word_1_257' title='bbox 2347 2972 2578 3037; x_wconf 88' lang='lat' dir='ltr'>caedes</span> <span class='ocrx_word' id='word_1_258' title='bbox 2607 2962 2836 3031; x_wconf 84' lang='lat' dir='ltr'>amico-⁶</span> 
     </span>
     <span class='ocr_line' id='line_1_34' title="bbox 744 3054 2805 3145; baseline 0 -24"><span class='ocrx_word' id='word_1_259' title='bbox 744 3078 909 3133; x_wconf 88' lang='lat' dir='ltr'>rum,</span> <span class='ocrx_word' id='word_1_260' title='bbox 940 3068 1007 3121; x_wconf 92' lang='lat' dir='ltr'>et</span> <span class='ocrx_word' id='word_1_261' title='bbox 1033 3066 1377 3119; x_wconf 85' lang='lat' dir='ltr'>vamtatem</span> <span class='ocrx_word' id='word_1_262' title='bbox 1406 3056 1850 3123; x_wconf 85' lang='lat' dir='ltr'>ementiendae</span> <span class='ocrx_word' id='word_1_263' title='bbox 1881 3058 2108 3145; x_wconf 78' lang='lat' dir='ltr'>stirpis,</span> <span class='ocrx_word' id='word_1_264' title='bbox 2204 3056 2403 3135; x_wconf 86' lang='lat' dir='ltr'>Quid,</span> <span class='ocrx_word' id='word_1_265' title='bbox 2423 3058 2476 3123; x_wconf 87' lang='lat' dir='ltr'>si</span> <span class='ocrx_word' id='word_1_266' title='bbox 2507 3054 2638 3123; x_wconf 83' lang='lat' dir='ltr'>vini</span> <span class='ocrx_word' id='word_1_267' title='bbox 2661 3064 2805 3115; x_wconf 76' lang='lat' dir='ltr'>amor</span> 
     </span>
     <span class='ocr_line' id='line_1_35' title="bbox 745 3135 2802 3231; baseline -0.002 -22"><span class='ocrx_word' id='word_1_268' title='bbox 745 3142 815 3209; x_wconf 90' lang='lat' dir='ltr'>in</span> <span class='ocrx_word' id='word_1_269' title='bbox 846 3141 983 3208; x_wconf 89' lang='lat' dir='ltr'>dies</span> <span class='ocrx_word' id='word_1_270' title='bbox 1009 3142 1191 3207; x_wconf 88' lang='lat' dir='ltr'>fieret</span> <span class='ocrx_word' id='word_1_271' title='bbox 1220 3142 1464 3206; x_wconf 81' lang='lat' dir='ltr'>acrior?</span> <span class='ocrx_word' id='word_1_272' title='bbox 1506 3142 1685 3229; x_wconf 91' lang='lat' dir='ltr'>quid,</span> <span class='ocrx_word' id='word_1_273' title='bbox 1716 3144 1771 3207; x_wconf 90' lang='lat' dir='ltr'>si</span> <span class='ocrx_word' id='word_1_274' title='bbox 1814 3156 1962 3208; x_wconf 81' lang='lat' dir='ltr'>trux</span> <span class='ocrx_word' id='word_1_275' title='bbox 1991 3166 2064 3208; x_wconf 85' lang='lat' dir='ltr'>ac</span> <span class='ocrx_word' id='word_1_276' title='bbox 2092 3144 2488 3231; x_wconf 83' lang='lat' dir='ltr'>praefervida</span> <span class='ocrx_word' id='word_1_277' title='bbox 2515 3140 2646 3209; x_wconf 81' lang='lat' dir='ltr'>ira?</span> <span class='ocrx_word' id='word_1_278' title='bbox 2681 3135 2802 3220; x_wconf 72' lang='lat'>(1¹00</span> 
     </span>
     <span class='ocr_line' id='line_1_36' title="bbox 794 3223 2802 3317; baseline 0 -22"><span class='ocrx_word' id='word_1_279' title='bbox 794 3230 1091 3317; x_wconf 87' lang='lat' dir='ltr'>uicquam</span> <span class='ocrx_word' id='word_1_280' title='bbox 1148 3227 1416 3293; x_wconf 89' lang='lat' dir='ltr'>dubium</span> <span class='ocrx_word' id='word_1_281' title='bbox 1472 3228 1644 3292; x_wconf 86' lang='lat' dir='ltr'>inter</span> <span class='ocrx_word' id='word_1_282' title='bbox 1697 3230 1816 3294; x_wconf 87' lang='lat' dir='ltr'>scri</span> <span class='ocrx_word' id='word_1_283' title='bbox 1864 3241 2030 3295; x_wconf 90' lang='lat' dir='ltr'>tores</span> <span class='ocrx_word' id='word_1_284' title='bbox 2089 3230 2324 3312; x_wconf 86' lang='lat' dir='ltr'>refero)</span> <span class='ocrx_word' id='word_1_285' title='bbox 2374 3230 2630 3295; x_wconf 78' lang='lat' dir='ltr'>nullane</span> <span class='ocrx_word' id='word_1_286' title='bbox 2675 3223 2802 3287; x_wconf 66' lang='lat' dir='ltr'>haec</span> 
     </span>
     <span class='ocr_line' id='line_1_37' title="bbox 792 3252 2799 3405; baseline -0.002 -23"><span class='ocrx_word' id='word_1_287' title='bbox 792 3340 980 3382; x_wconf 85' lang='lat' dir='ltr'>amna</span> <span class='ocrx_word' id='word_1_288' title='bbox 1008 3317 1095 3381; x_wconf 90' lang='lat' dir='ltr'>im</span> <span class='ocrx_word' id='word_1_289' title='bbox 1174 3316 1425 3380; x_wconf 75' lang='lat' dir='ltr'>-ratoriis</span> <span class='ocrx_word' id='word_1_290' title='bbox 1452 3314 1790 3381; x_wconf 86' lang='lat' dir='ltr'>virtutibus</span> <span class='ocrx_word' id='word_1_291' title='bbox 1818 3252 2112 3381; x_wconf 49' lang='lat' dir='ltr'>{ducimus</span> <span class='ocrx_word' id='word_1_292' title='bbox 2127 3318 2158 3381; x_wconf 84' lang='lat'><strong>?</strong></span> <span class='ocrx_word' id='word_1_293' title='bbox 2201 3316 2282 3381; x_wconf 90' lang='lat' dir='ltr'>Id</span> <span class='ocrx_word' id='word_1_294' title='bbox 2309 3338 2462 3382; x_wconf 79' lang='lat' dir='ltr'>vero</span> <span class='ocrx_word' id='word_1_295' title='bbox 2489 3308 2799 3405; x_wconf 84' lang='lat' dir='ltr'>periculum</span> 
     </span>
     <span class='ocr_line' id='line_1_38' title="bbox 746 3400 2798 3490; baseline -0.002 -22"><span class='ocrx_word' id='word_1_296' title='bbox 746 3417 900 3482; x_wconf 86' lang='lat' dir='ltr'>erat,</span> <span class='ocrx_word' id='word_1_297' title='bbox 950 3427 1079 3490; x_wconf 92' lang='lat' dir='ltr'>quo</span> <span class='ocrx_word' id='word_1_298' title='bbox 1172 3400 1472 3466; x_wconf 81' lang='lat' dir='ltr'>levissimi</span> <span class='ocrx_word' id='word_1_299' title='bbox 1523 3424 1606 3465; x_wconf 81' lang='lat' dir='ltr'>ex</span> <span class='ocrx_word' id='word_1_300' title='bbox 1662 3400 1944 3480; x_wconf 82' lang='lat' dir='ltr'>Graecis,</span> <span class='ocrx_word' id='word_1_301' title='bbox 1990 3403 2104 3490; x_wconf 90' lang='lat' dir='ltr'>qui</span> <span class='ocrx_word' id='word_1_302' title='bbox 2154 3403 2536 3469; x_wconf 85' lang='lat' dir='ltr'>Parthorum</span> <span class='ocrx_word' id='word_1_303' title='bbox 2583 3410 2798 3489; x_wconf 74' lang='lat' dir='ltr'>quoque</span> 
     </span>
     <span class='ocr_line' id='line_1_39' title="bbox 745 3486 2794 3573; baseline 0.002 -18"><span class='ocrx_word' id='word_1_304' title='bbox 745 3504 968 3563; x_wconf 88' lang='lat' dir='ltr'>contra</span> <span class='ocrx_word' id='word_1_305' title='bbox 994 3510 1230 3554; x_wconf 89' lang='lat' dir='ltr'>nomen</span> <span class='ocrx_word' id='word_1_306' title='bbox 1262 3488 1628 3553; x_wconf 88' lang='lat' dir='ltr'>Romanum</span> <span class='ocrx_word' id='word_1_307' title='bbox 1657 3486 1894 3573; x_wconf 82' lang='lat' dir='ltr'>gloriae</span> <span class='ocrx_word' id='word_1_308' title='bbox 1923 3488 2155 3567; x_wconf 80' lang='lat' dir='ltr'>favent,</span> <span class='ocrx_word' id='word_1_309' title='bbox 2179 3488 2472 3555; x_wconf 86' lang='lat' dir='ltr'>dictitare</span> <span class='ocrx_word' id='word_1_310' title='bbox 2501 3488 2705 3559; x_wconf 71' lang='lat' dir='ltr'>solent,</span> <span class='ocrx_word' id='word_1_311' title='bbox 2730 3496 2794 3573; x_wconf 63' lang='grc' dir='ltr'>ΠΡ</span> 
     </span>
     <span class='ocr_line' id='line_1_40' title="bbox 744 3562 2830 3663; baseline -0.002 -22"><span class='ocrx_word' id='word_1_312' title='bbox 744 3578 1137 3648; x_wconf 82' lang='lat' dir='ltr'>maiestatem</span> <span class='ocrx_word' id='word_1_313' title='bbox 1169 3574 1445 3639; x_wconf 89' lang='lat' dir='ltr'>nominis</span> <span class='ocrx_word' id='word_1_314' title='bbox 1477 3573 1852 3651; x_wconf 85' lang='lat' dir='ltr'>Alexandri,</span> <span class='ocrx_word' id='word_1_315' title='bbox 1884 3597 2077 3661; x_wconf 85' lang='lat' dir='ltr'>quem</span> <span class='ocrx_word' id='word_1_316' title='bbox 2108 3598 2189 3639; x_wconf 91' lang='lat' dir='ltr'>ne</span> <span class='ocrx_word' id='word_1_317' title='bbox 2219 3575 2388 3640; x_wconf 87' lang='lat' dir='ltr'>fama</span> <span class='ocrx_word' id='word_1_318' title='bbox 2425 3575 2674 3663; x_wconf 87' lang='lat' dir='ltr'>quidem</span> <span class='ocrx_word' id='word_1_319' title='bbox 2699 3562 2830 3629; x_wconf 60' lang='lat' dir='ltr'>illl-‘³⁷</span> 
     </span>
     <span class='ocr_line' id='line_1_41' title="bbox 746 3652 2792 3750; baseline 0.002 -26"><span class='ocrx_word' id='word_1_320' title='bbox 746 3674 968 3735; x_wconf 83' lang='lat' dir='ltr'>notum</span> <span class='ocrx_word' id='word_1_321' title='bbox 1014 3661 1283 3733; x_wconf 78' lang='lat' dir='ltr'>arbitror</span> <span class='ocrx_word' id='word_1_322' title='bbox 1308 3660 1521 3738; x_wconf 82' lang='lat' dir='ltr'>fuisse,</span> <span class='ocrx_word' id='word_1_323' title='bbox 1551 3660 1859 3726; x_wconf 84' lang='lat' dir='ltr'>sustinere</span> <span class='ocrx_word' id='word_1_324' title='bbox 1899 3683 2031 3725; x_wconf 92' lang='lat' dir='ltr'>non</span> <span class='ocrx_word' id='word_1_325' title='bbox 2074 3661 2355 3749; x_wconf 89' lang='lat' dir='ltr'>potuerit</span> <span class='ocrx_word' id='word_1_326' title='bbox 2386 3662 2652 3750; x_wconf 82' lang='lat' dir='ltr'>populus</span> <span class='ocrx_word' id='word_1_327' title='bbox 2688 3652 2792 3717; x_wconf 79' lang='grc' dir='ltr'>ΒΟ·</span> 
     </span>
    </p>
   </div>
   <div class='ocr_carea' id='block_1_5' title="bbox 734 3862 2791 4436">
    <p class='ocr_par' dir='ltr' id='par_1_5' title="bbox 742 3862 2789 3992">
     <span class='ocr_line' id='line_1_42' title="bbox 808 3862 2784 3929; baseline 0.002 -19"><span class='ocrx_word' id='word_1_328' title='bbox 808 3874 837 3922; x_wconf 80' lang='grc'><strong><em>3</em></strong></span> <span class='ocrx_word' id='word_1_329' title='bbox 860 3862 1013 3919; x_wconf 76' lang='lat' dir='ltr'>Quem</span> <span class='ocrx_word' id='word_1_330' title='bbox 1033 3863 1121 3925; x_wconf 68' lang='lat' dir='ltr'>qui</span> <span class='ocrx_word' id='word_1_331' title='bbox 1140 3878 1203 3910; x_wconf 66' lang='grc' dir='ltr'><strong><em>ω</em></strong></span> <span class='ocrx_word' id='word_1_332' title='bbox 1223 3865 1445 3925; x_wconf 71' lang='lat' dir='ltr'>reyihm]</span> <span class='ocrx_word' id='word_1_333' title='bbox 1488 3863 1670 3915; x_wconf 83' lang='lat' dir='ltr'>Cineas</span> <span class='ocrx_word' id='word_1_334' title='bbox 1691 3864 1760 3913; x_wconf 87' lang='lat' dir='ltr'>ni-</span> <span class='ocrx_word' id='word_1_335' title='bbox 1825 3864 1977 3927; x_wconf 79' lang='lat' dir='ltr'>finget</span> <span class='ocrx_word' id='word_1_336' title='bbox 1999 3864 2210 3914; x_wconf 76' lang='lat' dir='ltr'>diversas</span> <span class='ocrx_word' id='word_1_337' title='bbox 2229 3881 2263 3914; x_wconf 85' lang='lat' dir='ltr'>a</span> <span class='ocrx_word' id='word_1_338' title='bbox 2284 3865 2421 3915; x_wconf 78' lang='lat' dir='ltr'>veris.</span> <span class='ocrx_word' id='word_1_339' title='bbox 2457 3866 2614 3917; x_wconf 70' lang='lat' dir='ltr'>cm.</span> <span class='ocrx_word' id='word_1_340' title='bbox 2778 3924 2784 3929; x_wconf 19' lang='grc' dir='ltr'><strong>Δ</strong></span> 
     </span>
     <span class='ocr_line' id='line_1_43' title="bbox 742 3925 2789 3992; baseline 0.001 -19"><span class='ocrx_word' id='word_1_341' title='bbox 742 3925 940 3983; x_wconf 77' lang='lat' dir='ltr'>mirum,</span> <span class='ocrx_word' id='word_1_342' title='bbox 962 3925 1139 3988; x_wconf 86' lang='lat' dir='ltr'>Pyrrhi</span> <span class='ocrx_word' id='word_1_343' title='bbox 1162 3926 1286 3986; x_wconf 80' lang='lat' dir='ltr'>regis</span> <span class='ocrx_word' id='word_1_344' title='bbox 1306 3928 1510 3988; x_wconf 81' lang='lat' dir='ltr'>legatus.</span> <span class='ocrx_word' id='word_1_345' title='bbox 1891 3940 1919 3991; x_wconf 83' lang='lat'>5</span> <span class='ocrx_word' id='word_1_346' title='bbox 1953 3932 2123 3977; x_wconf 70' lang='lat' dir='ltr'>Etiam</span> <span class='ocrx_word' id='word_1_347' title='bbox 2160 3932 2303 3979; x_wconf 75' lang='lat' dir='ltr'>violis</span> <span class='ocrx_word' id='word_1_348' title='bbox 2339 3930 2676 3980; x_wconf 67' lang='lat' dir='ltr'>Macedonibus</span> <span class='ocrx_word' id='word_1_349' title='bbox 2701 3930 2789 3992; x_wconf 58' lang='grc' dir='ltr'>πθ,</span> 
     </span>
    </p>

    <p class='ocr_par' dir='ltr' id='par_1_6' title="bbox 734 3983 2791 4436">
     <span class='ocr_line' id='line_1_44' title="bbox 807 3983 2791 4052; baseline 0 -14"><span class='ocrx_word' id='word_1_350' title='bbox 807 4008 838 4051; x_wconf 82' lang='grc'><strong>4</strong></span> <span class='ocrx_word' id='word_1_351' title='bbox 882 3992 1057 4040; x_wconf 81' lang='lat' dir='ltr'>Veram</span> <span class='ocrx_word' id='word_1_352' title='bbox 1086 3990 1291 4052; x_wconf 73' lang='lat' dir='ltr'>speciem</span> <span class='ocrx_word' id='word_1_353' title='bbox 1320 3990 1530 4039; x_wconf 68' lang='lat' dir='ltr'>Romano·</span> <span class='ocrx_word' id='word_1_354' title='bbox 1561 4000 1762 4041; x_wconf 63' lang='lat' dir='ltr'>senaim</span> <span class='ocrx_word' id='word_1_355' title='bbox 1825 3994 1932 4052; x_wconf 73' lang='lat' dir='ltr'>ves]</span> <span class='ocrx_word' id='word_1_356' title='bbox 1975 3993 2118 4049; x_wconf 81' lang='lat' dir='ltr'>Quas</span> <span class='ocrx_word' id='word_1_357' title='bbox 2149 3994 2467 4052; x_wconf 79' lang='lat' dir='ltr'>Macedones,</span> <span class='ocrx_word' id='word_1_358' title='bbox 2499 3986 2674 4042; x_wconf 78' lang='lat' dir='ltr'>etiamsi</span> <span class='ocrx_word' id='word_1_359' title='bbox 2701 3983 2791 4029; x_wconf 62' lang='lat'><strong>*¹0¹¹</strong></span> 
     </span>
     <span class='ocr_line' id='line_1_45' title="bbox 740 4052 2791 4118; baseline 0 -15"><span class='ocrx_word' id='word_1_360' title='bbox 740 4056 895 4118; x_wconf 73' lang='lat' dir='ltr'>oepit]</span> <span class='ocrx_word' id='word_1_361' title='bbox 942 4054 1078 4103; x_wconf 85' lang='lat' dir='ltr'>Vera</span> <span class='ocrx_word' id='word_1_362' title='bbox 1108 4054 1197 4101; x_wconf 84' lang='lat' dir='ltr'>sub</span> <span class='ocrx_word' id='word_1_363' title='bbox 1229 4052 1441 4115; x_wconf 76' lang='lat' dir='ltr'>imagine</span> <span class='ocrx_word' id='word_1_364' title='bbox 1474 4054 1759 4104; x_wconf 86' lang='lat' dir='ltr'>Romanum</span> <span class='ocrx_word' id='word_1_365' title='bbox 1823 4056 2043 4114; x_wconf 69' lang='lat' dir='ltr'>finissent,</span> <span class='ocrx_word' id='word_1_366' title='bbox 2061 4063 2260 4117; x_wconf 72' lang='lat' dir='ltr'>gravate</span> <span class='ocrx_word' id='word_1_367' title='bbox 2288 4057 2530 4117; x_wconf 57' lang='lat' dir='ltr'>alliserit,</span> <span class='ocrx_word' id='word_1_368' title='bbox 2548 4054 2706 4104; x_wconf 71' lang='lat' dir='ltr'>nedum</span> <span class='ocrx_word' id='word_1_369' title='bbox 2727 4054 2791 4092; x_wconf 51' lang='grc' dir='ltr'>θ’</span> 
     </span>
     <span class='ocr_line' id='line_1_46' title="bbox 738 4116 2673 4182; baseline 0.001 -15"><span class='ocrx_word' id='word_1_370' title='bbox 738 4124 965 4167; x_wconf 83' lang='lat' dir='ltr'>senatum</span> <span class='ocrx_word' id='word_1_371' title='bbox 1002 4118 1094 4167; x_wconf 86' lang='lat' dir='ltr'>sibi</span> <span class='ocrx_word' id='word_1_372' title='bbox 1132 4116 1383 4166; x_wconf 83' lang='lat' dir='ltr'>exhibuit=</span> <span class='ocrx_word' id='word_1_373' title='bbox 1422 4132 1586 4165; x_wconf 78' lang='lat' dir='ltr'>veram</span> <span class='ocrx_word' id='word_1_374' title='bbox 1621 4134 1758 4168; x_wconf 85' lang='lat' dir='ltr'>sena·</span> <span class='ocrx_word' id='word_1_375' title='bbox 1824 4120 2033 4169; x_wconf 82' lang='lat' dir='ltr'>tolersre</span> <span class='ocrx_word' id='word_1_376' title='bbox 2053 4126 2252 4182; x_wconf 64' lang='lat' dir='ltr'>ponent</span> <span class='ocrx_word' id='word_1_377' title='bbox 2273 4120 2494 4170; x_wconf 78' lang='lat' dir='ltr'>victores.</span> <span class='ocrx_word' id='word_1_378' title='bbox 2527 4121 2673 4169; x_wconf 70' lang='lat' dir='ltr'>cuv.</span> 
     </span>
     <span class='ocr_line' id='line_1_47' title="bbox 738 4174 2789 4246; baseline 0 -17"><span class='ocrx_word' id='word_1_379' title='bbox 738 4187 819 4229; x_wconf 82' lang='lat' dir='ltr'>tus</span> <span class='ocrx_word' id='word_1_380' title='bbox 852 4182 1069 4230; x_wconf 83' lang='lat' dir='ltr'>Romani</span> <span class='ocrx_word' id='word_1_381' title='bbox 1102 4182 1352 4230; x_wconf 86' lang='lat' dir='ltr'>notionem</span> <span class='ocrx_word' id='word_1_382' title='bbox 1383 4188 1634 4230; x_wconf 81' lang='lat' dir='ltr'>assecutus</span> <span class='ocrx_word' id='word_1_383' title='bbox 1667 4188 1756 4231; x_wconf 83' lang='lat' dir='ltr'>est.</span> <span class='ocrx_word' id='word_1_384' title='bbox 1889 4182 1920 4231; x_wconf 91' lang='lat'><strong>6</strong></span> <span class='ocrx_word' id='word_1_385' title='bbox 1955 4186 2136 4234; x_wconf 74' lang='lat' dir='ltr'>Caedes</span> <span class='ocrx_word' id='word_1_386' title='bbox 2157 4186 2444 4246; x_wconf 73' lang='lat' dir='ltr'>amicorum]</span> <span class='ocrx_word' id='word_1_387' title='bbox 2483 4184 2601 4235; x_wconf 86' lang='lat' dir='ltr'>Cliti</span> <span class='ocrx_word' id='word_1_388' title='bbox 2630 4174 2789 4246; x_wconf 58' lang='lat' dir='ltr'>scfflqeto</span> 
     </span>
     <span class='ocr_line' id='line_1_48' title="bbox 738 4242 2770 4307; baseline 0.002 -16"><span class='ocrx_word' id='word_1_389' title='bbox 738 4244 822 4291; x_wconf 78' lang='lat' dir='ltr'>Sic</span> <span class='ocrx_word' id='word_1_390' title='bbox 856 4244 1033 4294; x_wconf 82' lang='lat' dir='ltr'>Horat.</span> <span class='ocrx_word' id='word_1_391' title='bbox 1062 4246 1164 4294; x_wconf 88' lang='lat' dir='ltr'>Sat.</span> <span class='ocrx_word' id='word_1_392' title='bbox 1194 4244 1245 4294; x_wconf 90' lang='lat' dir='ltr'>ii.</span> <span class='ocrx_word' id='word_1_393' title='bbox 1276 4259 1319 4307; x_wconf 77' lang='lat'>3.</span> <span class='ocrx_word' id='word_1_394' title='bbox 1345 4245 1454 4293; x_wconf 78' lang='lat'>208.</span> <span class='ocrx_word' id='word_1_395' title='bbox 1523 4248 1620 4302; x_wconf 74' lang='lat' dir='ltr'>Qui</span> <span class='ocrx_word' id='word_1_396' title='bbox 1652 4262 1755 4307; x_wconf 70' lang='lat' dir='ltr'>rpe-</span> <span class='ocrx_word' id='word_1_397' title='bbox 1821 4252 1872 4294; x_wconf 87' lang='lat' dir='ltr'>et</span> <span class='ocrx_word' id='word_1_398' title='bbox 1893 4247 2229 4305; x_wconf 85' lang='lat' dir='ltr'>Callisthenis,</span> <span class='ocrx_word' id='word_1_399' title='bbox 2249 4264 2442 4296; x_wconf 84' lang='lat' dir='ltr'>necnon</span> <span class='ocrx_word' id='word_1_400' title='bbox 2467 4242 2770 4297; x_wconf 69' lang='lat' dir='ltr'>Pannonium</span> 
     </span>
     <span class='ocr_line' id='line_1_49' title="bbox 734 4307 2783 4377; baseline 0.002 -25"><span class='ocrx_word' id='word_1_401' title='bbox 734 4307 992 4377; x_wconf 31' lang='lat' dir='ltr'>ciecstalias</span> <span class='ocrx_word' id='word_1_402' title='bbox 1024 4310 1153 4358; x_wconf 72' lang='lat' dir='ltr'>veris</span> <span class='ocrx_word' id='word_1_403' title='bbox 1180 4343 1194 4356; x_wconf 94' lang='lat'><strong>.</strong></span> <span class='ocrx_word' id='word_1_404' title='bbox 1218 4344 1230 4356; x_wconf 92' lang='lat'><em>.</em></span> <span class='ocrx_word' id='word_1_405' title='bbox 1256 4342 1269 4356; x_wconf 91' lang='lat'><strong><em>.</em></strong></span> <span class='ocrx_word' id='word_1_406' title='bbox 1292 4344 1306 4357; x_wconf 85' lang='lat'><strong>.</strong></span> <span class='ocrx_word' id='word_1_407' title='bbox 1340 4310 1534 4369; x_wconf 77' lang='lat' dir='ltr'>capiet.-</span> <span class='ocrx_word' id='word_1_408' title='bbox 1583 4309 1634 4356; x_wconf 89' lang='lat' dir='ltr'>id</span> <span class='ocrx_word' id='word_1_409' title='bbox 1665 4314 1756 4364; x_wconf 82' lang='lat' dir='ltr'>est,</span> <span class='ocrx_word' id='word_1_410' title='bbox 1890 4322 1917 4369; x_wconf 84' lang='lat'>7</span> <span class='ocrx_word' id='word_1_411' title='bbox 1951 4313 2103 4368; x_wconf 71' lang='lat' dir='ltr'>Quem</span> <span class='ocrx_word' id='word_1_412' title='bbox 2135 4327 2198 4360; x_wconf 71' lang='lat' dir='ltr'>ns</span> <span class='ocrx_word' id='word_1_413' title='bbox 2219 4312 2369 4370; x_wconf 78' lang='lat' dir='ltr'>sama</span> <span class='ocrx_word' id='word_1_414' title='bbox 2401 4314 2590 4375; x_wconf 69' lang='lat' dir='ltr'>quidem</span> <span class='ocrx_word' id='word_1_415' title='bbox 2621 4309 2702 4358; x_wconf 67' lang='lat' dir='ltr'>iuis</span> <span class='ocrx_word' id='word_1_416' title='bbox 2725 4312 2783 4372; x_wconf 66' lang='lat'>⁹3⁰·</span> 
     </span>
     <span class='ocr_line' id='line_1_50' title="bbox 739 4369 2787 4436; baseline 0.005 -22"><span class='ocrx_word' id='word_1_417' title='bbox 739 4380 822 4431; x_wconf 77' lang='lat' dir='ltr'>qm</span> <span class='ocrx_word' id='word_1_418' title='bbox 843 4369 1077 4429; x_wconf 75' lang='lat' dir='ltr'>imagines</span> <span class='ocrx_word' id='word_1_419' title='bbox 1096 4386 1278 4431; x_wconf 81' lang='lat' dir='ltr'>rerum,</span> <span class='ocrx_word' id='word_1_420' title='bbox 1298 4370 1399 4421; x_wconf 81' lang='lat' dir='ltr'>sivo</span> <span class='ocrx_word' id='word_1_421' title='bbox 1421 4370 1642 4420; x_wconf 82' lang='lat' dir='ltr'>notiones</span> <span class='ocrx_word' id='word_1_422' title='bbox 1664 4371 1756 4419; x_wconf 81' lang='lat' dir='ltr'>sibi</span> <span class='ocrx_word' id='word_1_423' title='bbox 1807 4374 1950 4432; x_wconf 66' lang='lat' dir='ltr'>⁴tum]</span> <span class='ocrx_word' id='word_1_424' title='bbox 2007 4374 2194 4423; x_wconf 82' lang='lat' dir='ltr'>Contra</span> <span class='ocrx_word' id='word_1_425' title='bbox 2236 4374 2428 4423; x_wconf 79' lang='lat' dir='ltr'>Ari-ian.</span> <span class='ocrx_word' id='word_1_426' title='bbox 2467 4374 2546 4423; x_wconf 81' lang='lat' dir='ltr'>vii.</span> <span class='ocrx_word' id='word_1_427' title='bbox 2588 4388 2656 4436; x_wconf 83' lang='lat'>15.</span> <span class='ocrx_word' id='word_1_428' title='bbox 2685 4374 2787 4417; x_wconf 60' lang='lat' dir='ltr'><strong>0⁸1⁰ss</strong></span> 
     </span>
    </p>
   </div>
   <div class='ocr_carea' id='block_1_6' title="bbox 2859 2 2936 1347">
    <p class='ocr_par' dir='ltr' id='par_1_7' title="bbox 2859 2 2936 2676">
     <span class='ocr_line' id='line_1_51' title="bbox 2859 2 2916 444; baseline 0 0"><span class='ocrx_word' id='word_1_429' title='bbox 2859 2 2916 444; x_wconf 65' lang='lat' dir='ltr'>x</span> 
     </span>
     <span class='ocr_line' id='line_1_52' title="bbox 2900 485 2936 1347; baseline 0 0"><span class='ocrx_word' id='word_1_430' title='bbox 2900 485 2936 1347; x_wconf 41' lang='lat' dir='ltr'>l</span> 
     </span>
    </p>
   </div>
   <div class='ocr_carea' id='block_1_7' title="bbox 2928 2836 2936 2931">
    <p class='ocr_par' dir='ltr' id='par_1_8' title="bbox 2928 2836 2936 2931">
     <span class='ocr_line' id='line_1_53' title="bbox 2933 2836 2936 2859; baseline 0 0"><span class='ocrx_word' id='word_1_431' title='bbox 2933 2836 2936 2859; x_wconf 87' lang='grc'>.</span> 
     </span>
     <span class='ocr_line' id='line_1_54' title="bbox 2928 2868 2933 2931; baseline 0 0"><span class='ocrx_word' id='word_1_432' title='bbox 2928 2868 2933 2931; x_wconf 64' lang='lat' dir='ltr'>f</span> 
     </span>
    </p>
   </div>
   <div class='ocr_carea' id='block_1_8' title="bbox 2933 3189 2936 3262">
    <p class='ocr_par' dir='ltr' id='par_1_9' title="bbox 2933 3189 2936 3262">
     <span class='ocr_line' id='line_1_55' title="bbox 2933 3189 2936 3262; baseline 0 0"><span class='ocrx_word' id='word_1_433' title='bbox 2933 3189 2936 3262; x_wconf 66' lang='lat' dir='ltr'><em>V</em></span> 
     </span>
    </p>
   </div>
  </div>
 </body>
</html>
