3000 4784
387 370 455 425 U.
477 372 538 421 C.
565 371 671 435 364.

383 436 444 483 Aa
481 436 539 485 C.
565 438 674 499 388.

489 980 591 1039 35.

381 2187 573 2237 Clusini
595 2205 626 2237 a

381 2251 544 2301 Gallis
565 2267 650 2326 op-

377 2322 595 2378 Pussnsstl·

380 2706 590 2767 Legatos
610 2719 643 2752 a

381 2768 620 2817 Romanis

378 2833 442 2879 ad
467 2831 641 2881 Gallos

379 2896 446 2943 im
451 2902 659 2957 peti-ant.

711 222 836 283 326
1479 216 1708 284 TITI
1770 218 2044 285 LIVII

711 363 879 427 fecti.
957 360 1038 427 Id
1073 362 1241 427 Galli
1269 363 1563 427 fortunae
1593 386 1741 428 suae
1774 386 1965 427 omen
1993 364 2114 427 rati
2143 362 2461 442 adiuvere,
2490 378 2585 441 ut,
2616 386 2809 451 quem

712 450 990 537 primum
1029 451 1095 513 in
1139 462 1371 514 terram
1411 451 1647 537 egressi
1685 464 2165 537 occupaverant,
2198 450 2407 515 locum
2445 451 2811 538 patentibus

711 535 884 599 silvis
933 536 1418 601 communirent.
1512 535 1643 623 Ipsi
1702 559 1819 624 per
1865 534 2181 602 Taurinos
2232 537 2325 601 sal.
2472 560 2555 602 ue
2606 538 2812 602 invios
2831 558 2847 591 1

712 621 914 709 Alpes
964 622 1530 687 transcenderunt:
1586 623 1868 710 fusisque
1915 624 2049 688 acie
2094 624 2321 688 Tuscis
2366 624 2543 689 haud
2588 624 2813 711 procul

712 708 944 773 Ticino
991 709 1275 787 flumine,
1318 732 1539 796 quum,
1588 710 1656 772 in
1699 732 1827 795 quo
1876 710 2309 787 consederant,
2352 732 2577 797 agrum
2622 710 2814 775 Insu-

709 795 920 860 brium
992 795 1294 883 appellari
1359 796 1702 872 audissent,
1764 798 2141 883 cognomine
2208 796 2581 861 Insubribus
2644 820 2813 885 pago

713 880 1128 947 Aeduorum:
1195 882 1304 959 ibi,
1346 904 1539 947 omen
1579 896 1919 968 sequentes
1963 883 2107 960 loci,
2148 882 2491 949 condidere
2540 885 2811 949 urbem:

710 966 1157 1033 Mediolanum
1201 968 1614 1055 appellarunt.
1709 967 1863 1033 Alia
1904 968 2173 1033 subinde
2216 992 2441 1034 manus
2488 969 2815 1035 Cenoma-

709 1076 957 1133 norum,
991 1054 1268 1119 Elitovio
1297 1054 1461 1120 duce
1491 1056 1755 1142 vestigia
1788 1056 2067 1141 priorum
2104 1068 2335 1133 secuta,
2366 1056 2597 1121 eodem
2620 1056 2812 1133 saltu,

708 1140 958 1206 favente
1013 1140 1364 1219 BelloveSO,
1412 1164 1616 1228 quum
1670 1142 2155 1206 transcendmet
2200 1142 2419 1229 Alpes,
2466 1143 2579 1207 ubi
2632 1166 2812 1207 nunc
2830 1167 2853 1198 ²

713 1226 933 1292 Brixia
974 1250 1048 1292 ac
1077 1226 1338 1293 Verona
1380 1229 1565 1292 urbes
1610 1240 1777 1303 sunt,
1826 1226 2028 1314 (locos
2080 1240 2339 1293 tenuere
2384 1228 2613 1313 Libui)
2656 1251 2813 1295 con-
2828 1242 2855 1289 3

711 1313 964 1380 sidunt:
1013 1327 1158 1401 post
1196 1314 1311 1379 hos
1351 1314 1630 1390 Salluvii,
1670 1336 1865 1414 prope
1904 1315 2232 1401 antiquam
2353 1328 2532 1380 ntem
2564 1314 2814 1381 Laevos

712 1400 1000 1501 LigureS,
1033 1400 1382 1464 incolentes
1413 1401 1580 1464 circa
1608 1400 1910 1464 Ticinum
1943 1424 2213 1467 amnem.
2348 1402 2542 1465 enino
2572 1401 2810 1467 deinde
2828 1419 2855 1458 4

711 1486 855 1550 Βοιὶ
915 1487 1366 1573 Lingonesque
1427 1487 1811 1573 transgressi,
1872 1510 2073 1573 quum
2138 1488 2265 1552 iam
2330 1488 2499 1552 inter
2557 1488 2813 1553 Padum

709 1585 898 1659 atque
932 1571 1133 1660 Alpes
1177 1572 1392 1637 omnia
1435 1586 1819 1649 tenerentur,
1852 1573 2032 1637 Pado
2074 1574 2311 1638 ratibus
2352 1575 2638 1655 traiecto,
2680 1598 2812 1640 non

710 1658 1009 1725 Etruscos
1061 1658 1270 1735 modu,
1323 1659 1438 1723 sed
1488 1660 1682 1723 etiam
1736 1658 2035 1737 Umbros,
2085 1683 2238 1748 agro
2287 1660 2539 1747 pellunt
2561 1686 2580 1725 ε
2646 1663 2813 1727 intra

710 1744 1132 1831 Apenninum
1185 1757 1398 1810 tamen
1451 1768 1585 1809 sese
1638 1760 1916 1810 tenuere.
2012 1744 2185 1810 Tum
2234 1745 2537 1825 Senones,
2590 1770 2813 1813 recen-

709 1830 930 1893 tissimi
953 1832 1361 1911 advenarum,
1387 1832 1466 1897 ab
1491 1830 1735 1895 Utente
1764 1832 2025 1896 flumine
2058 1856 2260 1919 usque
2290 1832 2373 1897 ad
2398 1834 2629 1899 Aesim
2652 1836 2813 1900 fines
2830 1844 2855 1893 5

707 1915 1000 1980 habuere.
1074 1917 1264 1982 Hanc
1293 1932 1551 2005 gentem
1586 1916 1899 1995 Clusium,
1928 1918 2326 2006 Romamque
2357 1919 2532 1998 inde,
2562 1922 2813 1986 venisse

707 2024 846 2066 eom
932 2004 1064 2067 rio:
1115 2004 1181 2067 id
1271 2028 1450 2069 arum
1493 2018 1739 2069 certum
1784 2016 1898 2081 est,
1936 2005 2235 2082 solamne,
2268 2029 2349 2071 an
2390 2006 2471 2070 ab
2512 2008 2813 2073 omnibus

712 2088 864 2153 Cisa
887 2090 1182 2176 pinorum
1285 2090 1552 2155 allorum
1581 2090 1832 2177 populis
1861 2090 2157 2155 adiutam.

795 2176 1068 2253 Clusini,
1100 2200 1266 2241 novo
1300 2177 1468 2241 bello
1505 2178 1806 2255 exterriti,
1840 2200 2039 2264 quum
2076 2178 2573 2257 multitudinem,
2608 2190 2857 2268 quum6

705 2262 935 2326 formas
978 2262 1311 2327 hominum
1351 2264 1697 2327 invisitatas
1736 2277 2070 2328 cernerent
2112 2276 2178 2329 et
2218 2288 2422 2352 genus
2464 2289 2811 2345 armorum,

706 2348 1147 2435 audirentque,
1199 2372 1386 2437 saepe
1437 2351 1518 2414 ab
1570 2350 1665 2426 iis,
1718 2351 1808 2414 cis
1860 2350 2108 2414 Padum
2161 2352 2469 2438 ultraque,
2523 2352 2814 2441 legiones

712 2434 1118 2499 Etruscorum
1173 2436 1360 2513 fissae,
1411 2459 1777 2537 quanquam
1830 2436 2127 2501 adversus
2179 2437 2506 2504 Romanos
2557 2440 2809 2505 nullum

706 2522 782 2585 iis
827 2522 924 2585 ius
967 2523 1280 2587 societatis
1325 2523 1714 2587 amlcitiaeve
1760 2536 1911 2600 erat,
1948 2524 2070 2588 nisi
2108 2525 2282 2611 quod
2311 2524 2623 2591 Veientes
2658 2550 2811 2592 con·

706 2610 1085 2695 sanguineos
1118 2609 1414 2673 adversus
1447 2608 1756 2697 populum
1792 2608 2155 2675 Romanum
2188 2634 2323 2675 non
2353 2611 2809 2690 defendiaeent,

705 2693 943 2781 legatos
975 2696 1268 2774 Romam,
1301 2696 1412 2782 qui
1455 2695 1765 2759 auxilium
1810 2697 1890 2760 ab
1936 2710 2161 2763 senatu
2207 2710 2519 2784 peterent,
2557 2700 2806 2765 misere.

707 2780 810 2845 De
863 2782 1102 2846 auxilio
1153 2782 1314 2846 nihil
1365 2784 1810 2870 impetratum:
1869 2783 2059 2871 legati
2114 2796 2240 2847 tres
2290 2783 2384 2849 Μ.
2420 2784 2601 2849 Fabii
2649 2788 2857 2851 Ama

776 2965 796 2998 1
827 2952 1091 3012 Taurinos]
1119 2954 1293 3001 Gallos
1311 2969 1397 3014 per
1415 2956 1592 3003 vallem
1616 2956 1718 3003 Du·
1785 2954 2025 3003 tissimum
2050 2970 2187 3017 opus.
2223 2956 2385 3004 Cnnv.

705 3013 806 3062 riae
837 3014 1050 3074 maioris,
1085 3016 1198 3063 hod.
1245 3018 1346 3064 Val.
1382 3020 1601 3077 d’Aosta,
1637 3020 1717 3067 de-
1851 3034 1879 3081 3
1900 3022 2073 3079 Libui]
2094 3020 2230 3068 Gens
2246 3020 2494 3081 Ligurum.
2522 3020 2585 3068 cf.
2600 3019 2811 3069 Niebhr.

707 3079 948 3127 scendisse
983 3078 1034 3125 in
1075 3078 1273 3127 Italiam
1311 3080 1518 3130 Niebhr.
1555 3082 1717 3131 existi·
1784 3082 1814 3131 i.
1839 3099 1888 3144 p.
1918 3080 2021 3131 161.
2087 3086 2287 3143 Laevos,
2310 3098 2374 3131 sc.
2399 3082 2483 3145 qui
2512 3084 2691 3132 urbem
2718 3084 2809 3133 Par

707 3148 828 3203 mat,
862 3148 912 3191 et
945 3142 1196 3202 Salassios,
1233 3146 1573 3194 Tam-iscoram
1606 3162 1721 3209 gen·
1786 3147 1934 3206 viam,
1952 3147 2042 3194 sub
2058 3148 2257 3195 nomine
2270 3146 2447 3205 Ticini,
2462 3148 2811 3198 condiderunt.

705 3212 826 3267 tem,
848 3207 915 3255 ibi
943 3209 1204 3266 mansisse;
1239 3211 1480 3259 Taurinos
1504 3226 1616 3259 vero
1640 3210 1719 3259 Li-
1788 3210 1917 3259 Plin.
1944 3210 2012 3258 H.
2034 3210 2101 3260 N.
2125 3210 2193 3258 iii.
2211 3226 2286 3259 21.

704 3288 845 3333 giu-es
865 3272 1028 3321 fuisse.
1850 3291 1881 3334 4
1912 3276 2132 3335 Pennino]
2160 3276 2297 3349 Iugo.
2350 3272 2501 3324 Unde
2519 3290 2705 3325 nomen
2726 3277 2809 3326 Al-

786 3351 812 3383 2
863 3338 913 3385 U
911 3338 957 3384 ὁὶ
1004 3354 1138 3385 nuno
1189 3338 1370 3386 Brixia
1420 3354 1478 3386 ao
1532 3340 1721 3387 Verona
1788 3338 1931 3401 pibus
1961 3338 2174 3387 inditum
2208 3345 2270 3387 mt
2291 3340 2519 3399 Pem‘nu’s,
2541 3340 2693 3388 docet
2730 3341 2809 3389 Li-

706 3402 848 3448 urbes
878 3404 1020 3462 sune]
1059 3400 1423 3449 Illustrissimus
1453 3400 1525 3449 vir
1558 3402 1721 3463 Scipio
1788 3402 1894 3449 vius
1916 3402 2015 3451 xxi.
2034 3406 2108 3465 38.
2143 3403 2305 3453 Cam.
2352 3402 2538 3461 Hodie,
2560 3404 2607 3452 le
2631 3407 2813 3452 Groend

707 3464 937 3513 Maffeius
958 3464 1082 3513 libro
1103 3465 1134 3514 i.
1159 3465 1318 3527 operis
1345 3465 1525 3514 Italica
1558 3466 1725 3528 lingua
1786 3468 1855 3514 St.
1878 3468 2120 3515 Ber-nard.

707 3528 892 3590 scripti,
909 3529 986 3576 cui
1011 3528 1184 3578 titulus
1205 3535 1279 3577 est
1303 3531 1490 3579 Verona
1506 3530 1721 3578 illustra·
1854 3542 1881 3592 5
1915 3533 2106 3592 Aes-im]
2153 3530 2289 3581 Olim
2310 3532 2545 3581 Athe-sim.
2596 3531 2806 3581 Con-ex—

706 3592 953 3652 ta,multis
966 3595 1140 3654 probat
1155 3594 1403 3642 Veronam
1413 3594 1718 3643 Cenomano-
1784 3594 1824 3641 it
1887 3594 2130 3657 Sigonius,
2175 3594 2254 3644 cui
2319 3594 2616 3656 astipulatur
2681 3596 2805 3644 anti-

707 3672 814 3703 rum
838 3671 936 3703 non
957 3656 1131 3705 fuisse:
1166 3673 1258 3705 nec
1279 3658 1563 3719 spernendis
1584 3672 1717 3720 argu-
1784 3658 2046 3719 quissimus
2076 3674 2105 3707 e
2134 3659 2308 3708 nostris
2340 3659 2481 3707 codd.
2516 3658 2695 3707 ceteris
2727 3674 2805 3708 eo-

708 3718 886 3766 mentis
907 3720 1157 3779 convellit,
1172 3721 1408 3784 quidquid
1427 3737 1454 3769 e
1477 3721 1721 3771 veteribus

707 3782 1020 3843 scriptoribus
1061 3784 1261 3831 affertur
1308 3786 1372 3833 ad
1415 3786 1719 3834 contribuen-

707 3846 822 3893 dam
841 3846 1137 3895 Cenomanis
1157 3846 1295 3895 illam
1319 3850 1504 3897 urbem.
1567 3848 1721 3899 Hunc

707 3908 960 3971 speciatim
985 3908 1112 3958 Livii
1146 3911 1310 3959 locum
1343 3918 1537 3972 tractat,
1566 3918 1616 3961 et
1648 3928 1718 3963 re-

708 3974 990 4037 fingendum
1025 3980 1190 4023 censet
1217 3990 1278 4023 ex
1309 3976 1438 4025 Plin.
1464 3977 1535 4027 H.
1562 3976 1627 4027 N.
1651 3978 1716 4027 iii.

713 4052 784 4102 19.
809 4038 891 4101 qui
917 4037 1137 4087 Brixiam
1167 4044 1217 4087 et
1242 4040 1537 4089 Cremonam
1560 4042 1717 4091 Ceno-

706 4103 864 4151 manis
887 4102 1125 4162 attribuit,
1149 4104 1398 4152 Veronam
1423 4105 1596 4154 Raetis
1618 4106 1717 4155 Eu-

702 4167 882 4229 ganeis.
953 4166 1053 4216 Hic
1079 4168 1225 4230 igitur
1252 4169 1422 4217 itidem
1458 4170 1717 4231 legendum

703 4236 864 4293 putat,
897 4233 982 4279 ubi
1017 4248 1149 4280 nuno
1181 4234 1360 4281 Bria-ia
1393 4242 1441 4281 et
1479 4232 1718 4283 Cremona

703 4296 846 4343 urbes
865 4302 995 4343 sunt.
1064 4294 1169 4351 Qui
1199 4310 1300 4343 rem
1329 4296 1543 4358 penitius
1568 4297 1715 4359 inspi-

704 4370 811 4403 cere
835 4357 1058 4417 cupierit,
1070 4360 1216 4407 adeat
1231 4359 1391 4421 ipsum
1413 4358 1582 4408 Maffei
1605 4363 1713 4409 ‹loc-

1784 3722 1895 3770 dem
1918 3723 2268 3773 alludentibus.
2331 3725 2477 3773 Aesis
2502 3738 2535 3769 a
2560 3723 2805 3771 Strabone

1787 3801 1829 3833 v.
1862 3786 2041 3835 dicitur
2072 3787 2287 3835 divisisse
2322 3784 2537 3836 Galliam
2573 3800 2606 3833 a
2641 3793 2805 3836 cetera

1787 3848 1951 3899 Italia.
1974 3850 2006 3899 i.
2030 3866 2074 3899 e.
2098 3852 2317 3900 Senonas
2336 3867 2369 3899 a
2392 3850 2590 3899 Piceno.
2622 3850 2789 3901 cm.

1855 3912 1886 3962 6
1923 3916 2324 3976 Asultitudinem]
2382 3914 2606 3977 Triginta
2644 3914 2803 3963 minin.

1783 3978 1833 4025 in
1866 3979 1973 4027 acie
2006 3979 2265 4027 Gallorum
2298 3978 2447 4027 fuisse
2478 3976 2645 4026 scribit
2682 3978 2803 4027 Dio-

1784 4042 1885 4092 dor.
1908 4042 2005 4091 xiv.
2034 4057 2052 4091 1
2068 4057 2140 4105 13.

1859 4117 1886 4169 7
1926 4108 2099 4169 legati
2134 4109 2256 4166 tres]
2316 4106 2433 4155 Non
2474 4112 2529 4153 ut
2568 4104 2797 4155 iniuriam

1784 4170 1999 4219 Clusinis
2026 4174 2418 4235 deprecarentur,
2439 4167 2592 4229 missi,
2613 4169 2655 4217 si
2680 4170 2797 4218 Dio-

1784 4234 1885 4283 dor.
1909 4235 2135 4295 audieris,
2158 4237 2243 4285 sed
2273 4241 2330 4283 ut
2351 4233 2551 4296 quinam
2576 4233 2797 4283 homines

1783 4304 1833 4346 et
1855 4300 2025 4360 quales
2047 4306 2204 4348 essent
2227 4298 2382 4357 Galli,
2404 4297 2752 4361 perspicerent.
