3000 4784
857 225 1049 294 LIB.
1107 225 1176 294 L.
1227 227 1451 296 cAP.
1510 229 1613 298 2⁷.
1845 205 1859 214 ’
2206 233 2289 295 33

202 357 386 424 hodie
413 381 670 446 quoque
699 360 952 448 publice
995 381 1247 450 semper
1287 361 1597 427 refectum
1636 373 1870 426 manet.
1966 356 2291 425 Sororium

177 443 464 531 tigillum
507 459 750 512 vocant.
845 447 1152 512 Horatiae
1191 447 1573 535 sepulcrum,
1614 471 1743 535 quo
1787 445 1928 511 loco
1971 459 2295 511 corruerat

200 531 336 607 icta,
367 545 800 598 constructum
829 545 927 598 est
955 555 1108 598 saxo
1137 533 1463 620 quadrato.

283 615 421 681 Nec
480 617 594 682 diu
649 641 777 706 pax
835 617 1092 686 Albana
1156 620 1405 684 mansit.
1541 617 1795 683 Invidia
1856 615 2053 708 vulgi,
2116 617 2295 705 quod
2406 615 2507 678 27·

201 702 391 766 tribm
440 702 746 768 militibus
795 704 1053 770 fortuna
1100 703 1357 792 publica
1405 706 1740 772 commissa
1792 703 2005 782 fuerit,
2056 725 2293 768 vanum

203 788 216 800 ⁰
387 789 520 853 ’um
570 789 894 855 dictatoris
937 791 1258 894 corrupit3
1312 803 1398 868 et,
1449 792 1753 892 quoniam
1810 801 1983 855 recta
2030 787 2295 854 consilia

198 873 362 939 haud
382 875 548 940 bene
571 887 936 955 evenerant,
959 899 1167 964 pram
1196 877 1602 942 reconcihare
1624 874 2026 964 popularium
2046 876 2293 940 animos

198 983 306 1025 coe
351 961 416 1026 ’t
529 959 756 1049 Igitur,
817 975 890 1028 ut
948 964 1157 1052 prius·
1190 963 1260 1026 in
1324 961 1494 1028 bello
1550 985 1794 1050 pacem,
1856 961 1949 1026 sic
2005 961 2077 1026 in
2130 983 2291 1049 pace

151 1048 161 1058 '
197 983 424 1110 belliilm
465 1070 796 1134 quaerens,
834 1048 990 1135 quia
1021 1071 1176 1114 suae
1221 1049 1460 1114 civitati
1506 1049 1863 1114 animorum
1901 1047 2064 1134 plus,
2142 1070 2291 1112 uam

197 1131 436 1210 virium,
485 1135 789 1198 cernebat
833 1157 988 1212 esse,
1033 1135 1119 1200 ad
1164 1135 1402 1200 bellum
1451 1133 1659 1222 palam
1706 1147 1899 1221 atque
1946 1156 2031 1198 ex
2078 1071 2291 1200 Edicto

195 1219 548 1303 gerundum
593 1219 748 1284 alios
786 1221 1063 1285 concitat
1099 1221 1400 1308 populos:
1447 1222 1579 1285 suis
1622 1241 1738 1306 per
1770 1221 2049 1307 speciem
2091 1220 2288 1284 socie-

199 1303 334 1368 tatis
388 1304 820 1394 proditionem
873 1320 1164 1371 reservat.
1251 1306 1305 1370 F
1306 1307 1613 1383 idenateS,
1676 1305 1925 1370 colonia
1976 1305 2288 1380 Romana,

198 1387 576 1456 Veientibus
603 1392 790 1456 sociis
805 1392 1054 1457 consilii
1082 1393 1435 1492 assumptis,
1455 1405 1643 1479 pacto
1674 1391 2063 1455 transitionis
2092 1389 2292 1456 Alba?-

197 1496 414 1540 norum
455 1476 544 1540 ad
582 1477 822 1542 bellum
859 1501 900 1542 a
971 1500 1054 1543 ue
1089 1501 1265 1544 arma
1295 1478 1659 1543 incitantur.
1756 1476 1979 1553 Quum
2010 1475 2291 1541 Fidenae
2312 1491 2509 1540 Bellum

197 1573 402 1647 aperte
443 1562 814 1641 descissent,
855 1563 920 1628 T
1011 1587 1104 1641 us,
1137 1563 1349 1629 Metto
1383 1565 1797 1650 exercituque
1828 1563 1966 1627 eius
2002 1563 2083 1627 ab
2121 1562 2293 1628 Alba
2306 1556 2583 1670 ξιῑῑαὲῑὴξξῗθ·

197 1647 409 1725 accito,
441 1661 665 1714 contra
692 1649 906 1715 hostes
933 1650 1130 1715 ducit.
1209 1650 1342 1716 Ubi
1373 1649 1699 1714 Anienem
1730 1650 1995 1726 transiit,
2022 1649 2111 1713 ad
2138 1671 2293 1713 con-

197 1732 456 1799 fluentes
515 1734 786 1800 collocat
841 1748 1060 1802 castra.
1179 1733 1360 1800 Inter
1417 1758 1567 1800 eum
1624 1735 1837 1800 locum
1894 1747 1963 1801 et
2020 1734 2295 1800 Fidenas

200 1817 564 1886 Veientium
621 1823 938 1888 exercitus
996 1822 1284 1888 Tiberim
1337 1822 1685 1888 transierat.
1778 1819 1873 1884 Hi
1924 1833 1993 1886 et
2037 1822 2106 1884 in
2156 1823 2293 1885 acie

199 1923 384 1993 prope
405 1907 650 1971 fiumen
675 1921 940 1973 tenuere
963 1908 1262 1973 dextrum
1291 1930 1525 1974 coi-nux
1572 1909 1644 1972 in
1670 1907 1926 1972 sinistro
1956 1906 2295 1972 Fidenates

239 1993 446 2080 ropius
503 2007 758 2058 montes
816 1994 1187 2058 consistunt.
1302 1993 1532 2058 Tullus
1588 1993 1889 2058 adversus
1946 1992 2293 2058 Veientem
2312 2013 2459 2062 Metti
2485 2029 2589 2076 per-

200 2013 434 2143 Eostem
463 2078 688 2166 dirigit
719 2102 904 2144 suos:
953 2079 1244 2146 Albanos
1278 2092 1500 2145 contra
1528 2079 1849 2166 legionem
1888 2078 2295 2144 Fidenatium
2312 2077 2443 2126 fidia.

201 2163 470 2230 collocat.
569 2165 825 2232 Albano
863 2188 996 2230 non
1029 2166 1174 2266 plus
1215 2167 1411 2231 animi
1457 2178 1610 2244 erat,
1652 2187 1845 2253 quam
1886 2165 2058 2230 fidei.
2152 2165 2295 2230 Nec

203 2270 446 2316 manere
493 2274 536 2316 e
650 2299 670 2329 ,
701 2274 822 2316 nec
869 2265 1132 2317 transire
1161 2265 1377 2338 aperte
1417 2275 1625 2329 ausus,
1657 2251 1891 2316 sensim
1931 2251 2013 2316 ad
2048 2265 2297 2316 montes

161 2357 190 2404 9
203 2335 488 2402 succedit.
667 2337 771 2415 de,
831 2338 942 2402 ubi
1001 2339 1151 2402 satis
1205 2339 1446 2404 subisse
1504 2361 1644 2403 sese
1702 2351 1877 2402 ratus
1934 2349 2051 2414 est,
2111 2338 2298 2425 erigit

204 2433 390 2487 totam
447 2423 691 2489 aciem:
767 2425 1212 2524 fluctuansque
1285 2425 1522 2500 animo,
1584 2436 1656 2488 ut
1728 2435 1959 2488 tereret
2024 2435 2296 2510 tempus,

204 2507 446 2574 ordines
477 2509 777 2596 explicat.
873 2509 1233 2575 Consilium
1267 2523 1420 2586 erat,
1463 2532 1594 2596 qua
1633 2510 1891 2573 fortuna
1918 2531 2055 2572 rem
2098 2509 2297 2586 daret,

206 2613 277 2656 ea
327 2593 635 2660 inclinare
692 2598 874 2662 vinea
967 2595 1285 2660 Miraculo
1341 2595 1549 2682 primo
1606 2617 1741 2659 esse
1804 2593 2132 2670 Romania,
2184 2595 2298 2680 qui

207 2680 468 2764 proximi
511 2693 837 2759 steterant,
883 2695 958 2746 ut
998 2681 1228 2746 nudari
1270 2681 1468 2746 latera
1512 2703 1627 2744 sua
1658 2680 1971 2744 sociorum
2014 2679 2299 2766 digressu

205 2781 568 2832 senserunt:
637 2768 790 2833 inde
847 2791 1046 2868 eques
1115 2767 1309 2832 citato
1367 2789 1539 2854 equo
1598 2767 1853 2830 nuntiat
1908 2766 2064 2866 regi,
2124 2766 2297 2832 abire

173 2878 190 2910 1
209 2849 502 2918 Albanos.
613 2853 842 2918 Tullus
898 2875 970 2918 1n
1025 2875 1094 2918 re
1163 2865 1258 2918 tre
1303 2853 1411 2918 ida
1465 2853 1807 2918 duodecim
1864 2863 2037 2917 vowt
2092 2852 2297 2928 salios,

205 2935 466 3025 fineque
497 2938 737 3004 Pallori
763 2961 840 3004 ac
869 2939 1116 3004 Pavori.
1210 2877 1536 3026 Eguitem,
1568 2939 1735 3003 clara
1762 2938 2094 3025 increpans
2120 2961 2297 3015 voce,

209 3034 276 3085 ut
300 3023 514 3090 hostes
544 3025 940 3102 exaudirent,
971 3024 1180 3091 redire
1210 3026 1280 3089 in
1307 3025 1621 3112 proelium
1650 3026 1862 3090 iubet:
1913 3033 1935 3064 ⁶
1954 3024 2143 3090 Nihil
2170 3037 2301 3090 tre-

212 3116 231 3144 ‘
245 3109 568 3194 pidatione
597 3133 758 3198 opus
786 3134 947 3176 esse:
997 3134 1112 3176 suo
1141 3111 1318 3176 iussu
1343 3111 1737 3176 circumduci
1761 3109 2088 3176 Albanum
2118 3133 2300 3176 exer-

170 3223 194 3255 2
213 3203 232 3230 ‘
251 3195 462 3275 citum,
542 3211 616 3261 ut
688 3197 1094 3263 Fidenatium
1168 3197 1344 3262 nuda
1417 3211 1595 3284 terga
1660 3197 2001 3261 invadant)
2116 3197 2297 3261 Idem

211 3279 488 3367 imperat,
549 3296 626 3348 ut
681 3283 890 3348 hastas
954 3283 1206 3369 equites
1269 3283 1511 3370 erigere
1582 3282 1817 3348 iubeat.
1926 3281 2008 3348 Id
2064 3282 2299 3348 sactum

212 3387 464 3454 magnae
514 3370 680 3456 parti
725 3369 1017 3457 peditum
1063 3367 1498 3433 Romanorum
1546 3381 1960 3455 conspectum
2008 3369 2302 3434 abeuntis

216 3450 444 3520 Albani
490 3455 809 3520 exercitus
857 3455 1292 3542 intersaepsit:
1349 3455 1457 3554 qui
1506 3453 1815 3532 viderant,
1862 3453 1950 3530 id,
1994 3453 2171 3541 quod
2218 3455 2302 3519 ab

215 3558 352 3625 rege
409 3541 700 3608 auditum
751 3553 906 3620 erat,
958 3541 1098 3618 rati,
1151 3563 1228 3606 eo
1276 3562 1479 3606 acrius
1531 3551 1833 3626 pugnant.
1926 3540 2164 3606 Terror
2220 3539 2303 3604 ad

273 3783 306 3832 9
333 3771 524 3834 Erigit]
561 3772 701 3822 Stare
737 3771 888 3822 iubet.
942 3769 1046 3820 Ubi
1089 3770 1220 3820 enim
1285 3771 1533 3820 habebant
1548 3770 1809 3821 sacrarium
1827 3777 1879 3820 et
1892 3785 2030 3820 sacra
2045 3770 2304 3820 faciebant.

217 3847 380 3893 nsum
422 3835 624 3895 initur,
665 3837 808 3885 miles
853 3841 906 3885 et
953 3849 1131 3898 corpus
1171 3841 1224 3884 et
1289 3835 1493 3897 Dionys.
1548 3835 1599 3886 ii.
1656 3847 1729 3897 70.
1784 3835 1853 3884 iii.
1904 3849 1980 3897 3²·
2066 3837 2309 3897 Famaque

219 3893 399 3946 hastam
419 3899 575 3962 erig-it.
641 3899 722 3948 Sic
751 3901 886 3962 apud
919 3913 1010 3948 nos
1043 3899 1224 3948 dieitur
1285 3901 1478 3952 Pallori
1516 3915 1576 3948 ew
1607 3901 1795 3948 Pauori
1826 3900 1975 3957 vovit,
2013 3913 2079 3947 sc.
2118 3905 2175 3946 ut
2206 3913 2308 3945 non

208 3957 338 4014 faire
357 3964 472 4021 «lte,
505 3963 623 4011 olim
638 3965 780 4024 faire
808 3965 950 4022 haue,
977 3963 1222 4026 quomodo
1287 3969 1388 4010 tam
1411 3963 1703 4022 colerentur,
1725 3978 1873 4025 quam
1896 3963 2223 4024 placarentur,
2242 3975 2309 4008 ne

222 4023 488 4136 {fffitflhoe
535 4027 646 4074 loco
690 4027 996 4089 vigenarius.
1059 4027 1224 4075 Casv,
1289 4026 1505 4138 {mplius
1518 4041 1685 4075 eorum
1711 4027 1809 4075 vim
1824 4026 2061 4076 sentirent
2074 4023 2307 4074 Romam.

261 4099 332 4135 ac.
409 4088 486 4138 int.
511 4103 556 4152 3.
583 4101 656 4150 71.
901 4109 922 4117 ··
1343 4103 1421 4139 m*-

286 4163 306 4196 ι
345 4153 512 4202 Tullus
559 4155 806 4204 duodecim
858 4156 988 4202 vovit
1049 4155 1220 4212 medon]
1355 4167 1382 4201 ἰ
1414 4155 1579 4213 Idem]
1616 4155 1789 4205 Eidem
1832 4170 1895 4202 ex
1938 4153 2142 4202 coniect-
2183 4148 2308 4198 Gro-

225 4210 457 4272 Agenda
491 4222 543 4264 et
575 4217 799 4266 Collina·
829 4233 866 4266 s.
903 4216 1222 4273 Quirinales:
1289 4231 1399 4265 nov.
1424 4217 1474 4264 in
1506 4223 1697 4266 textum
1731 4217 1915 4278 recepit
1946 4215 2158 4265 Bekker.
2194 4211 2310 4260 licet

224 4287 331 4346 nam
365 4279 612 4328 Palatinos
641 4281 812 4330 Numa
839 4281 1144 4336 institueratz
1176 4285 1228 4327 et
1289 4280 1431 4328 codd.
1455 4281 1639 4328 advers.

227 4335 272 4382 hx
301 4338 349 4386 in
383 4341 590 4403 Palatio,
627 4344 700 4391 illi
734 4345 784 4392 in
819 4345 945 4392 colle
979 4341 1224 4400 Quirinali

305 4421 449 4467 VOL.
483 4425 523 4468 1.
1920 4425 1967 4468 1)
