3000 4784
804 243 998 312 LIB.
1046 244 1171 311 IX.
1238 244 1462 311 CAP.
1511 250 1614 311 28.
2133 254 2256 317 531

70 377 428 444 circuitu
457 377 525 442 in
552 372 697 445 loca
714 378 924 465 plana,
952 377 1317 467 Campanos
1336 402 1475 445 cam
1594 427 1614 458 ,
1639 400 1868 469 agmen
1891 378 2258 463 demittunt,
2281 400 2350 451 U.
2373 400 2434 450 c.
2461 390 2600 463 μα’

70 465 361 565 ibique
414 463 691 552 primum
732 478 935 531 castra
972 466 1041 529 in
1080 479 1426 554 conspectu
1515 467 1756 533 ostibus
1787 468 1976 533 data=
2022 468 2257 537 deinde
2278 465 2340 514 A·
2371 466 2431 517 0·
2459 479 2570 527 3¹²·

68 549 399 615 lembus
426 550 701 637 proeliis,
734 551 1025 638 equitum
1063 552 1331 639 saepius,
1363 574 1558 639 quam
1591 552 1904 640 peditum,
1936 555 2258 643 utrimque

66 636 507 723 periculum
535 636 815 703 factum:
864 660 985 703 nec
1020 650 1133 703 aut
1168 652 1435 704 eventus
1473 660 1696 705 eorum
1729 639 2114 719 Romanum,
2145 656 2260 708 aut

68 744 385 801 morae,
444 745 576 810 qua
646 724 981 789 trahebant
1038 723 1299 803 bellum,
1356 724 1749 812 poenitebat.
1875 725 2256 794 Samnitium
2277 737 2526 789 Proelium

66 822 367 874 contra
397 808 687 887 ducibus,
713 822 781 875 et
800 810 973 897 carpi
994 810 1203 898 parvis
1225 810 1514 897 quotidie
1537 811 1806 890 damnis,
1830 827 1898 878 et
1927 836 2254 881 senescere
2275 818 2388 879 ΦΨ
2411 802 2548 853 ⁸⁸⁸¹·

66 894 455 961 dilatione
484 894 635 960 belli
663 896 827 961 vires
854 918 1005 961 suae
1032 896 1429 961 videbantur.
1522 897 1749 999 Itaque
1778 898 1850 964 in
1877 900 2080 966 aciem
2109 923 2258 988 pro-
2273 868 2478 917 umbus.

69 980 409 1059 cedunt,
461 982 783 1068 equitibus
832 982 903 1046 in
953 1004 1191 1047 cornua
1242 980 1496 1048 divisist
1563 984 1796 1071 quibus
1843 1000 2256 1074 praeceptum

70 1080 269 1145 erat,
334 1068 721 1133 intentiores
769 1068 854 1133 ad
904 1081 1264 1155 respectum
1314 1081 1683 1147 castrorum,
1731 1092 1814 1136 ne
1859 1094 1990 1159 qua
2037 1095 2116 1137 eo
2159 1073 2254 1138 vis

74 1152 339 1231 fieret,
380 1176 572 1240 quam
602 1154 685 1218 ad
712 1153 1047 1255 proelium,
1078 1168 1352 1219 starent:
1397 1156 1600 1220 aciem
1628 1154 1833 1242 pediti
1863 1170 2066 1221 tutam
2094 1158 2248 1224 fore.

80 1237 509 1304 Consulum
557 1238 877 1327 Sulpicius
926 1241 995 1305 in
1039 1239 1285 1318 dextro,
1328 1240 1652 1306 Poetelius
1701 1242 1772 1305 in
1823 1242 2004 1309 laevo
2051 1266 2250 1310 cornu

74 1325 513 1391 consistunt.
604 1325 855 1390 Dextra
1088 1349 1221 1413 qua
1250 1338 1319 1393 et
1351 1326 1671 1393 Samnites
1705 1328 1862 1393 raris
1898 1328 2248 1409 ordinibus,

76 1424 217 1476 aut
255 1412 365 1477 ad
396 1411 882 1479 circumeundos
954 1426 1141 1491 ostes,
1166 1426 1277 1477 aut
1306 1434 1389 1477 ne
1418 1413 1441 1477 i
1517 1414 1542 1477 i
1570 1414 2071 1493 circumirentun
2095 1438 2250 1483 con-

76 1498 455 1575 stiterant,
511 1498 703 1563 latius
756 1499 1073 1585 patefacta
1128 1499 1321 1563 stetit.
1492 1500 1746 1577 histris,
1851 1514 2250 1589 raeterquam

80 1584 309 1669 quod
342 1584 753 1650 confertiores
782 1597 1104 1662 steterant,
1135 1584 1471 1685 repentino
1499 1586 1763 1651 consilio
1851 1586 2064 1653 oetelii
2093 1612 2250 1653 con-

80 1670 277 1735 sulis
314 1670 573 1735 additae
601 1671 806 1736 vires:
850 1671 965 1759 qui
992 1671 1395 1736 subsidiarias
1421 1672 1734 1750 cohortes,
1764 1696 1930 1760 quae
1959 1675 2246 1777 integrae

86 1756 187 1820 ad
232 1756 561 1843 longioris
596 1778 853 1858 pugnae
892 1780 1073 1823 casus
1110 1759 1610 1835 reservabantur,
1641 1759 1710 1823 in
1737 1760 2010 1860 primam
2040 1782 2244 1827 aciem

86 1842 463 1930 extemplo
488 1843 732 1921 emisit3
766 1843 1201 1931 universisque
1222 1844 1469 1910 hostem
1498 1845 1708 1933 primo
1735 1859 1984 1935 lmpetu
2005 1848 2246 1914 viribus

88 1928 409 2015 impulit.
520 1927 863 1995 Commota
918 1928 1198 2017 pedestri
1255 1932 1390 1995 acie
1430 1929 1858 2010 Samnitium,
1919 1954 2116 2019 eques
2172 1934 2246 1999 in

88 2035 419 2102 pugnam
458 2015 757 2080 succedit.
850 2014 929 2079 In
966 2015 1161 2092 hunc,
1192 2027 1546 2082 transverso
1583 2018 1836 2104 agmine
1876 2020 2046 2083 inter
2082 2019 2244 2085 duas

92 2101 297 2166 acies
346 2122 417 2165 se
468 2100 868 2179 inferentem,
920 2100 1250 2166 Romanus
1299 2102 1621 2188 equitatus
1671 2104 1948 2169 concitat
1997 2126 2237 2191 equos3

96 2186 443 2275 signaque
494 2200 561 2252 et
616 2186 872 2253 ordines
928 2187 1221 2275 peditum
1280 2199 1471 2273 atque
1531 2188 1822 2274 equitum
1881 2190 2238 2269 confundit,

95 2271 341 2339 donec
382 2274 739 2339 universam
778 2274 859 2338 ab
892 2296 971 2338 ea
1006 2286 1185 2361 parte
1226 2274 1452 2339 avertit
1490 2273 1710 2338 aciem.
1802 2272 1884 2339 In
1925 2298 2004 2341 eo
2040 2297 2240 2341 cornu

100 2380 257 2423 non
292 2358 625 2425 Poetelius
659 2358 847 2437 solus,
878 2358 993 2425 sed
1026 2359 1343 2447 Sulpicius
1382 2360 1598 2439 etiam,
1629 2359 1914 2426 hortator
1951 2362 2236 2442 affuerat,

98 2458 393 2511 avectus
420 2446 502 2510 ab
522 2446 653 2510 suis
681 2444 970 2511 nondum
1000 2446 1475 2512 conserentibus
1504 2468 1732 2511 manus
1759 2447 1844 2511 ad
1872 2446 2234 2528 clamorem,

102 2531 193 2595 ab
236 2531 502 2597 sinistra
536 2544 717 2619 parte
760 2532 939 2619 prius
976 2544 1287 2597 exortum.
1379 2531 1597 2611 Unde,
1628 2532 1802 2597 haud
1842 2533 2102 2599 dubiam
2140 2536 2236 2599 vi-

102 2618 395 2682 ctoriam
424 2640 709 2695 cernens,
741 2640 943 2705 quum
972 2618 1055 2683 ad
1084 2638 1271 2683 suum
1304 2640 1508 2683 cornu
1547 2617 1840 2684 tenderet
1873 2640 2022 2686 cum
2057 2620 2234 2687 mille

102 2702 421 2771 ducentis
458 2700 627 2781 viris,
664 2703 1033 2769 dissimilem
1076 2704 1167 2769 ibi
1205 2704 1524 2769 fortunam
1569 2705 1855 2770 invenit:
1906 2704 2234 2772 Romanos

104 2787 263 2855 loco
293 2788 531 2877 pulsos,
561 2790 867 2855 victorem
896 2789 1145 2855 hostem
1175 2790 1357 2877 signa
1384 2790 1451 2854 in
1480 2790 1804 2877 perculsos
1831 2791 2230 2859 inferentem.

110 2873 440 2941 Ceterum
469 2876 685 2941 omnia
712 2876 981 2941 mutavit
1018 2889 1280 2963 repente
1320 2876 1598 2942 consulis
1635 2876 1964 2944 adventus.
2057 2878 2232 2944 Nam

110 2974 183 3026 et
220 2975 577 3050 conspectu
604 2962 787 3027 ducis
824 2960 1099 3027 refectus
1126 2962 1401 3027 militum
1440 2977 1538 3029 est
1577 2964 1865 3030 animus:
1911 2976 1997 3043 et,
2029 2966 2233 3031 maius

110 3069 323 3133 quam
422 3070 495 3113 ro
543 3070 813 3114 numero
870 3048 1200 3126 auxilium,
1252 3048 1646 3115 advenerant
1691 3050 1886 3116 fortes
1935 3051 2093 3117 viri:
2163 3066 2231 3117 et

111 3136 321 3218 partis
410 3135 605 3199 terius
632 3134 896 3200 victoria
922 3134 1157 3212 audita,
1189 3156 1341 3199 mox
1370 3135 1504 3199 visa
1531 3137 1743 3213 etiam,
1774 3136 2086 3223 proelium
2127 3159 2230 3201 re-

108 3219 349 3285 stituit.
424 3219 595 3286 Tota
620 3220 855 3285 deinde
884 3220 1013 3286 iam
1041 3220 1297 3285 vincere
1328 3221 1463 3285 acie
1496 3222 1848 3297 Romanus,
1880 3232 1966 3297 et,
1997 3222 2228 3287 omisso
2246 3239 2468 3291 vincunt

68 3306 487 3384 scertamine,
518 3306 699 3371 caedi
740 3307 1008 3393 capique
1050 3305 1405 3381 Samnites;
1452 3305 1576 3369 nisi
1612 3306 1726 3392 qui
1761 3306 2223 3384 Maleventum,
2243 3304 2476 3357 R⁰¹¹¹⁸¹¹¹·

113 3393 225 3456 cui
268 3414 445 3456 nunc
487 3392 630 3456 urbi
668 3390 1113 3457 Beneventum
1156 3414 1393 3457 nomen
1431 3402 1547 3468 est,
1588 3390 2018 3491 perfugenmt.
2111 3393 2226 3459 Ad

114 3478 385 3565 triginta
410 3477 609 3543 millia
635 3498 818 3543 caesa
845 3492 956 3543 aut
984 3492 1171 3565 capta
1203 3476 1606 3555 Samnitium,
1631 3478 1950 3564 proditum
1981 3500 2222 3545 memo-

116 3564 251 3629 riae
282 3576 397 3629 est.

209 3648 547 3728 Consules,
588 3652 845 3738 egregia
890 3650 1152 3716 victoria
1193 3662 1393 3738 parta,
1434 3650 1725 3737 protinus
1769 3650 1922 3715 inde
1966 3650 2050 3716 ad
2095 3652 2224 3720 Bo·-
2346 3654 2448 3715 28.

120 3736 378 3801 vianum
428 3735 933 3824 oppugnandum
989 3736 1273 3823 legiones
1322 3736 1607 3802 ducunt:
1677 3736 1896 3825 ibique
1956 3738 2224 3807 hiberna

188 4000 214 4049 5
246 3988 611 4047 Maleuentum]
648 3988 691 4037 A
712 3988 948 4051 gravitate
970 3992 1135 4036 vento-
1203 3988 1433 4051 mascalig.
1452 3990 1586 4038 Rus.
1617 3990 1715 4039 Sed
1730 3989 1824 4037 hoc
1842 4004 2018 4037 nomen
2030 3990 2222 4039 Graeca

124 4065 227 4099 rum
259 4050 327 4099 sic
348 4051 555 4110 dictum,
577 4050 673 4115 (ita
696 4052 902 4114 Procop.
927 4051 1079 4102 Goth.
1103 4050 1133 4099 i.
1202 4051 1384 4113 origine
1404 4053 1554 4101 fixisse
1577 4059 1742 4101 censet
1761 4053 1964 4100 Niebhr.
1989 4052 2019 4100 i.
2044 4068 2092 4103 n.
2115 4056 2218 4114 148.

132 4128 149 4161 ι
158 4114 225 4177 5.)
258 4116 339 4164 out·
368 4130 505 4163 nuno
539 4117 651 4163 urbo·
684 4117 1017 4165 Beneventum
1052 4130 1135 4163 no-
1201 4115 1285 4175 qui
1307 4118 1648 4165 Maleventum
1681 4116 1810 4164 idem
1845 4128 2024 4163 nomen
2053 4116 2219 4177 fuisse,

126 4193 231 4228 men
249 4185 335 4237 est,
354 4178 471 4227 inde
492 4180 556 4226 ab
582 4178 649 4227 U.
667 4178 727 4228 C.
751 4181 861 4241 485.
884 4194 983 4239 quo
1003 4194 1133 4226 anno
1198 4180 1329 4240 quod
1338 4181 1664 4235 Maloenmm,
1679 4176 1996 4227 helmoldus
2011 4178 2219 4235 Graece..

128 4242 251 4290 facta
266 4247 339 4291 est
364 4242 561 4291 colonia
582 4243 730 4292 Rom.
753 4248 805 4291 et
820 4242 937 4290 mali
956 4241 1133 4291 ominis
1197 4257 1297 4289 una
1318 4256 1429 4290 cum
1454 4243 1693 4291 salmasio
1723 4240 1986 4300 existimat,
2009 4248 2059 4289 et
2088 4242 2218 4291 simi-

129 4318 297 4355 nomen
318 4310 693 4354 commutatum.
736 4306 799 4353 cs.
816 4306 946 4355 Plin.
972 4306 1043 4355 H.
1064 4305 1135 4353 N.
1200 4305 1312 4353 liter
1356 4306 1680 4355 Grumentum
1724 4304 1856 4353 idem
1911 4310 2060 4367 atque
2104 4312 2222 4369 Κρυ-

132 4366 191 4419 iii.
206 4385 225 4418 1
236 4384 275 4419 1.
294 4368 365 4419 16.
380 4376 431 4419 et
438 4368 617 4421 Festus
631 4384 674 4418 v.
684 4370 1035 4428 Beneventum,
1051 4368 1136 4417 ubi
1198 4366 1341 4427 μόεις.

1648 4435 1866 4494 Mm2
