3000 4784
815 218 1008 285 LIB.
1053 220 1139 285 X.
1205 220 1426 286 CAP.
1459 228 1521 287 4.
2095 230 2215 291 561

111 355 406 419 nueritn.
483 354 812 423 Profectus
838 357 1110 422 dictator
1135 380 1284 422 cum
1311 358 1597 422 exercitu
1625 359 1865 446 proelio
1892 383 2023 425 uno
2046 360 2223 427 Mar-
2243 372 2309 422 U.
2332 373 2392 422 c.
2414 388 2524 434 45¹·

109 464 236 506 sos
269 441 494 507 fundit.
573 441 936 545 Compulsis
955 444 1192 509 deinde
1221 445 1290 507 in
1311 446 1498 509 urbes
1521 446 1812 523 munitas,
1838 446 2218 551 Milioniam3
2240 439 2299 486 A.
2333 439 2393 486 C·
2418 450 2525 497 30¹-

109 528 506 607 Ploetinam,
531 528 873 608 Fresiliam,
904 531 1072 596 intra
1097 531 1236 596 dies
1274 553 1509 618 paucos
1538 533 1743 619 cepit:
1788 546 1855 598 et
1881 547 2059 621 parte
2088 558 2221 623 agn

111 614 418 680 multatis
447 615 680 681 Marsis
705 616 929 683 foedus
955 618 1245 683 restituit.
1337 618 1509 683 Tum
1543 619 1613 683 in
1646 618 1945 685 Etruscos
1970 644 2219 687 versum
2240 635 2501 685 Etruscum

111 700 415 767 bellum:
491 715 578 781 et,
637 726 836 791 quum
901 703 1172 770 dictator
1241 706 1663 792 auspiciorum
1732 707 2223 807 repetendorum
2238 701 2439 749 benum.

111 810 328 853 causa
380 789 698 876 profectus
751 790 1024 856 Romam
1081 805 1264 869 esset,
1315 792 1615 892 magister
1664 806 1971 881 equitum,
2068 796 2223 861 abu-

109 875 338 939 latum
367 898 668 963 egressus,
693 898 776 941 ex
804 877 1048 943 insidiis
1075 878 1599 955 circumvemtur3
1630 880 1951 969 signisque
2045 882 2223 970 ‘quot

113 962 394 1039 amissis,
424 962 612 1027 foeda
649 962 922 1029 militum
961 963 1155 1029 caede
1193 987 1268 1029 ac
1479 965 1551 1028 in
1584 980 1787 1031 castra
1812 980 1911 1031 est
1938 970 2223 1055 compul-

113 1070 258 1113 sus.
356 1048 488 1125 Qui
527 1062 726 1114 terror
763 1072 894 1115 non
931 1074 1010 1116 eo
1049 1064 1295 1115 tantum
1323 1074 1363 1116 a
1443 1052 1587 1116 abio
1616 1052 1929 1130 abhorret,
1960 1056 2135 1139 quod
2168 1056 2223 1120 si

115 1158 267 1222 qua
294 1134 416 1199 alia
443 1149 574 1200 arte
596 1158 952 1224 cognomen
979 1160 1164 1202 suum
1187 1138 1498 1225 aequavit,
1522 1150 1661 1202 tum
1683 1140 1956 1205 maxime
1981 1140 2222 1206 bellicis

113 1222 465 1287 laudibus:
519 1222 632 1287 sed
683 1224 894 1302 etiam,
943 1224 1136 1310 quod,
1189 1246 1433 1289 memor
1481 1224 1855 1312 Papirianae
1907 1227 2221 1307 saevitiae,

113 1330 486 1395 nunquam,
515 1320 590 1373 ut
622 1309 946 1375 dictatoris
981 1311 1223 1376 iniussu
1251 1310 1599 1389 dimicaret,
1631 1310 1863 1377 adduci
1896 1314 2217 1399 potuisset.

119 1395 454 1460 Nuntiata
493 1418 572 1461 ea
613 1395 822 1461 clades
867 1398 1141 1463 Romam
1181 1397 1505 1475 maiorem,
1536 1420 1727 1485 quam
1768 1421 1871 1463 res
1912 1412 2067 1477 erat,
2096 1415 2223 1465 ter-

115 1504 345 1547 rorem
383 1482 630 1548 excivit.
723 1482 915 1562 Nam,
945 1497 1021 1548 ut
1057 1484 1342 1549 exercitu
1380 1484 1612 1563 deleto,
1642 1485 1733 1549 ita
1770 1485 2079 1551 iustitium
2122 1488 2222 1551 in-

97 1569 416 1647 zdictum3
447 1569 768 1635 custodiae
798 1570 868 1633 in
895 1571 1111 1658 portis,
1133 1570 1384 1658 vigiliae
1413 1571 1668 1637 vicatim
1696 1585 1991 1649 exactae3
2028 1596 2220 1652 arma,

121 1654 266 1721 tela
308 1656 378 1720 in
421 1678 632 1721 muros
670 1679 746 1721 co
902 1671 983 1722 ta.
1077 1657 1393 1724 Omnibus
1437 1658 1790 1723 iunioribus
1834 1674 2224 1726 sacramento

120 1743 394 1821 adactis,
423 1742 709 1822 dictator,
852 1744 1202 1809 exercitum
1239 1744 1480 1822 missus,
1514 1745 1729 1809 omnia
1764 1767 1875 1833 spe
1916 1747 2225 1834 tranquil·-

121 1829 298 1895 liora
317 1842 384 1893 et
409 1830 758 1919 composita
783 1831 1064 1918 magistri
1091 1831 1378 1919 equitum
1409 1854 1579 1909 cura,
1602 1844 1805 1897 castra
1828 1833 1899 1897 in
1928 1833 2223 1899 tutiorem

123 1916 350 1982 locum
377 1916 650 1994 redacta,
679 1916 988 1995 cohortes,
1012 1940 1176 2005 quae
1205 1916 1386 2007 signa
1413 1918 1770 1995 amiserant,
1792 1932 1974 1985 extra
1990 1920 2221 1985 vallum

123 2005 278 2067 sine
307 2003 592 2068 tentoriis
612 2003 946 2069 destitutas
973 2003 1252 2081 invenit3
1285 2005 1633 2069 exercitum
1662 2005 1919 2070 avidum
1947 2028 1991 2093 p
2201 2054 2221 2083 ,

125 2112 272 2177 quo
333 2088 638 2155 maturius
709 2090 1058 2178 ignominia
1119 2090 1490 2155 aboleretur.
1605 2088 1828 2177 Itaque
1894 2114 1971 2156 co
2040 2093 2223 2157 estim

127 2188 344 2241 castra
375 2175 526 2241 inde
559 2176 630 2240 in
650 2198 885 2265 ,agrum
915 2176 1333 2242 Rusellanum
1372 2177 1703 2263 promovit.
1794 2176 1893 2241 Eo
1920 2190 1989 2241 et
2015 2178 2225 2243 hostes

125 2262 374 2328 secuti:
410 2276 478 2327 et
504 2286 868 2351 quanquam
890 2285 973 2328 ex
993 2263 1158 2328 bene
1186 2274 1364 2351 gesta
1389 2285 1458 2327 re
1487 2284 1797 2327 summam
1828 2276 1895 2329 et
1914 2263 1985 2327 in
2004 2276 2223 2351 aperto

127 2349 480 2415 certamine
515 2350 744 2414 virium
781 2372 960 2453 spem
1001 2350 1358 2424 habebant3
1403 2362 1617 2414 tamen
1662 2348 1904 2414 insidiis
1946 2372 2221 2438 quoque,

127 2458 298 2524 quas
317 2435 582 2501 feliciter
601 2450 848 2537 experti
876 2450 1075 2514 erant,
1097 2436 1346 2502 hostem
1368 2448 1636 2501 tentant.
1700 2436 1902 2501 Tecta
1928 2437 2228 2501 semiruta

128 2524 284 2601 vici,
323 2545 440 2610 per
474 2536 884 2589 vastatlonem
1076 2546 1217 2588 rum
1254 2522 1484 2600 deusti,
1528 2522 1701 2587 haud
1746 2522 1969 2611 procul
2009 2525 2226 2588 castris

131 2610 578 2675 Romanorum
620 2610 896 2675 aberant.
1063 2611 1088 2675 i
1138 2608 1367 2675 abditis
1409 2609 1681 2688 armatis,
1726 2632 1921 2697 pecus
1962 2610 2031 2673 in
2074 2632 2225 2674 con-

131 2708 364 2785 spectu
399 2696 698 2784 praesidii
729 2696 1024 2775 Romani,
1055 2696 1160 2761 cui
1199 2708 1484 2784 praeerat
1515 2693 1639 2760 Cn.
1666 2695 1924 2761 Fulvius
1960 2694 2222 2783 legatus,

131 2806 258 2871 pro
299 2783 525 2849 ulsum.
617 2784 728 2849 Ad
768 2806 962 2871 quam
999 2782 1359 2849 illecebram
1397 2804 1599 2871 quum
1642 2795 1999 2849 moveretur
2036 2804 2225 2847 nemo

133 2872 218 2935 ab
358 2892 546 2935 mana
589 2871 876 2949 statione,
912 2884 1232 2959 pastorum
1279 2892 1464 2947 unus,
1502 2891 1861 2957 progressus
1895 2869 2023 2934 sub
2062 2869 2227 2958 ipsas

135 2956 546 3034 munitiones,
576 2956 875 3022 inclamat
907 2957 1079 3035 alios,
1110 2968 1482 3022 cunctanter
1520 2957 1599 3021 ab
1638 2956 1839 3022 ruinis
1870 2955 1995 3021 vici
2033 2978 2227 3043 pecus

135 3042 591 3131 propellenteS,
636 3044 836 3131 ‘quid
863 3055 1195 3121 cessarent,
1273 3066 1428 3108 uum
1466 3065 1585 3130 per
1621 3044 1833 3109 media
1864 3056 2066 3109 castra
2096 3043 2229 3108 Ro-

139 3140 160 3169 ‘
183 3152 377 3195 mana
413 3141 552 3195 tuto
595 3152 780 3217 agere
824 3144 1082 3219 possent
1097 3132 1154 3195 ?’
1313 3153 1424 3195 aec
1463 3152 1663 3216 quum
1702 3130 1910 3217 legato
1943 3128 2229 3194 Caerites

137 3216 406 3305 quidam
439 3217 1023 3305 interpretarentur,
1053 3230 1120 3281 et
1152 3238 1268 3304 per
1303 3238 1527 3281 omnes
1564 3214 1917 3302 manipulos
1955 3214 2228 3278 militum

101 3303 497 3391 7indignatio
537 3304 764 3391 ingens
807 3315 987 3381 esset,
1029 3326 1151 3367 nec
1193 3316 1408 3367 tamen
1447 3301 1692 3366 iniussu
1736 3322 1987 3366 movere
2034 3300 2230 3365 aude-

137 3404 327 3468 rent3
379 3391 558 3456 iubet
601 3390 836 3477 peritos
881 3390 1134 3477 linguae
1188 3388 1515 3453 attendere
1563 3388 1865 3465 animum,
1909 3399 2229 3474 pastorum

139 3498 350 3542 sermo
531 3477 632 3555 sti,
661 3499 744 3542 an
784 3477 1045 3553 urbano,
1075 3475 1331 3563 propior
1369 3486 1549 3539 esset.
1646 3472 1867 3549 Quum
1904 3472 2228 3551 referrent,

139 3586 372 3628 sonum
383 3500 686 3651 Ἑὲυω,
715 3577 784 3628 et
809 3585 1143 3651 corporum
1171 3561 1479 3638 habitum,
1518 3573 1585 3625 et
1622 3560 1911 3638 nitorem,
1943 3559 2237 3638 cultiora·

142 3672 338 3737 quam
366 3650 716 3738 pastoralia,
740 3672 874 3715 esse
898 3674 914 3725 3
966 3650 1094 3714 ‘ite
1125 3649 1337 3735 igitur,
1365 3646 1601 3724 dicite‚'
1630 3646 1861 3734 inquit,
1894 3646 2232 3735 ‘detegant

145 3858 425 3907 obscuritas.
462 3857 576 3907 Vi&
593 3858 754 3921 Sigon.
772 3858 823 3906 in
842 3858 974 3906 Fast.
992 3856 1156 3921 Capit.
1224 3863 1342 3918 tem,
1350 3857 1623 3919 cognomini
1634 3874 1721 3907 suo
1734 3860 2235 3934 respondentem‚h.e.

146 3928 197 3971 et
221 3921 384 3985 Pighii
403 3923 642 3973 Annales:
677 3922 762 3984 qui
790 3923 937 3972 ambo
957 3936 1020 3971 ex
1043 3922 1158 3971 Fas-
1223 3924 1502 3981 maximam,
1522 3938 1639 3985 prae
1660 3938 1713 3972 se
1733 3924 1863 3972 tulit.

147 3992 306 4035 torum
333 3986 616 4050 fragmentis
644 3986 952 4037 inserendum
974 3985 1056 4035 hic
1075 4002 1160 4035 an-
1289 3984 1320 4034 6
1365 3988 1569 4049 mynias
1600 3989 1795 4036 vicatim
1825 3988 2047 4046 naam]
2102 3988 2233 4035 Vica-

145 4064 268 4099 num
281 4066 434 4100 unum
449 4056 664 4111 censent,
671 4066 770 4114 quo
781 4050 1042 4100 dictatores
1052 4050 1157 4101 sine
1221 4052 1324 4110 tim,
1335 4050 1529 4101 Graeca
1544 4050 1710 4115 ling-ua
1724 4049 1847 4099 κατὰ
1860 4049 2093 4108 adunant
2104 4065 2161 4097 su
2198 4066 2235 4101 r.

141 4115 430 4165 consulibus
467 4113 650 4181 fierint
685 4114 844 4178 primo
875 4115 942 4172 Q,
977 4115 1160 4164 Fabius
1222 4114 1288 4164 ix.
1309 4128 1382 4177 13.
1425 4116 1527 4164 sive
1548 4116 1831 4165 maelmin
1850 4128 1982 4175 mpr.
2005 4111 2087 4161 vii.
2105 4064 2195 4175 36?

147 4178 416 4241 Maximus,
431 4179 610 4229 deinde
626 4180 702 4229 M.
713 4178 942 4229 Valerius
954 4180 1157 4229 Corvus.
1279 4188 1308 4241 7
1319 4178 1547 4242 Movere]
1561 4179 1762 4240 Vulgau
1778 4176 1963 4225 habent
1970 4192 2159 4227 noune
2167 4194 2237 4236 ee,

149 4245 309 4295 (ἷκεν.
1223 4243 1310 4291 scd
1333 4242 1480 4292 MSS.
1500 4248 1604 4306 opt.
1626 4256 1831 4299 moure,
1846 4246 1899 4289 et
1920 4240 2014 4290 hoc
2036 4243 2236 4291 verbum

215 4322 243 4371 5
263 4310 700 4374 samonam]
726 4306 1160 4370 Scilicetssiquam
1225 4304 1669 4368 saepissimesensu
1699 4304 2003 4355 intransitivo
2022 4320 2055 4353 a
2075 4312 2237 4355 nostro

151 4372 318 4433 sliam,
363 4380 474 4424 turn
521 4372 760 4435 imprimis
806 4370 1036 4421 bellicam
1089 4386 1160 4419 ar-
1225 4375 1513 4431 usurpatum
1536 4384 1641 4417 esse
1660 4372 1829 4417 monet
1851 4369 2007 4419 Drak.
