3000 4784
705 226 832 287 386
1476 218 1708 286 ΤῙΤῙ
1771 217 2039 284 LIVII

595 374 668 436 78.
707 382 786 423 eo
813 356 1078 459 gradum
1109 357 1326 421 fecisse
1363 356 1662 445 plebeios,
1696 356 1891 433 unde,
1920 358 1973 420 si
2012 376 2201 442 porro
2240 352 2653 430 annitaumr,
2690 374 2851 439 per-
2864 374 2891 417 s

596 450 670 501 74·
707 466 922 509 vemre
969 443 1050 507 ad
1091 466 1354 521 summa,
1386 456 1454 508 et
1481 443 1783 508 Patribus
1822 442 2100 528 aequari,
2138 454 2269 505 tam
2314 438 2591 514 honore,
2624 462 2847 525 quam

705 530 959 606 virtute,
989 542 1262 616 possent.
1331 529 1413 593 In
1441 530 1797 629 praesentia
1824 528 2113 593 tribunos
2184 526 2345 591 lebis
2372 524 2517 589 fieri
2546 524 2852 611 placuit,

709 638 838 702 quo
885 616 955 679 in
1001 606 1366 702 magistratu
1415 616 1671 679 s1bimet
1720 614 1841 702 ipsi
1888 614 2053 677 viam
2238 626 2484 676 ceteros
2532 610 2855 676 honora

383 722 452 770 U.
477 722 534 771 c.
559 732 668 785 3⁷9·
707 702 1042 788 aperirent.
1140 699 1487 788 Creatique
1548 701 1789 765 tribuni
1842 698 1921 765 C.
1966 698 2255 764 Licinius
2304 710 2371 761 et
2422 696 2499 760 L
2552 696 2899 763 Sextium

380 786 441 833 A·
477 786 535 834 C·
561 798 669 859 313·
705 786 1184 874 promulgavere
1231 786 1253 849 l
1373 810 1402 849 s
1449 808 1672 851 omnes
1716 786 2014 851 adversus
2060 806 2214 884 opes
2258 782 2727 870 patriciorum,
2786 800 2857 847 et

379 849 678 961 ssffv‘fflm’
706 896 822 959 pro
853 872 1201 937 commodis
1255 808 1472 937 eggis:
1523 894 1715 936 unam
1746 871 1827 935 de
1858 894 2002 935 aere
2032 870 2261 946 aheno,
2294 882 2384 945 ut,
2414 867 2737 933 deducto
2768 892 2855 933 en

381 975 494 1024 Mil.
707 957 788 1023 de
820 958 1046 1045 capite,
1072 896 1276 1057 quodp
1277 958 1482 1022 usuris
1508 969 2027 1044 pernumeratum
2054 969 2239 1031 esset,
2263 955 2351 1032 id,
2376 954 2559 1041 quod
2592 978 2857 1042 super-

377 1038 568 1152 gigni?
579 1054 692 1089 ΜΝ
705 1056 889 1121 esset,
921 1045 1198 1109 triennio
1227 1044 1446 1130 aequis
1474 1043 1880 1142 portionibus.
1897 1042 2393 1129 persolveretur:
2432 1039 2733 1138 alteram
2756 1042 2853 1105 de
2878 1070 2893 1100 ι

380 1164 464 1215 De
483 1167 632 1215 modo
707 1130 898 1195 modo
941 1152 1254 1217 agrorum,
1290 1152 1374 1194 ne
1409 1130 1553 1215 quis
1595 1128 1739 1216 plus
1774 1140 2125 1215 quingenta
2166 1128 2386 1213 iugera
2424 1148 2565 1212 agn
2616 1128 2857 1213 possi-
2875 1162 2899 1192 2

379 1244 620 1293 agrorum.
707 1216 926 1281 deret:
991 1217 1263 1293 tertiam,
1315 1240 1398 1280 ne
1453 1215 1850 1279 tribunorum
1908 1213 2184 1279 militum
2240 1212 2499 1276 comitia
2552 1212 2851 1289 fierent,

384 1293 466 1342 De
487 1308 657 1343 ⁰⁰³⁸*
707 1302 1165 1388 consulumque
1225 1303 1446 1389 utique
1508 1300 1665 1365 alter
1714 1324 1796 1365 ex
1854 1299 2041 1386 plebe
2094 1310 2427 1375 crearetur.
2546 1296 2851 1363 Cuncta
2868 1320 2899 1366 3

379 1358 614 1470 ffissph‘
709 1390 1011 1477 ingentis,
1065 1401 1132 1452 et
1183 1410 1345 1474 quae
1404 1387 1541 1452 sine
1600 1386 1944 1451 certamine
2002 1385 2281 1450 maximo
2336 1383 2625 1448 obtineri
2690 1408 2851 1449 non

707 1489 980 1561 possent.
1075 1474 1384 1539 Omnium
1429 1473 1624 1559 igitur
1666 1472 1855 1536 simul
1896 1494 2129 1549 rerum,
2161 1492 2428 1557 quarum
2465 1470 2857 1535 immodica

707 1560 942 1659 cupido
991 1562 1159 1624 inter
1209 1559 1502 1624 mortales
1552 1571 1665 1635 est,
1720 1559 1871 1645 agri,
1916 1558 2249 1644 pecuniae,
2294 1555 2641 1633 honorum,
2696 1558 2849 1622 dis—

705 1647 970 1710 cnmine
1027 1646 1370 1732 proposito,
1431 1644 1757 1709 conterriti
1809 1644 2051 1721 Patres,
2099 1666 2299 1730 quum
2360 1642 2845 1728 trepidassent,

707 1729 977 1817 publicis
1027 1732 1412 1817 privatimne
1463 1730 1741 1795 consiliis
1790 1729 1969 1794 nullo
2021 1728 2304 1794 remedio
2355 1727 2498 1804 alin,
2548 1744 2847 1814 praeter

707 1829 1033 1901 expertam
1064 1816 1278 1879 multis
1316 1818 1442 1879 iam
1483 1829 1631 1881 ante
1660 1816 2107 1880 certaminibus
2135 1814 2691 1892 intercessionem,
2724 1818 2843 1879 in-

707 1912 918 1977 vento,
971 1900 1244 1986 collegas
1297 1900 1598 1966 adversus
1654 1900 2021 1966 tribunicias
2070 1899 2426 2001 rogationes
2472 1922 2841 1987 compara-

709 2000 953 2051 verunt.
1051 1985 1204 2063 Qui,
1235 1988 1346 2051 ubi
1387 1988 1586 2052 tribus
1620 1988 1702 2051 ad
1736 1987 2109 2073 suffragium
2144 1986 2499 2051 ineundum
2542 1986 2753 2053 citari
2798 2012 2843 2051 a

709 2070 962 2137 Licinio
1011 2072 1358 2159 Sextioque
1393 2073 1709 2149 viderunt,
1740 2073 1957 2160 stipati
2000 2072 2262 2137 Patrum
2302 2071 2660 2158 praesidiis,
2698 2098 2841 2139 nec

706 2159 958 2224 recitari
987 2159 1363 2261 rogationes,
1387 2182 1509 2224 nec
1537 2158 1820 2224 sollenne
1844 2158 2185 2246 quicquam
2216 2158 2389 2222 aliud
2416 2157 2499 2222 ad
2526 2157 2840 2227 sciscen-

707 2244 860 2309 dum
908 2246 1081 2333 pleb1
1112 2246 1252 2309 fieri
1281 2246 1444 2333 passi
1487 2257 1653 2309 sunt.
1747 2244 2013 2333 Iamque
2048 2244 2289 2309 frustra.
2304 2266 2490 2331 saepe
2524 2246 2837 2311 coneilio

705 2331 1031 2408 advocato,
1086 2353 1286 2417 quum
1331 2354 1448 2418 pro
1499 2331 1841 2418 antiquatis
1896 2331 2255 2417 rogationes
2300 2342 2546 2405 essent3
2594 2338 2617 2369 ‘
2637 2332 2833 2399 bene

707 2424 728 2456 ‘
749 2416 978 2494 habet,’
1017 2418 1086 2482 in
1133 2418 1229 2482 uit
1272 2417 1559 2485 Sextius:
1612 2425 1632 2455 ‘
1650 2416 2169 2504 quandoquidem
2210 2430 2459 2480 tantum
2496 2415 2837 2484 interces—

705 2510 726 2541 ‘
743 2504 987 2567 sionem
1037 2527 1122 2591 po
1170 2526 1276 2569 ere
1316 2503 1544 2591 placet,
1592 2504 1715 2567 isto
1762 2504 1899 2589 ipso
1950 2503 2079 2567 telo
2130 2502 2478 2568 tutabimur
2520 2501 2827 2588 plebem.

705 2597 726 2629 ‘
749 2588 1122 2676 Agitedum,
1195 2590 1450 2655 comitia
1517 2588 1800 2665 indicite,
1874 2588 2114 2665 Patres,
2184 2588 2457 2653 tribunis
2520 2587 2829 2656 militum

703 2682 726 2715 ⁶
747 2675 1070 2740 creandis:
1114 2676 1283 2753 faxo,
1315 2698 1398 2740 ne
1442 2674 1619 2740 iuvet
1647 2697 1772 2739 vox
1800 2674 1939 2751 ista,
1971 2673 2247 2752 VETO,
2280 2697 2411 2760 qua
2442 2696 2617 2738 nunc
2648 2698 2875 2749 oon—4

703 2767 725 2799 ‘
747 2760 1033 2826 einentes
1061 2761 1333 2847 collegas
1371 2774 1617 2825 nostros
1646 2774 1775 2825 tam
1818 2760 1967 2825 laeti
1996 2760 2267 2825 auditis?
2356 2759 2555 2825 Haud
2584 2760 2827 2829 irritae

701 2845 992 2910 cecidere
1033 2848 1277 2911 minaez
1327 2846 1601 2924 comitia,
1632 2858 1885 2933 praeter
1922 2846 2224 2911 aedilium
2269 2846 2824 2935 tribunorumque
2965 2858 2967 2881 ³

377 2945 523 2996 Nulli
547 2960 684 3021 euru-
701 2928 923 3015 plebis,
982 2930 1161 2995 nulla
1209 2945 1358 2996 sunt
1415 2932 1649 2997 habita.
1742 2931 2029 2997 Licinius
2094 2932 2496 3020 Sextiusque,
2558 2932 2823 2999 tribuni
2964 2884 2967 2997 l

373 3010 641 3120 1οᾦῐῖ881·ο
701 3012 904 3101 plebis
943 3014 1181 3092 refecti,
1213 3016 1420 3081 nullos
1451 3018 1701 3082 curules
1742 3018 2141 3104 magistratus
2170 3019 2369 3084 creari
2398 3018 2569 3119 passi
2606 3037 2774 3085 sunt
2796 3047 2817 3085 z

371 3086 666 3199 guingssessf
699 3120 903 3191 eaque
962 3099 1236 3165 solitudo
1305 3102 1805 3188 magistratuum,
1866 3118 1933 3169 et
1995 3104 2181 3191 plebe
2245 3105 2571 3169 reficiente
2636 3105 2821 3171 duos

371 3213 522 3250 Illum·

382 373 452 423 U.

381 439 426 487 A

764 3396 794 3445 8
826 3398 905 3446 Eo
935 3398 1146 3460 pradum
1167 3398 1372 3457 secisse]
1418 3396 1476 3445 cf.
1514 3394 1619 3445 Cic.
1653 3396 1716 3443 do
1780 3396 1858 3445 82.
1893 3396 2054 3446 Onu.

701 3459 785 3509 Or.
819 3460 869 3509 ii.
906 3475 1013 3525 ²49·
1083 3462 1472 3523 Quotiescunque
1506 3460 1717 3521 yradum
1852 3474 1871 3507 π
1902 3462 2091 3523 Aequis
2106 3460 2436 3523 portionibus]
2470 3462 2807 3512 Pemioou‘bnn

686 3526 868 3584 saciet,
889 3526 1024 3573 toties
1047 3524 1132 3572 eibi
1154 3531 1354 3572 tuarum
1375 3525 1614 3572 virtutum
1634 3538 1710 3571 ve-
1777 3538 1839 3570 ex
1870 3524 2147 3571 coniectura
2179 3522 2371 3574 Cuiacii
2410 3524 2461 3572 in
2498 3530 2693 3574 textum
2726 3542 2803 3575 re—

697 3588 807 3634 πᾶσι
826 3589 882 3635 in
902 3594 1122 3665 mentem
1172 3651 1182 3664 ο
1294 3652 1304 3665 .
1461 3652 1470 3663 ⁸
1508 3652 1517 3664 ⁸
1562 3650 1573 3663 ο
1778 3586 1940 3648 posuit
1964 3586 2175 3663 livekker.
2202 3652 2214 3665 ·

697 3650 984 3785 12:59362055622]
1069 3650 1713 3775 ic‘ssggsssslfffissssggfffif
1776 3652 2796 3779 dusseffaessgffimmginffilldngimdi-

700 3780 1022 3846 vai-mentem,
1042 3780 1100 3822 ut
1120 3780 1367 3835 putamus,
1387 3777 1473 3824 sed
1503 3782 1619 3837 apte
1648 3776 1713 3823 ad
1776 3790 1890 3823 uem
1914 3776 2081 3839 pedes,
2102 3782 2299 3825 centum
2322 3784 2374 3825 et
2394 3778 2567 3841 viginti
2600 3779 2650 3827 in
2683 3779 2795 3827 lati·

698 3840 910 3884 renones
936 3851 1175 3885 annorum
1285 3839 1527 3898 nentium,
1547 3839 1714 3888 inserit
1776 3838 1997 3888 tudinem
2015 3840 2241 3889 habebat.
2278 3840 2452 3889 Testes
2466 3842 2793 3899 Quinctium.

697 3912 883 3948 annum
915 3914 1086 3957 unum,
1113 3900 1190 3948 cui
1223 3907 1286 3949 tn
1319 3916 1443 3950 unos
1471 3902 1711 3951 consulari
1774 3902 1806 3951 i.
1825 3917 1871 3966 9.
1909 3903 2067 3951 Varro
2086 3904 2151 3952 de
2173 3904 2265 3953 Re.
2292 3904 2435 3954 Rust.
2450 3906 2482 3953 i.
2510 3920 2583 3956 πο,
2620 3906 2793 3957 Isidor-

697 3967 940 4027 potestate
955 3962 1165 4026 assignat
1181 3964 1237 4013 L.
1249 3964 1523 4027 Papirium,
1534 3965 1590 4015 L.
1602 3966 1710 4015 Me·
1774 3980 1855 4015 xv.
1884 3978 1955 4027 ¹5·
1990 3966 2152 4016 cm.

695 4026 916 4086 nenium,
949 4027 1050 4077 Ser.
1077 4027 1371 4091 Sulpicium,
1403 4028 1505 4078 Ser.
1529 4030 1709 4079 Corne-
1842 4043 1870 4089 3
1910 4031 2089 4093 Usque
2112 4031 2265 4092 alter]
2300 4031 2464 4081 Certe.
2507 4038 2567 4081 ut
2594 4048 2791 4083 nece-e

695 4089 835 4151 lium,
868 4096 1162 4140 memoratos
1199 4108 1230 4141 a
1267 4092 1486 4142 Diodoro
1524 4094 1589 4141 ad
1626 4108 1709 4141 an·
1774 4097 1901 4140 esset
1921 4094 2130 4141 alterum
2152 4096 2327 4143 saltem
2360 4110 2389 4143 e
2420 4096 2703 4145 consulibua
2728 4114 2791 4146 ex

693 4169 812 4202 num
837 4154 1147 4218 Olympiadis
1169 4170 1276 4205 cm.
1301 4155 1529 4231 primum.
1584 4156 1707 4211 Qui·
1773 4156 1921 4217 plebe
1942 4154 2109 4205 meari.
2142 4156 2304 4205 Canv.

691 4218 783 4264 bus
811 4218 1054 4266 rationum
1092 4224 1354 4267 momenus
1384 4219 1627 4267 adductus
1658 4220 1709 4268 id
1840 4235 1869 4278 4
1902 4221 2067 4280 Faxo]
2109 4219 2271 4267 Unius
2300 4220 2479 4271 tribuni
2508 4220 2791 4272 intercessio

691 4278 842 4327 ficiat
881 4281 1186 4340 Dodwellus,
1220 4281 1329 4329 vide
1364 4283 1497 4342 apud
1532 4282 1711 4344 ipsum,
1774 4284 1838 4330 ad
1861 4282 2081 4331 actiones
2110 4284 2355 4331 tollendas
2380 4283 2479 4331 iam
2500 4286 2789 4337 sufficiebat.

691 4341 876 4389 dissert.
913 4344 975 4390 de
1010 4343 1178 4411 cyclis
1211 4345 1567 4403 Romanorum,
1604 4360 1647 4393 x.
1680 4347 1709 4403 5
1776 4345 1869 4394 vid.
1895 4360 2025 4407 supr.
2048 4346 2110 4393 iv.
2136 4346 2211 4405 48.
2238 4360 2280 4393 r.
2307 4360 2383 4409 29.
