3000 4784
864 214 1055 282 LIB.
1104 214 1185 280 V.
1256 216 1479 281 CAP.
1529 224 1634 282 40.
2169 222 2290 283 331

155 376 384 441 parva
412 354 629 417 relicta
658 374 872 431 manu,
904 376 1047 441 spes
1067 354 1245 419 nulla
1260 368 1441 432 esset,
1472 354 1730 442 placuit,
1751 376 1897 419 cum
1920 355 2298 443 coniugibus
2318 364 2386 414 U.
2409 365 2469 415 c.
2495 364 2604 429 365·

158 465 253 506 ac
300 440 517 505 liberis
544 442 942 505 iuventutem
974 439 1305 505 militarem
1348 456 1730 528 senatusque
1759 442 1952 507 robur
1989 442 2061 505 in
2089 464 2296 507 arcem
2316 429 2378 477 A.
2411 430 2470 479 0·
2495 432 2607 491 ³⁸⁷·

165 526 716 615 Capitoliumque
746 526 1115 604 concedere,
1140 528 1455 627 armisque
1486 542 1554 593 et
1581 528 1900 593 frumento
1929 528 2190 607 collatis,
2215 552 2298 594 ex
2315 492 2621 607 ἓξὲξ-,ξω

96 614 333 681 eloco
383 614 535 679 inde
587 614 835 679 munito
878 614 1031 678 deos
1076 613 1492 702 hominesque
1541 628 1606 679 et
1653 615 2016 680 Romanum
2061 638 2298 681 nomen
2313 620 2542 671 iuventus

96 729 139 777 9
162 701 570 765 defendere:
618 701 939 765 flaminem
985 700 1465 788 sacerdotesque
1505 701 1792 766 Vestales
1825 724 2000 766 sacra
2041 703 2298 789 publica
2313 690 2539 748 κώμη·

164 811 219 851 a
242 787 466 865 caede,
492 789 571 852 ab
602 787 914 851 incendiis
935 786 1152 872 procu]
1185 788 1453 852 auferre:
1503 810 1622 853 nec
1645 801 1791 852 ante
1822 788 2026 853 deseri
2050 787 2294 853 cultum

164 896 434 952 eorum,
465 896 659 960 quam
698 895 830 937 non
860 885 1278 960 superessent,
1310 875 1423 961 qui
1462 874 1760 938 colerent.
1857 874 1926 939 Si
1955 896 2066 939 arx
2102 874 2202 939 Ca
2245 876 2298 938 i-

166 959 567 1047 toliumque,
600 960 781 1025 sedes
810 959 1094 1036 deorum,
1126 960 1179 1023 si
1218 973 1490 1038 senatuS,
1523 972 1716 1048 caput
1753 959 1991 1060 publici
2029 898 2294 1039 consilli,

168 1048 239 1111 si
302 1046 591 1111 militaris
648 1047 943 1110 iuventus
993 1046 1371 1146 superfuerit
1420 1047 1781 1111 imminenti
1833 1047 2054 1111 ruinae
2101 1048 2294 1124 urbis,

168 1131 442 1197 facilem
470 1134 774 1197 iacturam
798 1142 933 1197 esse
956 1154 1295 1210 semorum,
1316 1133 1570 1197 relictae
1599 1134 1668 1197 in
1700 1134 1853 1197 urbe
1875 1134 2101 1219 utique
2129 1134 2298 1220 peri-

174 1233 373 1284 turae
415 1220 651 1283 turbae.
746 1218 851 1296 Et,
877 1242 1007 1319 quo
1046 1217 1116 1282 id
1156 1220 1451 1306 aequiore
1483 1220 1698 1283 animo
1733 1219 1814 1283 de
1854 1218 2041 1321 plebe
2081 1219 2297 1284 multi-

122 1332 145 1365 1
176 1306 353 1370 tudo
390 1305 603 1383 ferret,
634 1328 817 1370 senes
846 1305 1260 1391 triumphales
1300 1305 1786 1391 consularesque
1822 1304 2011 1369 simul
2040 1328 2106 1372 se
2147 1328 2296 1370 cum

175 1392 315 1457 illis
346 1392 553 1479 palam
582 1392 792 1457 dicere
833 1392 1149 1468 obituros3
1196 1414 1317 1456 nec
1346 1391 1445 1455 his
1484 1392 1870 1478 corporibus,
1902 1392 2134 1478 quibus
2163 1414 2294 1456 non

177 1500 369 1543 arma
404 1480 586 1556 ferre,
619 1500 749 1541 non
784 1478 947 1543 tueri
986 1480 1253 1564 patriam
1290 1492 1566 1565 possent,
1604 1489 1970 1541 oneraturos
2012 1478 2294 1564 inopiam

178 1578 595 1629 armatorum.
688 1563 870 1628 Haec
914 1564 1081 1627 inter
1124 1565 1401 1629 seniores
1444 1564 1634 1628 morti
1677 1564 2024 1629 destinatos
2067 1565 2297 1629 iactata
2407 1557 2512 1617 40·

124 1678 153 1711 2
180 1650 433 1716 solatia.
526 1650 769 1715 Versae
810 1649 961 1715 inde
1009 1650 1481 1715 adhortationes
1541 1650 1624 1713 ad
1681 1672 1910 1737 agmen
1968 1651 2292 1729 iuvenum,

178 1760 357 1825 quos
401 1738 469 1801 in
504 1735 895 1825 Capitolium
938 1750 1128 1823 atque
1169 1737 1238 1800 in
1278 1760 1485 1801 arcem
1527 1738 2090 1836 prosequebantur,
2122 1760 2296 1802 com-

182 1823 571 1888 mendantes
612 1824 833 1888 virtuti
872 1845 1091 1887 eorum
1142 1824 1568 1911 iuventaeque
1611 1824 1785 1888 urbis
1824 1846 1940 1911 per
1979 1838 2296 1889 trecentos

180 1910 525 1997 sexaginta
552 1932 751 1975 annos
768 1910 1062 1974 omnibus
1079 1910 1259 1974 bellis
1282 1910 1573 1987 victricis,
1599 1932 2020 1998 quaecunque
2051 1910 2297 1997 reliqua

182 2008 377 2073 esset,
418 1996 752 2061 fortunam.
845 1995 1387 2083 Digredientibus,
1421 1997 1536 2083 qui
1577 2018 1755 2083 spem
1801 2020 2056 2062 omnem
2101 2008 2294 2083 atque

184 2106 385 2169 opem
416 2105 629 2146 secum
658 2083 962 2159 ferebant,
984 2084 1063 2147 ab
1092 2083 1186 2160 iis,
1212 2083 1323 2169 qui
1354 2094 1574 2168 captae
1607 2084 1778 2147 urbis
1807 2106 1940 2146 non
1968 2106 2041 2147 su
2089 2105 2292 2147 cresse

184 2180 545 2233 statuerant
563 2168 795 2246 exitio;
844 2191 1043 2255 quum
1066 2169 1203 2255 ipsa
1220 2192 1318 2233 res
1346 2169 1718 2268 speciesque
1742 2168 2032 2232 miserabi
2057 2192 2110 2231 1s
2138 2182 2291 2247 erat,

188 2270 335 2319 tum
367 2254 690 2320 muliebris
728 2256 915 2319 fletus
944 2266 1011 2319 et
1039 2268 1435 2319 concursatio
1476 2255 1738 2331 incerta,
1771 2277 1944 2318 nunc
1975 2254 2090 2317 hos
2119 2276 2293 2318 nunc

189 2341 338 2405 illos
366 2342 789 2427 sequentium,
820 2364 853 2404 r
936 2342 1359 2427 itantiumque
1390 2341 1556 2405 viros
1585 2353 1913 2427 natosque,
1933 2341 2037 2404 cui
2068 2362 2134 2404 se
2163 2340 2294 2406 fato

130 2450 163 2495 3
188 2428 443 2504 darent,
475 2428 654 2506 nihil,
687 2429 862 2515 quod
938 2428 1187 2491 umanis
1216 2440 1570 2513 superesset
1598 2427 1795 2503 malis,
1827 2427 2290 2513 relinquebant.

192 2514 444 2600 Magna
485 2535 628 2601 pars
673 2528 886 2579 tamen
915 2536 1133 2579 earum
1164 2514 1232 2576 in
1276 2534 1485 2577 arcem
1521 2535 1667 2577 suos
1711 2526 2078 2599 prosecutae
2123 2525 2292 2589 sunt,

190 2624 321 2665 nec
350 2600 725 2687 prohibente
758 2601 905 2677 ullo,
932 2624 1051 2665 nec
1082 2610 1383 2663 vocante:
1433 2599 1804 2749 quim-quod
1845 2598 2000 2663 utile
2031 2599 2296 2663 obsessis

1606 2708 1624 2748 1

190 2688 281 2750 ad
312 2687 721 2751 minuendam
740 2687 1057 2751 imbellem
1090 2685 1585 2763 multitudinem,
1705 2707 1926 2771 parum
1946 2684 2296 2749 humanum

190 2787 349 2837 erat.
443 2773 593 2838 Alia
637 2774 911 2838 maxime
965 2773 1166 2861 plebis
1218 2772 1419 2848 turba,
1469 2794 1664 2858 quam
1711 2794 1832 2836 nec
1889 2792 2113 2871 capere
2167 2786 2296 2835 tam

190 2860 467 2945 exiguus
510 2860 705 2937 collis,
738 2882 857 2925 nec
902 2860 1066 2925 alere
1107 2860 1176 2923 in
1221 2870 1397 2923 tanta
1418 2922 1421 2926 ,
1440 2858 1656 2945 inopia
1685 2858 1984 2922 frumenti
2027 2871 2294 2945 poterat,

192 2970 280 3011 ex
303 2946 454 3010 urbe
474 2946 671 3010 effusa
691 2946 866 3010 velut
882 2946 1132 3045 agmine
1152 2946 1277 3009 iam
1302 2968 1431 3009 uno
1462 2945 1648 3031 petiit
1666 2944 2039 3009 Ianiculum.
2134 2944 2295 3010 Inde

193 3054 345 3120 pars
372 3055 487 3119 per
514 3055 696 3119 agros
724 3032 969 3119 dilapsl,
1001 3056 1143 3119 pars
1173 3033 1359 3097 urbes
1389 3045 1621 3119 petunt
1648 3031 1966 3109 finitimas,
1997 3032 2134 3096 sine
2164 3030 2295 3097 ullo

190 3120 365 3183 duce
405 3132 515 3183 aut
542 3142 873 3195 consensu,
906 3142 1082 3183 suam
1114 3119 1383 3206 quisque
1426 3142 1455 3182 s
1540 3140 1624 3195 m,
1657 3140 1771 3182 sua
1809 3118 2088 3195 consilia,
2121 3127 2296 3182 com-'

194 3204 499 3269 munibus
542 3205 902 3292 deploratiS,
934 3218 1371 3291 exsequentes
1456 3142 1730 3268 {lamen
1769 3204 2025 3269 interim
2075 3204 2295 3277 Quiri-

193 3290 359 3357 nalis
387 3290 788 3378 virginesque
818 3290 1123 3367 Vestales,
1156 3291 1384 3355 omissa
1412 3312 1624 3353 rerum
1653 3312 1907 3353 suarum
1929 3312 2098 3367 cura,
2131 3312 2294 3376 quae

194 3538 283 3570 sus
321 3526 411 3581 est,
448 3522 699 3569 Romanos
734 3536 793 3569 ea
828 3527 970 3568 nocte
1008 3526 1057 3567 et
1090 3520 1211 3567 inse-
1278 3520 1391 3567 dam
1428 3524 1652 3566 auctores
1689 3522 1817 3565 sunt.
1885 3516 2150 3578 Octoginta
2185 3516 2298 3567 illos

196 3584 370 3647 quenti
393 3585 473 3633 die
499 3586 641 3647 longe
664 3585 788 3633 alios
819 3600 869 3633 se
902 3584 1215 3647 praestitisse,
1278 3582 1427 3631 fuisse
1468 3581 1634 3630 scribit
1673 3580 1848 3629 Zonar.
1883 3580 1958 3629 vii.
2000 3594 2076 3643 23.
2111 3580 2296 3644 quippe

197 3664 352 3711 quam
389 3649 581 3697 fixerant
612 3650 676 3697 ad
713 3648 915 3708 Alliam,
947 3650 1078 3696 unde
1114 3654 1215 3696 tam
1280 3646 1363 3708 qui
1402 3662 1463 3695 ex
1503 3660 1668 3693 eorum
1707 3660 1911 3693 numero
1949 3651 2125 3705 essent,
2157 3658 2295 3707 quos,

200 3712 381 3777 pavide
402 3714 637 3775 fugerant.
672 3714 832 3762 cmv.
1280 3718 1337 3759 ut
1368 3712 1700 3773 relinquerent
1727 3712 1945 3772 patriam
1977 3716 2123 3773 atquo
2151 3712 2294 3771 cives,

267 3778 298 3825 8
330 3778 454 3825 Loco
482 3780 596 3826 inde
621 3772 833 3836 munito]
870 3778 995 3826 Inde
1018 3774 1215 3838 quidam
1280 3777 1422 3823 nulla
1464 3776 1540 3823 vis
1581 3790 1800 3838 unquam
1847 3776 2110 3823 abactam
2157 3783 2293 3834 essee,

200 3846 499 3903 acceperunt
528 3856 617 3903 pro
638 3842 828 3901 deinde,
849 3842 933 3889 sed
970 3856 1065 3887 non
1100 3840 1217 3887 satis
1280 3854 1409 3901 supr.
1434 3853 1513 3899 24.

201 3909 416 3964 recte‚ut
428 3906 632 3954 videtur.
667 3907 791 3954 Inde
804 3910 877 3953 est
891 3920 953 3953 ex
962 3905 1215 3967 Capitolio,
1346 3918 1372 3951 2
1406 3905 1598 3965 Aymen
1617 3904 1876 3963 iuvenum]
1915 3902 2016 3951 Vix
2045 3902 2184 3951 mille
2203 3903 2288 3951 ho-

202 3970 285 4017 cui
309 3967 719 4031 interpretationis
742 3969 899 4031 gratia
918 3968 1132 4027 additur,
1152 3983 1213 4016 ex
1276 3967 1468 4015 minum
1490 3968 1638 4015 fuisse
1659 3966 1822 4015 scribit
1845 3967 1975 4014 Flor.
1998 3966 2030 4015 i.
2059 3981 2131 4027 13.

202 4036 303 4083 loeo
338 4035 538 4083 munito.
594 4033 833 4082 Similiter
864 4034 971 4081 infr.
1007 4046 1084 4093 43.
1119 4031 1213 4093 legi
1345 4046 1373 4093 3
1406 4032 1570 4091 Niml,
1601 4034 1730 4095 quod
1757 4032 1987 4079 humanis
2021 4036 2292 4091 superesset

202 4104 351 4209 {tque
383 4098 497 4146 inde
534 4113 595 4146 ea·
628 4099 727 4147 loeo
762 4099 1015 4159 superiore
1050 4100 1218 4143 monet
1279 4098 1437 4207 ἷιὲιῐιὲε,
1462 4096 1570 4205 reg}i
1685 4096 1827 4204 hang]
1865 4093 2293 4204 nlssffllmrffiigique-

252 4176 627 4289 effaminem]
676 4223 1005 4283 Quirinalem,
1038 4228 1095 4272 ut
1134 4238 1215 4285 par
1280 4175 1389 4271 senil:
1402 4174 1619 4270 'traiicere
1634 4172 2029 4283 {ffssnme‘alentem
2050 4166 2295 4269 Remeat

202 4296 277 4338 tet
299 4303 359 4337 ex
382 4304 424 4337 c.
448 4290 684 4350 sequenti.
1282 4302 1390 4335 rum
1413 4284 1759 4334 calamitatem.
1793 4286 1955 4333 Camr.

276 4369 293 4401 1
331 4355 504 4413 Senes]
548 4354 691 4410 Quos
712 4354 840 4402 solos
861 4352 1093 4401 mansisse
1115 4351 1215 4413 qui-
