3000 4784
848 184 1037 253 LIB.
1082 186 1210 253 ΠΙ.
1278 186 1500 254 GAP.
1550 190 1652 257 67.
2177 194 2300 258 217

198 344 389 389 mum
418 344 645 411 agrum
676 326 1079 413 perpopulati
1110 339 1299 391 sunt:
1346 324 1581 391 deinde
1617 337 1952 413 postquam
1987 325 2079 391 ibi
2113 348 2306 392 nemo
2326 340 2395 390 U.
2417 338 2478 389 ο.
2503 353 2612 404 309·

198 409 450 477 vindex
480 413 867 491 occurrebat,
892 426 1027 477 tum
1056 436 1226 491 vero,
1258 412 1722 479 exsultantibus
1741 411 1894 478 belli
1921 414 2302 491 auctoribus,
2323 404 2480 518 2210·
2501 418 2614 479 4⁴3·

200 496 291 561 ad
320 499 581 563 moenia
607 498 747 587 ipsa
775 500 1019 565 Romae
1049 499 1485 588 populabundi
1521 500 1781 587 regione
1819 512 2040 587 portae
2073 482 2636 593 Esqui-i1,„;¹1{,‘{,‘³,{,²¹2³⁵a

202 583 381 649 linae
412 606 750 664 accessere,
774 588 1186 653 vastationem
1216 608 1510 674 agrorum
1539 608 1654 672 per
1681 586 2135 651 contumeliam
2163 585 2306 651 urbi
2325 596 2585 645 accedunt.

200 683 623 737 ostentantes.
746 672 941 739 Unde
998 686 1335 775 postquam
1392 672 1600 749 inulti,
1661 672 1960 760 praedam
2018 694 2168 760 prae
2237 695 2306 737 se

331 771 497 835 ntes,
520 771 691 824 retro
720 759 803 823 ad
829 758 1219 825 Corbionem
1246 760 1499 859 agmine
1531 760 1682 837 fere,
1711 759 2057 835 Quinctius
2087 758 2308 824 consul

200 780 712 910 &concionem
747 846 1053 933 populum
1099 860 1360 911 vocavit.
1455 844 1554 911 Ibi
1598 846 1668 910 in
1714 846 1878 911 hanc
1925 846 2307 911 sententiam
2423 846 2524 909 67.

200 930 503 996 locutum
536 931 816 1019 accipio:
868 940 887 971 6
910 932 1051 997 Etsi
1084 933 1243 996 mihi
1280 931 1516 997 nullius
1555 954 1760 997 noxae
1796 931 2105 1009 conscius,
2142 932 2307 1008 Qui·
2324 929 2634 1043 Tagi-¹¹53&

204 1026 229 1055 6
248 1018 435 1095 ritas,
465 1040 627 1096 sum,
658 1032 872 1084 tamen
912 1042 1059 1083 cum
1098 1019 1341 1105 pudore
1376 1041 1626 1083 summo
1661 1019 1730 1083 in
1765 1019 2140 1085 concionem
2167 1041 2308 1084 ves-
2325 1009 2356 1042 ⁰
2425 1010 2564 1108 u‘ium

202 1112 227 1145 6
250 1116 427 1169 tram
473 1106 766 1192 processi.
858 1104 1005 1170 Hoc
1062 1127 1172 1170 vos
1230 1105 1409 1182 scire,
1460 1104 1584 1169 hoc
1641 1106 1908 1191 posteris
1965 1106 2306 1171 memoriae
2325 1074 2425 1121 pop
2567 1094 2582 1108 ’

202 1200 227 1230 6
248 1190 567 1256 traditum
594 1192 693 1269 iri,
726 1191 985 1279 Aequos
1019 1204 1087 1257 et
1106 1190 1391 1269 Volscoe,
1415 1191 1524 1255 vix
1556 1189 1856 1256 Hernicis
1886 1192 2076 1257 modo
2103 1214 2306 1279 pareS,

204 1286 227 1317 ⁶
253 1277 341 1342 T.
382 1276 693 1353 Quinctio
738 1292 1032 1365 quartum
1080 1277 1357 1354 consule,
1406 1276 1489 1340 ad
1540 1277 1794 1342 moenia
1836 1278 2011 1343 urbis
2061 1277 2306 1343 Romae

204 1374 227 1404 ⁶
250 1365 525 1451 impune
554 1378 823 1430 armatos
856 1364 1119 1430 venisse.
1211 1363 1401 1428 Hanc
1446 1386 1568 1450 ego
1609 1363 2044 1451 ignominiam,
2073 1363 2310 1451 (quan-

203 1461 228 1491 6
304 1473 459 1515 uam
488 1452 613 1516 iam
642 1452 759 1516 diu
782 1451 875 1517 ita
900 1451 1154 1528 vivitur,
1178 1450 1233 1515 is
1258 1462 1456 1515 status
1484 1472 1696 1515 rerum
1725 1464 1840 1528 est,
1865 1463 1938 1515 ut
1965 1450 2127 1515 nihil
2155 1451 2309 1516 boni

202 1547 229 1576 ⁶
251 1474 511 1602 divinet
548 1537 848 1622 animus,)
882 1538 934 1602 si
976 1538 1127 1603 huic
1163 1536 1560 1624 poti-imum
1599 1535 1930 1603 imminere
1961 1560 2130 1603 anno
2157 1538 2309 1603 scis-

206 1634 231 1663 6
252 1646 421 1701 sem,
451 1623 553 1689 vel
583 1625 827 1703 exsilio,
858 1625 959 1689 vel
990 1638 1213 1701 morte,
1244 1624 1299 1687 si
1328 1624 1451 1688 alia
1476 1622 1630 1711 fuga
1665 1624 1924 1689 honoris
1957 1648 2090 1690 non
2124 1637 2308 1702 esset,

206 1721 230 1751 ⁶
252 1711 577 1775 vitassem.
669 1711 859 1799 Ergo,
912 1712 965 1775 si
1013 1711 1133 1776 viri
1192 1733 1365 1775 arma
1420 1708 1532 1775 illa
1586 1709 1970 1788 habuissent,
2024 1735 2188 1799 quae
2240 1712 2311 1776 in

202 1808 231 1841 ·⁶
348 1797 465 1862 rtis
500 1797 673 1863 fuere
708 1798 957 1875 nostris,
994 1799 1135 1886 capi
1173 1797 1384 1864 Roma
1420 1820 1524 1861 me
1565 1797 1821 1862 consule
1855 1798 2117 1885 potuit?
2161 1798 2310 1863 satis

206 1894 231 1925 ⁶
308 1906 601 1962 onorum,
661 1886 809 1951 satis
870 1908 1186 1973 superque
1250 1886 1417 1949 vitae
1491 1897 1628 1948 erat
1655 1908 1671 1949 ε
1749 1885 1910 1950 mori
1981 1884 2310 1950 consulem

208 1981 233 2011 ⁶
258 1971 527 2035 tertium
586 1972 880 2059 oportuit.
987 1972 1202 2047 Quem
1264 1971 1522 2037 tandem
1580 1970 1602 2034 i
1692 1971 1967 2036 aviaimi
2031 1971 2309 2037 hostium

208 2069 232 2099 ⁶
256 2059 752 2145 contempsere?
794 2081 911 2123 nos
950 2058 1278 2135 consules3
1324 2080 1408 2123 an
1445 2079 1557 2122 vos
1591 1994 1922 2133 gnuffites?
2013 2056 2082 2122 Si
2121 2056 2312 2145 culpa

210 2155 233 2185 ⁶
258 2146 334 2208 in
380 2144 563 2209 nobis
604 2157 719 2223 est,
758 2145 995 2210 auferte
1038 2145 1379 2233 imperium
1412 2143 1726 2231 indignis3
1774 2156 1858 2221 et,
1889 2144 1942 2207 si
1982 2143 2052 2209 id
2085 2166 2309 2231 parum

213 2242 233 2271 ⁶
260 2244 386 2308 est,
416 2231 675 2318 insuper
710 2254 949 2319 poenas
986 2232 1285 2319 expetite.
1384 2230 1451 2296 Si
1488 2230 1560 2294 in
1589 2230 1784 2308 vobis,
1815 2252 2006 2295 nemo
2041 2230 2308 2296 deorum

211 2328 236 2358 6
260 2340 389 2383 nec
434 2318 767 2383 hominum
816 2320 915 2396 sit,
965 2318 1079 2405 qui
1128 2330 1334 2383 vestra
1380 2318 1606 2405 puniat
1651 2330 1930 2403 peccata,
1985 2315 2304 2394 Quirites3

208 2416 234 2447 6
258 2416 511 2469 vosmet
540 2418 789 2471 tantum
817 2428 1037 2471 eorum
1072 2406 1415 2492 poeniteat.
1509 2402 1578 2467 N
1579 2427 1666 2468 on
1702 2403 1797 2467 illi
1823 2416 2096 2469 vestram
2135 2404 2314 2503 igna-

212 2502 237 2532 ⁶
258 2490 435 2555 viam
471 2503 722 2557 contem
800 2516 925 2569 ere,
966 2515 1087 2556 nec
1126 2514 1277 2555 suae
1318 2490 1537 2555 virtuti
1580 2489 1804 2554 confisi
1843 2501 2030 2565 sunt3
2075 2512 2314 2589 quippe

215 2589 239 2619 ⁶
264 2577 457 2643 toties
520 2578 641 2642 fusi
772 2580 1053 2667 gatique,
1112 2577 1329 2643 castris
1394 2575 1591 2653 exuti,
1652 2598 1804 2663 agro
1868 2575 2138 2653 multati,
2198 2577 2315 2641 sub

214 2676 239 2705 6
261 2666 491 2753 iugum
522 2664 712 2744 missi,
744 2678 811 2730 et
842 2690 909 2731 se
940 2678 1008 2731 et
1033 2688 1145 2730 vos
1173 2686 1425 2729 novere.
1517 2661 1857 2727 Discordia
1883 2661 2180 2727 ordinum
2220 2675 2317 2727 est

216 2762 241 2792 ⁶
265 2773 589 2817 venenum
624 2754 797 2817 urbis
830 2753 1059 2829 huius;
1105 2752 1369 2829 Patrum
1412 2773 1486 2815 ac
1527 2748 1728 2837 plebis
1763 2750 2127 2828 certamina,
2158 2749 2315 2814 dum

218 2849 240 2877 ‘
265 2861 391 2903 nec
434 2839 619 2904 nobis
659 2839 928 2926 imperii,
974 2863 1093 2905 nec
1136 2838 1316 2903 vobis
1366 2836 1671 2903 libertatis
1721 2848 1820 2901 est
1867 2835 2113 2914 moduS,
2158 2836 2316 2902 dum

214 2936 240 2965 ⁶
264 2922 491 2990 taedet
546 2948 657 2989 vos
712 2925 1138 3012 patriciorum,
1193 2925 1309 2990 hos
1366 2923 1758 3012 plebeiorum
1817 2923 2315 3011 magistratuum,

162 3032 195 3081 5
218 3022 241 3053 ⁶
266 3010 579 3077 sustulere
608 3012 733 3076 illis
760 3014 1018 3077 animos.
1081 3012 1209 3078 Pro
1238 3012 1433 3077 deum
1462 3010 1676 3087 fldem,
1703 3009 1862 3097 quid
1883 3010 2060 3075 vobis
2079 3010 2271 3075 vultis
2285 3012 2316 3073 ἶ)

218 3110 241 3139 6
268 3098 596 3163 Tribunos
644 3098 847 3185 plebis
897 3121 1101 3163 concu
1144 3098 1318 3163 istisz
1388 3097 1760 3163 concordiae
1813 3120 2002 3161 causa
2057 3119 2318 3161 conces-

218 3196 243 3225 ⁶
264 3186 485 3249 simus.
600 3184 1011 3250 Decemviros
1120 3184 1510 3249 esiderastis:
1589 3183 1784 3248 creari
1849 3182 2015 3269 passi
2080 3205 2312 3247 sumus.

220 3282 243 3312 ⁶
266 3270 798 3336 Decemvirorum
845 3294 956 3336 vos
1000 3284 1359 3371 pertaesum
1406 3282 1538 3333 est:
1597 3270 1918 3355 coegimus
1965 3268 2136 3333 abire
2185 3290 2318 3332 ma-

220 3369 245 3401 ⁶
266 3360 555 3447 gistratu.
646 3357 955 3423 Manente
1003 3380 1072 3421 1n
1118 3357 1373 3423 eosdem
1424 3356 1698 3444 privatos
1749 3354 1842 3421 ira
1889 3368 2110 3433 vestra,
2155 3356 2317 3420 mori

218 3456 244 3485 ⁶
268 3459 467 3532 atque
508 3443 792 3510 exsulare
828 3444 1245 3509 nobilissimos
1280 3443 1445 3506 viros
1478 3442 2116 3529 honoratissimosque
2153 3443 2319 3529 passi

222 3544 245 3573 6
266 3554 506 3599 sumus.
600 3530 918 3596 Tribunos
946 3529 1149 3618 plebis
1177 3552 1388 3594 creare
1420 3530 1650 3594 iterum
1677 3526 1996 3593 voluistis:
2041 3530 2313 3595 creastis

224 3630 247 3661 ⁶
274 3617 593 3684 Consules
642 3618 847 3683 facere
894 3631 1239 3682 vestrarum
1290 3615 1587 3703 partium,
1636 3615 1753 3679 etsi
1801 3614 2096 3680 Patribus
2141 3615 2317 3681 vide-

170 3721 207 3771 6
228 3716 249 3745 ⁶
270 3708 496 3771 bamus
554 3705 882 3793 iniquum3
946 3704 1281 3791 patricium
1340 3724 1595 3789 quoque
1655 3702 2086 3789 magistratum
2143 3702 2315 3790 plebi

226 3802 249 3832 6
270 3793 519 3858 donum
578 3792 716 3857 fieri
766 3792 1055 3859 vidimua
1148 3788 1481 3857 Auxilium
1541 3788 1968 3866 tribunicium,
2063 3812 2317 3855 rovoca-

228 3891 247 3919 ‘
270 3880 516 3945 tionem
563 3878 646 3944 ad
690 3879 1019 3967 populum,
1067 3877 1225 3941 scita
1266 3875 1469 3963 plebis
1515 3876 1800 3941 iniuncta
1835 3813 2150 3954 Patribus,
2199 3878 2316 3942 sub

294 4088 325 4136 5
358 4075 494 4133 Quid
510 4076 643 4123 vobis
663 4076 836 4134 vultis]
864 4072 1035 4124 Brevis
1056 4078 1107 4121 et
1128 4088 1240 4121 con·
1306 4074 1436 4135 quod
1469 4072 1522 4121 in
1551 4074 1658 4123 cod.
1681 4072 1864 4123 Latinii
1887 4074 2101 4136 Neapol.
2125 4072 2316 4134 legitur,

228 4138 379 4189 cinna
409 4138 711 4187 enumeratio
742 4139 987 4200 quomodo
1018 4138 1159 4200 plebs
1190 4137 1243 4185 in
1307 4138 1481 4199 probat
1526 4136 1576 4187 N
1579 4138 1732 4187 iebhr.
1777 4137 1830 4187 ii.
1873 4143 1975 4187 not,
2024 4148 2130 4201 793.
2145 4196 2156 4209 ·
2217 4136 2316 4187 Sed

230 4210 423 4266 partem
462 4202 760 4265 reipublicae
792 4201 971 4252 sensim
1002 4218 1055 4251 se
1088 4200 1240 4251 vindi·
1300 4203 1434 4263 plebi
1454 4216 1544 4265 pro
1565 4204 1740 4264 plebei,
1760 4201 1974 4265 genitivo
1995 4215 2110 4248 casu
2142 4213 2192 4247 ln
2225 4215 2316 4249 usu

231 4267 430 4323 caverit.
1307 4266 1451 4313 fuisse
1470 4266 1674 4315 Vossius
1695 4265 1746 4317 in
1764 4266 2038 4315 Grammat.
2056 4262 2120 4313 iv.
2144 4278 2225 4327 19,
2237 4279 2317 4319 αα.

310 4330 343 4380 6
384 4332 525 4381 Plebs·
568 4332 771 4393 donum]
844 4332 1011 4383 Plebis
1050 4332 1245 4389 donum,
1308 4330 1467 4379 docet.
