3000 4784
826 238 1015 307 LIB.
1064 240 1186 308 III.
1255 242 1477 309 CAP.
1527 248 1628 309 61.
2147 250 2268 309 211

216 376 339 443 uid
372 378 624 443 abesset
652 378 898 457 virium,
930 378 1355 445 detrectavere
1563 404 1685 458 am,
1716 381 1914 445 crevit
1947 381 2266 468 extemplo
2286 399 2354 449 U.
2375 399 2437 450 c.
2463 397 2585 461 306.-

284 465 497 529 manis
547 465 813 543 animus,
866 480 933 530 et
980 488 1097 552 pro
1148 466 1328 529 victis
1378 402 1695 532 fflbant
1744 481 2044 569 paventes
2101 464 2346 533 inu-uA·
2378 466 2436 515 0·
2460 464 2572 554 449·

172 550 439 615 vallum.
536 551 759 627 Quum
789 574 908 639 'per
946 565 1149 617 totum
1178 552 1349 617 diem
1386 554 1706 619 stetissent
1741 555 1972 619 mtenti
2011 556 2094 621 ad
2131 578 2267 621 cer-

176 650 421 714 tamen,
450 639 627 703 nocti
664 661 921 703 cessere.
1014 637 1103 703 Et
1133 638 1407 704 Romani
1444 640 1708 726 quidem
1745 640 1918 728 pleni
1957 642 2092 729 spei
2131 665 2268 708 cor-

172 746 337 810 pora
365 726 687 791 curabant.
780 724 1021 811 Haudq
1150 748 1297 791 uam
1336 728 1471 813 pari
1515 727 1726 793 hostes
1763 728 1974 794 animo
2013 731 2268 795 nuntios

172 810 417 897 passim
452 811 683 898 trepidi
720 811 806 877 ad
843 748 1225 877 revofflog
1308 813 1664 879 raedatores
1693 814 2038 881 dimittunt.
2133 816 2267 881 Re-

176 898 459 961 curritur
502 920 585 963 ex
678 899 933 963 roximis
981 898 1172 975 locis3
1226 922 1273 963 u
1297 900 1556 965 teriores
1605 923 1736 966 non
1781 901 2041 967 inventi.
2135 901 2266 967 Ubi

174 984 417 1061 illuxit,
464 1008 613 1071 egre
663 986 789 1049 'tur
837 986 1051 1050 castris
1104 986 1449 1064 RomanuS,
1504 987 1738 1051 vallum
1795 989 2138 1067 invasurus,
2199 990 2268 1053 ni

175 1072 367 1157 copia
416 1094 667 1158 pugnae
718 1072 935 1137 fieret:
992 1086 1077 1149 et,
1121 1086 1455 1159 postquam
1509 1073 1708 1137 multa
1755 1075 1882 1139 iam
1925 1076 2061 1141 dies
2111 1088 2264 1152 erat,

176 1180 397 1245 neque
444 1159 813 1223 movebatur
850 1160 1191 1245 quicquam
1240 1160 1319 1225 ab
1364 1160 1566 1235 hoste,
1601 1161 1780 1225 iubet
1825 1162 1870 1224 s'
2049 1162 2264 1227 inferri

177 1240 447 1309 consul':
503 1259 799 1332 motaque
844 1246 999 1323 acie,
1044 1245 1397 1331 indignatio
1442 1246 1706 1332 Aequos
1748 1260 1814 1311 et
1925 1248 2124 1312 olscos
2170 1248 2282 1311 in-'

178 1332 393 1409 cessit,
424 1332 479 1395 si
514 1332 787 1397 victores
829 1332 1145 1397 exercitus
1184 1330 1415 1396 vallum
1458 1332 1690 1417 potius,
1777 1356 1922 1397 uam
1961 1335 2158 1397 virtus
2201 1346 2268 1397 et

178 1440 359 1483 arma
386 1431 693 1505 tegerent.
782 1418 989 1505 Igitur
1026 1430 1091 1482 et
1129 1418 1248 1505 ipsi
1290 1416 1701 1505 efflagitatum
1731 1442 1770 1485 a
1849 1418 2116 1485 ducibus
2143 1420 2268 1507 sig-

178 1526 341 1569 num
380 1527 634 1591 pugnae
678 1528 994 1591 accepere.
1084 1502 1349 1605 Iamque
1392 1527 1538 1591 pars
1583 1528 1830 1593 egressa
1871 1507 2068 1593 portis
2114 1520 2266 1584 erat,

180 1590 615 1679 deincepsque
646 1591 753 1655 alii
780 1593 1109 1670 servabant
1136 1591 1445 1668 ordinem,
1468 1591 1540 1655 in
1561 1614 1748 1657 suum
1769 1593 2036 1679 quisque
2059 1592 2267 1659 locum

179 1677 665 1755 descendentes,
716 1700 915 1763 quum
973 1678 1191 1743 consul
1245 1676 1576 1743 Romanus
1632 1680 1824 1766 prius,
1877 1702 2070 1779 quam
2121 1681 2270 1745 totis

132 1764 425 1833 uiribus
470 1764 633 1829 fissta
680 1778 995 1829 constaret
1046 1763 1321 1829 hostium
1374 1766 1562 1842 acieS,
1612 1766 1828 1831 intulit
1875 1790 2091 1853 signa:
2155 1767 2269 1831 ad-

181 1864 489 1937 ortusque
540 1874 662 1916 nec
712 1874 931 1916 omnes
980 1852 1133 1916 dum
1184 1851 1466 1929 eductos,
1521 1874 1659 1930 nec,
1709 1854 1820 1940 qui
1869 1868 2067 1931 erant,
2121 1854 2268 1918 satis

182 1937 517 2025 explicatis
566 1936 909 2015 ordinibus,
950 1960 1147 2037 prope
1190 1938 1604 2003 fluctuantem
1647 1940 1896 2004 turbam
1947 1940 2269 2027 trepidan-

182 2025 349 2089 tium
397 2024 523 2089 huc
570 2039 761 2125 atque
806 2024 977 2101 illuc,
1025 2025 1810 2126 circumspectantiumque
1859 2049 1926 2092 se
1979 2050 2052 2091 ac
2103 2050 2266 2103 suos,

184 2110 410 2176 addito
452 2112 715 2177 turbatis
766 2112 1085 2176 mentibus
1132 2111 1401 2176 clam0re
1452 2124 1645 2197 atque
1695 2126 1958 2199 lmpem,
2001 2114 2262 2178 invadit.

188 2196 499 2263 Retulere
528 2199 737 2286 primo
854 2196 1001 2262 dem
1036 2197 1286 2261 hostes:
1334 2198 1588 2274 deinde,
1619 2221 1820 2285 quum
1859 2199 2100 2263 animos
2139 2200 2269 2263 col-

185 2283 507 2371 legissent,
549 2298 617 2349 et
660 2308 750 2349 un
800 2285 947 2371 'que
988 2283 1199 2361 duces,
1246 2291 1268 2322 ‘
1286 2283 1550 2349 victisne
1599 2285 1830 2350 cessuri
1877 2286 2124 2363 essent,’
2169 2287 2269 2350 in-

186 2384 539 2459 creparent,
569 2371 921 2437 restituitur
958 2392 1189 2458 pugna.
1284 2369 1528 2435 Consul
1569 2394 1651 2437 ex
1687 2371 1882 2437 altera
1963 2386 2094 2439 arte
2134 2373 2268 2439 Ro·
2390 2370 2491 2429 61·

190 2480 411 2521 manos
458 2466 478 2495 ‘
496 2458 894 2533 meminisse,’
924 2456 1199 2535 iubebat,
1250 2465 1269 2493 ‘
1284 2456 1396 2521 illo
1430 2456 1536 2521 die
1575 2458 1852 2544 primum
1885 2396 2116 2525 liberos
2152 2482 2269 2545 pro

192 2553 213 2582 ‘
232 2544 437 2608 libera
490 2546 645 2609 urbe
700 2544 993 2608 Romana
1045 2564 1347 2629 pugnare.
1442 2542 1712 2607 Sibimet
1769 2543 1918 2630 ipsis
1975 2544 2267 2624 victuros,

192 2638 213 2668 6
236 2652 369 2695 non
416 2643 491 2695 ut
536 2629 1036 2695 decemvirorum
1080 2628 1351 2693 victores
1398 2628 1750 2715 praemium
1795 2643 2022 2695 essent.
2115 2630 2270 2697 Non

192 2726 213 2755 6
236 2716 455 2813 Appio
480 2718 648 2783 duce
676 2740 811 2783 rem
838 2716 995 2805 geri,
1024 2714 1139 2780 sed
1174 2714 1429 2779 consule
1460 2715 1739 2793 ValeriO,
1769 2739 1810 2782 a
1835 2715 2270 2784 liberatoribus

193 2813 213 2841 ‘
234 2826 319 2890 po
364 2802 455 2868 uli
498 2803 774 2869 Romani
814 2816 973 2881 orte,
1025 2802 1355 2867 liberatore
1393 2802 1550 2889 ipso.
1645 2801 2093 2882 ostenderent,
2141 2806 2274 2891 pri-

194 2899 214 2928 ‘
234 2826 451 2955 onzm
498 2891 753 2978 proeliis
800 2913 916 2977 per
962 2888 1175 2966 duces,
1227 2911 1359 2954 non
1406 2912 1526 2977 pe1¹
1574 2888 1826 2968 milites,
1873 2892 2136 2967 stetisse,
2187 2916 2270 2957 ne

194 2985 215 3015 ‘
234 2977 579 3043 vincerent.
671 2977 889 3064 Turpe
918 2998 1073 3054 esse,
1104 2988 1329 3041 contra
1356 2977 1524 3041 cives
1562 2976 1704 3064 plus
1734 2978 1928 3041 animi
1957 2978 2268 3057 habuisse,

194 3072 215 3103 ‘
237 3086 431 3153 quam
480 3077 703 3129 contra
756 3063 1003 3128 hostes:
1073 3074 1140 3127 et
1190 3063 1383 3140 domi,
1436 3086 1629 3151 quam
1685 3063 1852 3142 foris,
1905 3066 2270 3131 servitutem

195 3160 215 3189 ‘
236 3150 437 3238 magis
465 3150 765 3215 timuiaee.
858 3148 1071 3213 Unam
1093 3150 1455 3236 Virginiam
1480 3150 1691 3228 fuisse,
1723 3150 1903 3215 cuius
1929 3152 2269 3237 pudicitiae

198 3247 215 3276 ‘
236 3238 307 3302 in
364 3260 521 3325 pace
662 3236 927 3301 ticulum
986 3246 1186 3301 esset:
1252 3258 1451 3301 unum
1507 3237 1794 3385 Alppium
1846 3236 2048 3301 civem
2104 3238 2274 3325 peri-

196 3334 217 3367 ‘
236 3323 489 3391 culosae
534 3323 583 3388 li
624 3323 831 3388 idinis.
922 3322 1035 3400 At,
1075 3322 1129 3387 si
1173 3323 1429 3387 fortuna
1470 3323 1552 3388 be
1602 3322 1624 3386 i
1670 3320 1950 3399 inclinet,
1987 3324 2272 3387 omnium

110 3444 117 3451 ·
195 3421 216 3450 ‘
236 3412 451 3478 liberis
500 3412 579 3476 ab
629 3424 727 3476 tot
774 3408 1049 3473 millibus
1098 3408 1375 3473 hostium
1424 3408 1777 3495 periculum
1827 3408 1976 3475 fore.
2077 3410 2269 3475 Nolle

199 3508 219 3537 ‘
240 3498 527 3575 ominari,
558 3520 720 3585 quae
750 3520 871 3561 nec
900 3494 1163 3583 Iupiter,
1193 3518 1315 3560 uec
1346 3494 1524 3559 Mars
1559 3506 1737 3582 pater
1769 3498 2008 3582 passuri
2042 3498 2168 3563 sint
2196 3498 2272 3563 iis

198 3594 217 3624 6
238 3584 533 3673 auspiciis
594 3584 889 3649 conditae
962 3582 1103 3647 urbi
1166 3582 1491 3647 accidere?
1600 3582 1908 3645 Aventini
1976 3583 2273 3671 Sacrique

196 3672 431 3737 montis
458 3670 855 3747 admonebat,
904 3678 923 3707 6
945 3681 1037 3747 ut,
1068 3669 1179 3735 ubi
1207 3668 1461 3735 libertas
1486 3682 1668 3755 parta
1694 3680 1856 3733 esset
1883 3670 2099 3755 paucis
2128 3685 2272 3736 ante

158 3780 185 3831 5
203 3768 222 3796 ‘
242 3757 581 3836 mensibus,
613 3782 691 3823 eo
720 3758 1057 3843 imperium
1094 3755 1409 3821 illibatum
1446 3755 1792 3820 referrent:
1842 3757 2275 3823 ostenderent-

202 3854 221 3884 ‘
286 3868 387 3923 ue,
441 3845 710 3910 eandem
766 3842 1047 3908 indolem
1106 3842 1409 3907 militibus
1463 3842 1768 3907 Romanis
1825 3856 1968 3930 post
2024 3858 2276 3909 exactos

205 3942 223 3971 6
288 3932 655 3997 ecemviros·
674 3954 827 4008 esse,
858 3952 1022 4016 quae
1066 3941 1213 3992 ante
1256 3942 1497 3994 creatos
1538 3929 1765 3994 fuerit:
1813 3953 1953 4007 nec,
1995 3954 2068 3995 ae
2115 3932 2278 3995 uatis

201 4027 226 4057 ·‘
243 4018 507 4106 legibus,
534 4018 936 4082 imminutam
964 4015 1257 4081 virtutem
1286 4016 1511 4104 populi
1542 4017 1820 4081 Romani
1850 4017 2022 4081 csse.'
2167 4040 2278 4081 aec

266 4216 298 4259 4
317 4199 629 4260 Adur-iusque
647 4212 737 4245 nec
757 4210 918 4243 omnes
936 4194 1051 4241 dum
1072 4194 1211 4242 aduo-
1276 4193 1468 4242 ordines
1488 4194 1782 4243 habuissent.
1815 4194 1977 4243 Canv.

202 4264 297 4322 toa]
336 4262 647 4322 Adortusque
680 4274 781 4319 eos,
812 4273 965 4320 quum
1000 4258 1211 4305 necdum
1344 4270 1371 4319 5
1406 4260 1680 4318 Illibanum]
1718 4258 1878 4306 Nulla
1897 4257 2038 4305 clade
2057 4254 2280 4305 imminu-

204 4341 374 4376 omnes
392 4324 559 4374 educti
580 4330 759 4383 ωε,
778 4338 871 4371 nec
887 4322 945 4381 ii,
964 4322 1049 4384 qui
1076 4326 1215 4369 emat
1276 4326 1399 4370 tum.
1434 4322 1497 4371 cf.
1509 4322 1620 4371 infr.
1633 4322 1738 4371 xlii.
1755 4336 1829 4382 30.
1861 4320 2062 4368 illibatis
2081 4321 2280 4369 nimbus.

208 4390 388 4449 educti,
408 4388 527 4437 satis
546 4388 779 4450 temporis
798 4388 873 4436 ,ad
902 4385 1217 4448 explicandos
1282 4385 1456 4433 Dant.
1915 4449 1952 4505 2
