3000 4784
813 219 1003 287 LIB.
1050 218 1139 287 ΙΙ.
1207 218 1430 285 ΟΑῬ.
1476 224 1582 285 64.
2131 222 2250 283 143

168 381 389 445 magna
414 370 685 448 accepta
708 358 910 437 clade,
940 358 1138 423 virtus
1166 356 1439 421 militum
1480 379 1636 434 rem,
1658 355 2023 459 prolapsam
2049 354 2256 443 negli·
2273 372 2342 423 U.
2365 374 2424 425 ο.
2449 374 2558 436 285.

240 446 373 510 ntia
396 446 699 524 consulis,
716 446 1007 511 restituit.
1100 443 1337 509 Melius
1356 444 1427 509 in
1456 442 1708 511 Volscis
1735 443 2116 530 imperatum
2137 454 2253 508 est.
2273 438 2334 488 A.
2367 439 2426 490 0·
2448 438 2560 501 4⁶⁷·

166 469 309 597 {ensi
351 534 567 620 primo
612 533 851 620 proelio
894 532 1124 608 hoste&
1163 530 1439 618 fugaque
1481 529 1552 593 in
1589 530 1812 595 urbem
1847 530 2142 607 Antium,
2183 542 2258 595 ut

170 632 298 683 tum
326 642 427 684 res
456 634 665 697 erant,
696 618 1235 707 opulentissimam
1270 618 1413 681 acti.
1509 616 1724 692 Quam
1764 616 1984 682 consul
2011 638 2259 705 oppug-

130 728 311 775 3nare
338 728 474 771 non
499 728 709 784 ausus,
743 704 1098 782 Cenonem,
1129 704 1303 769 aliud
1330 727 1416 792 op
1460 702 1658 781 idum,
1689 727 1862 790 nequ
1949 726 2096 767 uam
2125 716 2257 769 tam

170 816 205 856 o
246 791 559 870 mentum,
610 794 687 857 ab
734 791 1105 857 Antiatibus
1148 790 1333 879 cepit.
1415 727 1604 855 [bum
1649 790 1866 877 Aequi
1977 789 2128 855 olsci
2174 812 2256 855 ue

230 902 489 944 omanos
534 878 853 945 exercitus
896 890 1137 956 tenent,
1186 876 1403 943 Sabini
1448 900 1652 963 usque
1697 877 1780 942 ad
1825 888 2036 964 portas
2085 898 2162 940 ur
2203 877 2258 940 is
2275 892 2343 941 U.
2367 892 2427 941 c,
2451 891 2560 941 286.

170 963 1232 1138 Ξῗιὲῗζξῗεῖἓῖιῗῗῗξῗηὲξζῖὼ
1284 963 1888 1115 ἷμὲαέἲῗῗωῗὲ
1908 962 2145 1114 ΜΞ,
2177 964 2257 1113 ῗέ
2274 958 2335 1005 A'
2369 958 2428 1005 θ’
2452 954 2561 1017 ⁴⁶⁶'

166 1136 337 1214 fines,
366 1138 515 1226 plus
543 1138 843 1215 cladium,
876 1160 1069 1226 quam
1097 1074 1463 1215 intuplierant,
1494 1072 2044 1223 astaceperunt.ngre

252 1224 565 1290 Extremo
601 1248 770 1289 anno
814 1225 984 1312 pacis
1024 1224 1267 1311 aliquid
1299 1224 1455 1301 fuit3
1503 1223 1635 1300 sed,
1682 1236 1754 1287 ut
1797 1244 2046 1309 semper
2089 1220 2258 1299 alias,
2380 1227 2484 1289 64.

134 1308 463 1376 4sollicitae
495 1312 845 1377 certamine
874 1312 1139 1376 Patrum
1160 1322 1229 1375 et
1255 1310 1473 1397 plebis.
1549 1308 1722 1374 Irata
1747 1308 1926 1396 plebs
1955 1309 2258 1372 interesse

174 1397 602 1463 consularibus
622 1398 893 1463 comitiis
908 1397 1132 1463 noluit.
1194 1396 1323 1461 Per
1342 1396 1564 1461 Patres
1585 1395 1972 1494 clientesque
1994 1394 2260 1458 Petrum

174 1484 451 1549 consules
496 1485 699 1551 creati
741 1484 820 1549 T.
868 1484 1231 1561 Quinctius,
1276 1482 1358 1559 Q.
1404 1482 1722 1548 Servilius
1816 1480 2102 1547 Sunilem
2147 1504 2260 1545 an-
2277 1497 2338 1547 T.
2363 1497 2550 1555 Quincu

176 1590 322 1633 num
348 1572 551 1658 priori
593 1570 883 1637 consules
920 1572 1199 1647 habent3
1246 1570 1542 1635 seditiosa
1574 1570 1776 1647 initia,
1818 1567 1986 1633 bello
2026 1567 2261 1632 deinde
2277 1562 2366 1639 ²592
2389 1564 2455 1619 Q*
2479 1565 2586 1613 Ser-

176 1668 431 1755 externo
460 1658 820 1746 tranquilla.
915 1658 1151 1735 Sabini,
1186 1656 1632 1723 Crustuminos
1661 1678 1916 1743 campos
1932 1654 2127 1720 citato
2153 1676 2264 1741 ag-
2281 1628 2552 1740 {2311ssOE

178 1763 339 1807 mine
368 1745 761 1845 transgressi,
784 1768 985 1832 quum
1012 1744 1239 1809 caedes
1266 1756 1333 1808 et
1354 1743 1650 1809 incendia
1676 1743 1916 1807 circum
1940 1741 2260 1806 Anienem
2281 1756 2534 1805 Sabinum.

179 1828 407 1894 fiumen
434 1832 757 1908 fecissent,
789 1854 830 1896 a
854 1844 1039 1919 porta
1064 1852 1261 1917 prope
1295 1829 1554 1896 Collina
1589 1830 2044 1915 moenibusque
2075 1827 2262 1915 pulsi,

183 1912 461 2002 ingentes
533 1933 753 1983 tamen
818 1916 1083 2006 praedas
1150 1917 1479 1981 hominum
1549 1938 1980 2003 pecorumque
2053 1937 2259 2001 egere.

189 1999 358 2075 Quos
412 2003 719 2071 Servilius
764 2004 983 2069 consul
1028 2003 1258 2069 infesto
1316 2003 1601 2067 exercitu
1658 2003 1999 2078 insecutuS,
2056 2001 2077 2064 i
2123 2024 2264 2065 sum

186 2088 431 2171 quidem
460 2114 697 2179 agmen
726 2091 991 2178 adipisci
1018 2090 1239 2177 aequis
1268 2088 1421 2154 locis
1448 2111 1582 2153 non
1619 2090 1862 2176 potuit:
1995 2111 2085 2175 pu
2107 2088 2266 2152 atio-

187 2195 325 2238 nem
362 2178 524 2243 adeo
560 2178 759 2245 effuse
788 2177 959 2255 fecit,
1000 2189 1074 2241 ut
1102 2176 1263 2241 nihil
1295 2176 1465 2242 bello
1504 2175 1814 2241 intactum
1855 2111 2264 2262 reffiquereu

188 2260 507 2349 multiplici
558 2288 641 2329 ue
672 2277 855 2351 capta
881 2263 1118 2352 praeda
1144 2262 1394 2328 rediret.

250 2346 351 2445 ‚Et
378 2350 446 2414 in
548 2350 733 2417 olscis
767 2350 1119 2439 respublica
1144 2350 1395 2437 egregie
1435 2360 1629 2436 gesta,
1658 2370 1861 2435 quum
1897 2347 2097 2425 ducis,
2130 2361 2268 2412 tum
2286 2372 2538 2421 Volscum.

190 2432 449 2501 m1litum
492 2460 707 2525 opera.
795 2437 1083 2503 Primum
1112 2460 1317 2523 aequo
1355 2458 1493 2500 cam
1611 2436 1808 2521 signis
1829 2434 2079 2499 collatis
2107 2458 2270 2521 pug-

192 2532 417 2600 mmm,
474 2524 731 2611 ingenti
786 2524 982 2590 caede
1040 2523 1381 2609 utrimque,
1440 2544 1485 2607 p
1511 2521 1716 2585 urimo
1783 2521 2126 2606 sanguine:
2207 2534 2272 2583 et

196 2602 474 2689 Romani,
541 2612 695 2698 quia
747 2612 1029 2697 paucitas
1095 2609 1331 2674 damno
1388 2607 1721 2671 sentiendo
1789 2606 2047 2692 propior
2115 2619 2270 2681 erat,

336 2718 443 2763 um
492 2697 897 2773 retulissent3
957 2697 1026 2761 ni
1077 2695 1310 2761 salubri
1368 2691 1702 2757 mendacio
1759 2690 1999 2769 consul,
2051 2691 2272 2777 fugere

236 2793 390 2846 ostes
410 2786 489 2850 ab
518 2808 717 2850 cornu
744 2783 942 2849 altero
962 2783 1307 2859 clamitans,
1332 2780 1708 2845 concitasset
1734 2779 1954 2843 aciem.
2015 2776 2275 2865 Impetu

196 2861 368 2964 facto,
396 2871 555 2936 dum
584 2894 651 2935 se
680 2883 908 2958 putant
944 2870 1217 2946 vincere,
1248 2869 1475 2934 vicere.
1569 2865 1834 2943 Consul,
1869 2879 2160 2931 metuens
2189 2887 2272 2929 ne

200 2954 373 3019 mmis
398 2956 699 3023 instando
732 2969 1063 3023 renovaret
1090 2970 1432 3031 certamen,
1464 2954 1716 3041 signum
1756 2952 2042 3040 receptui
2071 2951 2268 3016 dedit.

162 3048 187 3096 ⁵
200 3033 605 3139 lut-ereessere
664 3044 853 3132 pauci
910 3042 1067 3121 dies,
1126 3042 1301 3107 velut
1358 3042 1565 3106 tacitis
1631 3039 1896 3105 indutiis
1953 3039 2274 3125 utrimque

200 3141 399 3209 qulete
436 3146 731 3218 sumpta3
776 3153 893 3217 per
926 3152 1084 3217 quos
1112 3130 1337 3217 ingens
1364 3128 1459 3192 vis
1497 3127 1832 3192 hominum
1869 3148 1952 3190 ex
1981 3126 2275 3190 omnibus

203 3208 435 3283 Volscis
476 3218 851 3304 Aequisque
892 3216 1145 3304 populis
1172 3217 1241 3279 in
1277 3227 1477 3280 castra
1514 3215 1710 3291 venit,
1747 3212 1922 3277 haud
1955 3211 2270 3287 dubim,

166 3295 255 3395 ⁶⁸i.
290 3305 613 3381 senserint,
654 3303 977 3369 Romanos
1020 3316 1205 3367 nocte
1250 3302 1546 3365 abituros.
1638 3298 1866 3399 Itaque
1912 3297 2099 3363 tertia
2141 3296 2273 3361 sere

203 3385 401 3470 Vlgilia
436 3391 521 3456 ad
566 3402 769 3455 castra
810 3388 1236 3477 oppugnanda
1276 3388 1563 3452 veniunt.
1657 3383 2020 3461 anctiuS‚
2055 3382 2274 3448 sedato

209 3476 483 3557 tumultu,
527 3500 719 3564 quem
764 3488 963 3542 terror
1004 3475 1249 3541 subitus
1292 3474 1631 3549 exciverat,
1667 3492 1868 3558 quum
1911 3492 2166 3535 manere
2206 3471 2275 3534 in

269 3707 581 3781 {Genuum}
619 3708 873 3821 Oppidum
906 3707 1201 3756 Volscorum
1262 3706 1350 3754 sed
1370 3708 1548 3753 neutra
1569 3708 1708 3766 parte
1725 3704 1916 3753 bellum
1935 3706 2181 3762 movente,
2193 3718 2278 3751 ex·

212 3775 504 3823 nummum.
539 3773 673 3823 Nieb
710 3790 746 3821 r.
768 3772 817 3821 ii.
842 3788 890 3835 p.
915 3786 1024 3833 244.
1264 3770 1429 3818 istunt.
1464 3769 1682 3818 Srnorn.

269 3847 298 3889 4
326 3836 461 3887 Irata
475 3840 637 3901 plebs]
678 3838 793 3885 Hoc
812 3838 921 3885 loco
946 3834 1205 3883 manifeste
1328 3830 1363 3883 6
1398 3835 1564 3883 Tertia
1601 3869 1616 3883 .
1637 3868 1652 3883 .
1675 3869 1690 3883 .
1713 3867 1726 3882 .
1757 3832 1956 3895 vigilia]
1999 3831 2278 3904 Distingue-

216 3902 455 3968 oerpuntur
496 3902 591 3949 tria
622 3902 712 3949 illa
748 3901 1055 3949 comitiorum
1090 3914 1202 3947 cen·
1264 3898 1409 3945 batur
1439 3903 1636 3960 tempus
1665 3898 1822 3945 noctis
1841 3897 1892 3945 in
1914 3902 2145 3958 quattuor
2167 3895 2280 3957 viga-

214 3958 479 4014 tunam-um
522 3967 785 4024 elementa,
800 3973 969 4027 patres
998 3962 1204 4021 scilieet,
1268 3960 1373 4020 lias,
1394 3976 1599 4023 quarum
1621 3976 1942 4024 unaquaeque
1971 3960 2118 4008 trium
2141 3958 2278 4005 hora·

216 4030 395 4076 'mmm
422 4033 635 4089 dienen,
668 4035 720 4077 et
750 4032 883 4092 plebe
924 4044 1050 4091 quae
1092 4042 1205 4076 con-
1268 4040 1377 4073 rum
1398 4032 1520 4075 erat.
1587 4027 1764 4088 Itaque
1783 4026 1928 4074 tertia
1943 4024 2108 4087 vigilia
2129 4038 2160 4070 ιι
2179 4036 2280 4069 me-

219 4084 357 4137 mlem
404 4110 437 4142 a
488 4094 635 4144 curiis
688 4100 923 4153 ercam,
968 4092 1052 4155 qui
1096 4108 1204 4141 om
1270 4090 1353 4138 dia
1372 4097 1518 4139 nocte
1537 4088 1818 4153 incipiebat,
1833 4105 1964 4138 nona
1984 4086 2141 4135 noctis
2161 4086 2284 4131 hora

218 4150 289 4195 Μ
314 4160 459 4207 maior
487 4166 608 4219 erat,
640 4158 879 4221 suffragiis
907 4158 1006 4206 suis
1036 4157 1207 4204 confir-
1270 4154 1548 4203 finiebatur.
1627 4153 1840 4217 Singulis
1881 4160 2046 4201 autem
2093 4146 2286 4210 vigiliis,

220 4221 339 4264 nme
356 4223 562 4272 nolebat.
596 4224 660 4271 cf.
681 4237 811 4283 supr.
836 4236 912 4283 43.
1268 4218 1406 4282 signo
1434 4219 1642 4269 buccina
1671 4220 1810 4279 dato,
1829 4217 2000 4279 vigiles
2027 4213 2284 4261 mutaban-

280 4290 305 4339 5
328 4284 495 4337 Tacitis
508 4288 739 4347 indutiis]
760 4288 960 4348 efisupr.
981 4286 1052 4336 18.
1072 4286 1206 4334 Taci-
1270 4289 1363 4335 tur.

224 4343 308 4403 ωδ,
318 4360 433 4408 quae
448 4352 586 4402 nullo
602 4351 799 4415 publico
816 4349 1017 4401 consilio
1032 4350 1209 4413 fictae,
