3000 4784
873 218 1066 284 LIB.
1134 217 1219 283 II.
1287 219 1511 284 CAP.
1581 225 1675 284 13.
2238 223 2317 286 87

221 375 420 440 quam
467 351 550 417 de
603 353 969 440 Tarquiniis
1019 354 1088 418 in
1135 377 1202 418 re
1291 377 1402 418 um
1447 354 1873 430 restituendi&
1926 355 2123 435 mag-is
2170 354 2321 441 quia
2342 366 2407 416 U.
2431 367 2489 416 C.
2515 367 2621 428 246.

220 439 296 503 id
341 462 575 526 negare
627 440 763 526 ipse
809 441 1180 527 nequiverat
1283 442 1611 527 arquiniis,
1658 463 1850 529 quam
1948 423 2077 506 uod
2124 463 2319 528 nega-
2336 431 2397 480 A.
2432 431 2490 481 0·
2514 431 2639 494 5⁰⁶·-

169 551 200 583 α
221 539 366 590 tum
401 527 480 589 iri
520 526 644 592 sibi
687 529 771 591 ab
817 526 1126 591 Romanis
1165 527 1503 614 ignoraret.
1594 527 1699 592 De
1738 551 1889 614 agro
1998 527 2317 594 eientibus

217 611 618 678 restituendo
675 613 1121 699 impetratum:
1197 636 1617 714 expressaque
1676 615 2011 679 necessitas
2068 614 2316 680 obsides

219 697 426 762 dandi
485 699 811 776 Romania
872 699 925 764 si
984 698 1270 764 Ianiculo
1327 701 1712 788 praesidium
1769 700 2001 765 deduci
2058 700 2311 766 vellent.

167 795 200 843 3
221 783 352 848 His
391 784 864 851 conditionibus
909 786 1258 873 composita
1297 810 1473 874 pace,
1514 788 1863 852 exercitum
1908 788 1987 852 ab
2028 786 2315 852 Ianiculo

217 871 500 935 deduxit
545 871 888 949 Porsenna,
941 887 1007 937 et
1057 896 1206 960 agro
1251 873 1545 938 Romano
1584 873 1871 938 excessit.
1962 873 2183 938 Patres
2230 873 2309 940 C.

219 957 453 1023 Mucio
502 958 752 1023 virtutis
795 981 982 1024 causa
1027 972 1198 1030 trans
1242 959 1533 1024 Tiberim
1578 983 1797 1046 agrum
1843 960 2014 1026 dono
2056 960 2312 1038 dedere,

217 1067 392 1130 quae
431 1058 652 1144 postea
682 1058 833 1110 sunt
871 1045 1096 1110 Mucia
1127 1059 1308 1133 prata
1341 1047 1669 1134 appellata.
1762 1046 1954 1133 Ergo,
1984 1047 2077 1111 ita
2114 1047 2315 1112 hono·
2382 1123 2387 1130 ¹

217 1145 364 1194 rata
401 1143 656 1209 Virtute,
685 1131 958 1198 feminae
999 1155 1256 1219 quoque
1291 1133 1372 1197 ad
1415 1133 1677 1220 publica
1714 1133 1943 1198 decora
1980 1134 2309 1199 excitatae.

161 1235 198 1277 4
219 1216 314 1280 Et
335 1215 588 1282 Cloelia
606 1219 803 1306 vix-30,
827 1241 958 1284 una
982 1242 1068 1284 ex
1090 1219 1434 1296 obsidibuS,
1455 1242 1655 1305 quum
1684 1233 1885 1284 castra
1903 1219 2314 1285 Etruscorum
2330 1235 2537 1286 Cloelia.

213 1303 385 1368 forte
416 1303 596 1368 haud
621 1305 844 1391 procul
861 1306 997 1392 ripa
1020 1305 1272 1371 Tiberis
1294 1305 1497 1370 locata
1526 1318 1752 1382 essent,
1784 1305 2077 1370 frustrata
2105 1320 2315 1372 custo-

215 1390 358 1467 deS‚
388 1390 526 1454 dux
553 1392 820 1478 agminis
849 1392 1167 1478 virginum
1197 1392 1364 1456 inter
1395 1391 1523 1456 tela
1560 1392 1838 1456 hostium
1874 1391 2163 1457 Tiberim
2190 1405 2313 1458 tra·

213 1476 438 1542 navit:
487 1478 872 1565 sospitesque
914 1501 1134 1543 omnes
1175 1477 1448 1542 Romam
1477 1478 1561 1543 ad
1594 1479 1981 1566 propinquos
2020 1479 2313 1544 restituit.

223 1564 430 1638 Quod
459 1564 572 1630 ubi
605 1565 742 1652 regi
780 1565 1142 1632 nuntiatum
1181 1577 1297 1643 est,
1327 1565 1534 1652 primo
1570 1565 1862 1630 incensus
1894 1566 2007 1642 ira,
2038 1579 2315 1632 oratores

215 1649 502 1715 Romam
551 1651 723 1716 misit
772 1650 855 1716 sd
902 1650 1216 1718 Cloeliam
1262 1653 1553 1718 obsidem
1603 1651 2103 1740 deposcendam3
2164 1653 2317 1718 alias

217 1737 402 1800 haud
425 1737 638 1824 magni
663 1737 904 1802 iacere:
951 1737 1186 1802 deinde
1215 1739 1286 1802 in
1313 1739 1795 1804 admirationem
1825 1761 2058 1816 versus,
2092 1748 2111 1778 ‘
2128 1763 2319 1827 supra

218 1832 241 1861 6
265 1821 549 1888 Coclites
592 1822 776 1889 Muci
892 1825 992 1890 ue'
1038 1825 1250 1890 dicere
1296 1826 1403 1889 ‘id
1443 1826 1687 1890 facinus
1730 1827 1906 1904 esse,'
1948 1839 2015 1891 et
2056 1849 2204 1913 prae
2248 1850 2315 1892 se

213 1911 406 1986 serre,
443 1919 460 1947 6
526 1847 1034 1988 ιιειιιειᾱῑξιὶῗὲιιιῐι,
1065 1911 1120 1974 si
1155 1934 1286 1976 non
1325 1912 1597 1978 dedatur
1634 1914 1839 1990 obses,
1915 1935 1986 1977 ro
2024 1926 2213 2000 rupto
2246 1936 2313 1978 se

217 2007 242 2034 ‘
259 1933 916 2073 foedusffiabiturum3
963 1997 1052 2062 sic
1086 1997 1388 2076 deditam,
1419 1997 1783 2063 inviolatam
1923 2022 2069 2066 suos
2098 2000 2317 2064 remis-

218 2092 242 2120 ‘
261 2105 500 2146 surum.
611 2083 952 2170 Utrimque
971 2084 1256 2149 constitit
1278 2085 1464 2150 fides:
1514 2097 1581 2150 et
1601 2084 1878 2150 Romani
1894 2086 2125 2173 pignus
2146 2085 2317 2172 pacis

217 2193 308 2234 ex
335 2169 590 2234 foedere
621 2169 1056 2235 restituerunt:
1107 2182 1174 2234 et
1202 2171 1372 2270 apud
1402 2194 1617 2258 regem
1649 2171 1989 2236 Etruscum
2019 2194 2150 2238 non
2180 2185 2319 2237 tuta

216 2255 451 2333 solum,
481 2255 594 2320 sed
627 2255 935 2322 honorata
967 2257 1178 2334 etiam,
1210 2271 1408 2322 Virtus
1445 2258 1599 2323 fuit:
1647 2259 1965 2324 laudatam
2012 2282 2092 2324 ue
2127 2259 2317 2346 virgi-

164 2361 196 2408 5
219 2365 376 2408 nem
404 2357 580 2430 parte
611 2342 904 2410 obsidum
928 2365 994 2408 se
1024 2343 1260 2409 donare
1290 2344 1487 2410 dixit:
1536 2345 1691 2432 ipsa,
1723 2368 1883 2431 quos
1910 2283 2120 2424 vdllet,
2145 2344 2315 2433 lege-

505 2083 521 2112 2

219 2635 348 2684 Tac.
377 2635 510 2684 Hist.
543 2634 611 2684 iii.
649 2645 726 2696 72,
757 2637 952 2698 “quam
989 2648 1087 2682 non
1124 2635 1240 2684 Por-
1308 2634 1378 2683 Η.
1413 2634 1481 2683 N.
1516 2635 1681 2683 xxxiv.
1710 2649 1781 2697 13.
1814 2634 2037 2697 reperies.
2082 2635 2142 2684 ef.
2166 2635 2316 2686 Dion.

219 2715 396 2758 senua,
423 2701 586 2749 dedita
615 2701 738 2748 urbs
767 2715 860 2748 uec
882 2699 1022 2748 Galli
1044 2701 1242 2761 capta,”
1307 2714 1352 2748 v,
1377 2713 1454 2761 33.
1491 2699 1626 2748 Plut.
1651 2700 1795 2749 Publ.
1826 2714 1897 2763 19.
2164 2757 2171 2764 ,

219 2769 320 2812 etc.
377 2763 570 2812 Plinius
584 2779 778 2826 quoque
797 2763 866 2811 H.
887 2763 955 2812 N.
974 2762 1141 2812 xxxiv.
1160 2777 1237 2827 39.
1369 2778 1396 2825 5
1431 2765 1589 2812 Parte
1620 2765 1833 2812 obsidum
1865 2779 1917 2812 se
1947 2765 2130 2813 donaro
2161 2765 2313 2824 dixit]

219 2830 256 2854 ‘⁶
277 2829 342 2876 In
379 2828 590 2888 foedere,
627 2827 757 2890 quod
795 2827 1012 2890 expulsis
1047 2827 1239 2889 regibus
1303 2826 1473 2884 Quota
1493 2833 1633 2889 parte
1647 2833 1670 2875 Ρ
1714 2827 1913 2890 Nempe
1934 2827 2151 2876 dimidia.
2215 2827 2317 2878 Ubi

223 2893 414 2954 populo
449 2892 676 2940 Romano
707 2893 836 2940 dedit
869 2891 1135 2950 Porsenna,
1155 2906 1241 2938 no·
1304 2892 1434 2940 enim
1468 2907 1594 2953 pars
1623 2897 1671 2940 oe
1702 2899 1873 2954 partes
1903 2892 1975 2940 ita
2010 2892 2061 2940 in
2100 2893 2319 2941 oratione

221 2956 452 3004 minutim
496 2955 898 3018 comprehensum
951 2955 1242 3014 invenimus,
1306 2961 1572 3017 ponuntur,
1598 2960 1653 3004 ut
1686 2961 1847 3004 certae
1878 2957 2118 3018 quaedam
2152 2963 2203 3004 et
2235 2957 2317 3006 de-

223 3037 289 3068 ne
311 3019 438 3068 ferro
458 3019 550 3068 uisi
581 3019 632 3068 iu
665 3019 765 3082 agri
787 3019 1029 3068 culturam
1053 3025 1242 3068 uteren-
1306 3019 1595 3068 terminatae
1622 3020 1866 3082 portiones
1899 3021 2023 3069 finiri
2046 3021 2317 3080 videantur,

223 3087 362 3132 tur.'’
1306 3099 1397 3158 uec
1434 3090 1599 3132 tamen
1634 3083 1811 3158 diserte
1845 3086 2119 3160 explicetur
2148 3085 2319 3148 quales

287 3163 316 3197 ²
341 3150 550 3262 ”iffi
565 3150 729 3274 35⁸3?
733 3149 866 3260 “vocam
865 3148 1245 3260 §3¹:53¹ss131‘331
1307 3149 1424 3260 :33¹3
1451 3155 1626 3273 ,3³:ss
1647 3150 2319 3273 ἒέἕῶοὲῗςὲῖἑῷὡὲζὲᾶέ

225 3277 360 3324 tibus
393 3277 636 3324 Romulus
665 3275 933 3334 ademerat,
967 3291 1096 3323 nunc
1131 3290 1242 3323 vero
1305 3275 1436 3323 milis
1467 3275 1637 3323 addita
1668 3281 1825 3323 totum
1860 3277 2051 3324 efficiat.
2118 3277 2200 3325 Sic
2225 3277 2321 3325 hoc

227 3342 276 3389 ri
297 3340 486 3402 recepit
507 3341 769 3388 Porsenna.
816 3338 1104 3395 Quinetiam
1124 3339 1242 3388 Plu·
1307 3339 1414 3387 loco
1436 3339 1691 3386 dimidiam
1712 3339 1937 3387 obsidum
1966 3347 2153 3402 partem
2176 3339 2317 3388 intel-

225 3405 384 3453 tarch.
403 3403 505 3460 Qu.
522 3404 670 3454 Rom.
685 3405 756 3452 18.
774 3417 944 3466 agrum
961 3404 1244 3452 Romanum
1307 3403 1520 3464 ligimus,
1541 3403 1621 3450 cui
1640 3403 1796 3451 altera
1815 3403 2019 3452 dimidia
2050 3419 2163 3466 pars
2182 3405 2319 3454 addi-

229 3468 452 3518 Etruscis
473 3483 534 3518 ex
568 3474 706 3530 parte
729 3469 937 3516 decuma
959 3466 1244 3529 vectigalem
1308 3473 1360 3514 ta
1391 3472 1551 3514 totum
1584 3466 1810 3515 efficeret.
1876 3467 1957 3522 Sic
1987 3468 2113 3516 inii-a
2134 3484 2210 3529 41.
2235 3469 2319 3517 ubi

229 3533 378 3581 fuioee
411 3533 588 3582 scribit.
623 3531 828 3580 Niebhr.
860 3531 894 3580 i.
926 3546 975 3592 p.
998 3545 1108 3590 412.
1134 3531 1243 3592 538.
1307 3531 1537 3578 dicuntur
1572 3531 1700 3579 duae
1741 3533 1850 3592 ayn·
1889 3539 2057 3594 partes
2090 3533 2322 3581 Hernicis

229 3603 424 3659 partem
467 3597 660 3644 tertiam
711 3595 960 3658 regionum
1003 3609 1035 3642 a
1078 3595 1244 3644 Servio
1308 3596 1576 3656 ademptae,
1626 3593 1973 3656 intelligendae
2026 3603 2139 3644 sunt
2194 3598 2322 3645 duae

226 3661 584 3722 descriptarum
637 3675 669 3708 a
722 3659 984 3708 victoribus
1028 3658 1246 3706 Etruscis
1309 3659 1480 3706 tertiae
1514 3663 1691 3720 partes,
1712 3659 1887 3720 quibus
1907 3675 2007 3707 una
2034 3661 2195 3709 adhuc
2227 3667 2321 3709 ter-

229 3727 338 3773 iure
367 3725 587 3786 gentium
611 3722 788 3773 Italico
811 3722 1051 3772 Romanis
1080 3724 1244 3770 adem·
1309 3723 1379 3770 tia
1408 3737 1522 3784 pars
1540 3721 1709 3770 addita
1730 3728 1888 3770 totum
1911 3723 2136 3772 efficeret.
2203 3725 2323 3780 Quo

228 3796 338 3838 tam
359 3803 482 3846 esse,
501 3795 650 3850 atque
675 3788 748 3836 ita
767 3787 984 3836 evenisse
1005 3793 1061 3835 ut
1083 3788 1144 3835 de
1165 3786 1248 3834 tri·
1312 3786 1509 3848 quidem
1526 3786 1577 3834 in
1601 3787 1711 3834 loco
1732 3801 1807 3836 res
1828 3787 2217 3836 manifestissima
2232 3795 2322 3848 est,

229 3854 371 3916 ginta
395 3853 616 3900 tribubus
637 3852 878 3901 Servianis
901 3850 1068 3914 viginti
1089 3851 1248 3898 solum
1313 3866 1464 3912 quum
1503 3851 1675 3898 eodem
1716 3851 1877 3913 capite
1914 3851 2169 3901 obiiciatur
2205 3853 2323 3902 Cas-

231 3933 390 3979 usque
411 3917 476 3965 ad
501 3917 567 3966 U.
583 3917 642 3966 G.
666 3928 760 3980 ²⁵9
781 3920 1099 3978 superessent.
1312 3915 1402 3974 sio,
1422 3915 1507 3978 qui
1536 3917 1661 3963 duas
1692 3915 1805 3964 illas
1824 3917 1925 3978 agri
1952 3924 2121 3979 partes
2144 3915 2323 3964 Herni-

301 3996 332 4044 3
363 3983 464 4030 His
487 3982 860 4040 conditionibus]
915 3979 1184 4042 Dionysius
1205 3995 1248 4028 v.
1314 3979 1384 4028 cis
1422 3980 1689 4038 adememt,
1727 3981 1859 4042 quod
1900 3981 1960 4029 iis
1996 3983 2187 4031 tertiam
2224 3978 2326 4042 agri

237 4061 317 4109 35.
361 4051 584 4093 senatum
635 4044 916 4093 Romanum
958 4045 1253 4102 Porsennae,
1308 4051 1503 4108 partem
1522 4043 1799 4093 reddiderit.
1852 4044 2116 4102 Quomodo
2133 4044 2213 4092 hic
2230 4058 2325 4090 vox

237 4119 294 4158 ut
321 4109 440 4172 regi,
459 4110 637 4158 solium
659 4110 926 4158 eburneum
956 4107 1150 4169 aliaque
1181 4107 1253 4154 in-
1309 4115 1455 4170 parte
1491 4109 1715 4156 absolute
1758 4109 1957 4171 ponitur
1999 4125 2085 4171 pro
2128 4109 2329 4155 dimidia

237 4173 394 4237 signia
425 4173 622 4236 regalia,
644 4173 1056 4235 quemadmodum
1087 4171 1252 4219 Etrus·
1312 4179 1474 4233 parte,
1507 4173 1575 4220 sic
1612 4179 1663 4221 et
1695 4174 1829 4234 apud
1865 4173 2007 4222 ovid.
2042 4173 2246 4220 Metam.
2282 4186 2327 4218 v.

239 4253 326 4287 cos
358 4237 628 4298 Tarquinio
667 4237 850 4295 Prisco,
883 4251 1086 4285 munera
1117 4235 1253 4283 detu·
1318 4249 1427 4297 453.
1477 4239 1651 4300 Neque
1666 4237 1827 4284 adbuc
1841 4243 1981 4298 epota
2000 4241 2159 4296 parte.
2219 4234 2329 4282 Iam

241 4304 356 4352 lisse
377 4301 558 4350 scribit.
1320 4301 1470 4348 Ceres
1489 4300 1705 4362 aliquam
1738 4305 1927 4361 partem
1956 4299 2159 4356 biberat,
2182 4303 2237 4345 ut
2268 4313 2331 4345 ex

307 4383 339 4427 4
366 4367 573 4425 Cloelia]
610 4365 774 4414 Aliam
797 4365 1012 4414 fabulam
1029 4379 1109 4426 ap.
1127 4363 1257 4412 Plin.
1321 4369 1555 4412 contextu
1590 4363 1876 4412 narrationis
1912 4367 2085 4423 patet;
2126 4368 2179 4410 at
2212 4377 2329 4410 uon-
