3000 4784
899 217 1089 284 LIB.
1149 217 1201 283 L
1271 215 1492 282 CAP.
1554 221 1655 280 20.
2236 221 2320 282 25

225 348 640 450 dispensavit,
671 363 743 413 ut
773 363 998 437 quarto
1035 361 1102 414 et
1135 349 1438 450 vigesimo
1467 372 1635 414 anno
1664 348 1747 414 ad
1781 361 2013 414 metam
2053 349 2324 414 eandem

227 437 400 514 solia,
431 436 606 501 unde
634 437 758 503 orsi
793 450 1021 513 essent,
1051 436 1258 523 plenis
1291 459 1599 501 annorum
1630 437 1914 500 omnium
1942 437 2158 524 spatiis
2187 436 2326 500 dies

179 538 674 610 §congruerent
767 523 949 588 Idem
997 523 1266 588 nefastos
1304 523 1440 588 dies
1477 523 1794 609 fastosque
1822 523 1992 601 fecit,
2024 523 2176 610 quia
2210 522 2325 587 ali-

229 610 494 696 quando
541 610 704 674 nihil
747 633 894 675 cum
1029 609 1180 697 pulo
1225 609 1328 696 agi
1373 609 1531 674 utile
1581 610 1863 674 fiiturum
1910 624 2061 674 erat.
2152 609 2325 674 Tum
2445 632 2549 693 20,

230 696 666 761 sacerdotibus
737 719 924 761 ercan
975 697 988 710 “
1088 697 1370 760 animum
1434 696 1686 773 adiecit,
1757 719 2122 783 quanquam
2189 696 2325 783 ipse

229 783 512 870 plurima
555 806 730 848 sacra
775 784 1008 860 obibat,
1049 806 1126 847 ea
1169 782 1461 860 maxime,
1504 806 1667 870 quae
1717 805 1891 848 nunc
1940 783 2022 847 ad
2068 782 2325 847 Dialem

187 887 216 938 7
232 871 560 934 flaminem
592 871 928 957 pertinent.
1025 868 1170 947 Sed,
1211 870 1362 969 quia
1403 870 1472 934 in
1512 870 1765 934 civitate
1792 868 2089 934 bellicosa
2114 868 2327 956 plures

234 956 527 1057 Romuli,
571 979 763 1044 quam
805 956 1080 1034 Numae,
1125 954 1358 1021 simlles
1399 978 1580 1044 reges
1616 957 1883 1057 putabat
1914 956 2069 1035 fore,
2099 957 2327 1022 ituros-

232 1067 384 1194 ἓξ
389 1066 588 1194 12⁹3?ss
619 1043 758 1195 1³3¹.
768 1042 1138 1194 “aasz
1176 1065 1615 1194 rassae
1654 1041 2325 1216 ..ξᾝμ
2342 1130 2605 1180 ι...

235 1239 390 1280 eum
420 1229 591 1282 veste
651 1229 718 1281 et
774 1217 978 1280 curuli
1036 1216 1210 1303 regia
1265 1216 1418 1280 sella
1471 1215 1816 1280 edomavit.
1939 1214 2112 1281 Huic
2169 1215 2329 1280 duos

233 1303 529 1368 flamines
556 1302 822 1368 adiecit:
873 1303 1071 1367 Marti
1100 1325 1320 1379 unum,
1351 1301 1619 1366 alterum
1646 1301 1938 1376 Quirino.
2002 1300 2330 1402 Virgines-

283 1413 370 1454 ue
395 1388 628 1454 Vestae
655 1389 831 1476 legit,
856 1389 1028 1454 Alba
1054 1388 1396 1454 oriundum
1425 1387 1861 1465 sacerdotium,
1885 1400 1953 1452 et
1978 1401 2156 1475 gentl
2178 1409 2330 1451 con-

187 1484 222 1532 8
287 1476 464 1540 'toris
506 1476 680 1540 haud
727 1475 1022 1540 alienum.
1115 1475 1258 1553 His,
1300 1488 1373 1540 ut
1417 1474 1700 1540 assiduae
1749 1473 1969 1573 templi
2020 1474 2331 1538 antistites

235 1577 472 1640 essent,
517 1562 901 1662 stipendium
944 1561 1026 1626 de
1069 1562 1324 1649 publico
1365 1561 1615 1626 statuit:
1662 1560 2018 1711 vhffitate
2065 1560 2327 1648 aliisque

185 1671 222 1720 9
237 1650 639 1714 caerimonils
670 1648 1059 1714 venerabiles
1097 1671 1171 1713 ac
1207 1660 1450 1714 sanctas
1483 1648 1651 1712 fecit.
1856 1647 1946 1712 'os
1980 1647 2136 1712 item
2171 1647 2331 1712 duo·
2345 1643 2480 1709 Salii.

237 1736 456 1800 decim
477 1735 674 1800 Marti
699 1735 980 1800 Gradivo
1008 1735 1184 1823 legit,
1207 1736 1589 1822 tunicaeque
1618 1734 1823 1822 pictae
1853 1733 2099 1821 insigne
2130 1734 2329 1812 dedit,

237 1836 312 1888 et
353 1843 546 1910 super
587 1823 868 1887 tunicam
913 1845 1182 1888 aeneum
1229 1823 1468 1910 pectori
1520 1835 1855 1909 tegument
1910 1821 2331 1921 coelestiaque

197 1933 218 1966 1
241 1932 437 1985 m
493 1931 654 1996 quae
713 1908 943 1974 ancilia
991 1908 1405 1996 appellantur,
1451 1909 1635 1986 ferre,
1682 1930 1755 1972 ac
1809 1930 1924 1995 per
1964 1908 2188 1972 urbem
2238 1929 2330 1971 ire

238 2009 547 2060 canentes
563 2051 570 2060 .
585 1996 864 2060 earmina
899 2018 1044 2060 cum
1089 1995 1380 2082 tripudiis
1421 1994 1689 2059 sollenni
1736 2017 1817 2058 ue
1860 1993 2089 2059 saltatu
2129 1993 2327 2058 iussit.

192 2101 222 2135 2
241 2083 626 2147 Pontificem
683 2081 916 2147 deinde
971 2080 1252 2146 Numam
1300 2080 1637 2158 Marcium,
1778 2081 1905 2144 arci
1965 2079 2187 2160 filium,
2248 2103 2328 2144 ex
2348 2092 2592 2142 Pontifex.

239 2169 543 2234 Patribus
585 2169 760 2256 legit,
804 2169 865 2234 ei
911 2191 992 2233 ue
1035 2191 1208 2233 sacra
1249 2168 1464 2232 omnia
1510 2167 1823 2255 exscripta
1879 2167 2332 2254 exsignataque

241 2255 573 2332 attribuit;
629 2191 1142 2343 quibuszostiis,
1188 2255 1416 2342 quibus
1458 2254 1702 2332 diebus,
1748 2253 1832 2318 ad
1882 2276 2045 2341 quae
2096 2252 2335 2341 templa

315 2441 352 2492 6
387 2443 618 2503 Nam
649 2443 751 2491 am
780 2423 1056 2504 saum]
1121 2442 1260 2489 Fam
1325 2440 1460 2489 mut.
1480 2439 1533 2489 in
1556 2441 1744 2499 Numa,
1770 2455 1843 2490 10.
1866 2445 1917 2489 et
1938 2441 1998 2490 A.
2022 2441 2155 2491 (3011.
2177 2435 2212 2490 i.
2240 2455 2313 2490 η.

246 2507 356 2557 dies
385 2512 540 2565 erant,
572 2505 748 2568 quibus
783 2505 962 2554 licebat
991 2505 1086 2553 tria
1117 2506 1263 2554 verba

247 2572 471 2620 solennia
501 2569 609 2630 fari,
636 2572 732 2628 Do,
759 2571 899 2629 Dico,
925 2571 1141 2627 Addioo3
1175 2583 1262 2616 seu

249 2637 376 2685 ferre
395 2637 458 2684 de
478 2650 531 2684 re
551 2639 858 2682 controversa
875 2633 926 2681 in
955 2631 1137 2680 iudicio
1157 2647 1262 2680 sen·

248 2701 454 2749 tentiam
475 2717 490 2749 ε
521 2700 720 2760 nefasti,
739 2697 916 2760 quibus
945 2713 1043 2744 non
1069 2696 1262 2745 licebat.

249 2764 474 2814 Nefastis
504 2769 670 2812 autem
703 2763 874 2810 diebus
909 2761 988 2823 agi
1024 2775 1138 2808 cum
1179 2775 1264 2822 po-

246 2829 370 2892 pulo
409 2844 510 2877 non
549 2831 754 2890 poterat,
785 2825 817 2873 i.
844 2841 886 2874 e.
921 2825 1134 2887 populus
1165 2839 1265 2872 non

247 2899 444 2956 poterat
485 2893 536 2940 in
579 2891 860 2953 suffragium
909 2887 1054 2937 mitti.
1103 2888 1264 2938 caer.

249 2957 330 3009 Cf·
355 2957 502 3008 ovid.
526 2955 569 3004 F
569 2961 658 3004 ast.
681 2954 712 3004 i.
737 2965 814 3016 47.

333 3033 360 3084 7
399 3023 670 3070 Flaminem
720 3019 940 3078 Dialem]
993 3032 1060 3066 sc.
1105 3013 1264 3064 Iovia-

247 3087 372 3146 lem,
395 3085 482 3147 qui
514 3082 711 3145 reliquis
740 3081 976 3145 dignitate
1005 3081 1265 3129 antecelle-

248 3152 352 3199 bat.
427 3151 674 3198 Flamina
704 3153 842 3194 erant
873 3147 1144 3194 sacerdotes
1179 3143 1266 3192 uni

250 3214 403 3264 alicui
423 3212 613 3261 numini
633 3211 835 3270 addicti,
855 3216 906 3258 et
927 3209 1131 3258 maiores
1147 3208 1265 3257 Dia-

252 3279 334 3337 lis,
355 3277 678 3334 Martialiaet
696 3274 980 3334 Quirinalis,
1001 3274 1177 3336 quibus
1193 3273 1266 3320 xii

253 3343 468 3390 minores
486 3339 640 3389 additi
661 3344 776 3388 sunt
791 3338 932 3386 variis
952 3337 1268 3399 temporibus,

254 3405 406 3454 etiam
421 3407 474 3454 in
488 3405 724 3452 honorem
741 3403 1114 3464 Imperatorum.
1169 3403 1268 3462 Ap-

255 3470 430 3533 pellati
451 3470 523 3518 ita
542 3469 805 3517 creduntur
825 3466 902 3514 vel
923 3481 955 3513 a
963 3467 1056 3528 filo
1076 3480 1142 3513 sc.
1152 3467 1270 3525 fila-

253 3535 428 3583 mentis
471 3532 643 3590 laneis,
683 3529 867 3588 infulis,
904 3529 1079 3590 quibus
1121 3527 1269 3591 caput

255 3599 567 3716 armat
549 3594 1270 3719 ..affinga

569 3695 584 3718 5
1255 3690 1272 3714 9

253 3727 417 3787 apice,
434 3723 629 3786 proprio
646 3722 924 3770 Flaminum
939 3719 1128 3783 insigni.
1153 3718 1271 3767 Dio-

255 3805 363 3852 nys.
379 3789 428 3837 ii.
446 3787 526 3848 64.
550 3793 600 3835 et
622 3786 754 3835 Plut.
774 3786 960 3844 Numa,
981 3796 1022 3846 7.
1045 3783 1128 3845 qui
1152 3783 1270 3831 Dia-

257 3855 360 3902 lem
383 3859 434 3901 et
457 3851 736 3900 Martialem
757 3849 856 3898 iam
876 3865 908 3897 a
924 3849 1142 3897 Romulo
1158 3863 1270 3909 pro-

256 3919 399 3976 ditos,
418 3917 572 3977 iisque
598 3913 904 3970 Quirinalem
930 3929 963 3961 a
987 3913 1159 3960 Numa
1189 3911 1271 3959 ad-

255 3981 444 4030 iectum
465 3980 600 4028 dicit.
635 3979 763 4027 Bur.

333 4048 366 4094 8
399 4045 692 4104 Conditor-ie]
759 4041 913 4091 Cuius
953 4055 1130 4103 nempe
1170 4053 1272 4087 ma-

259 4115 336 4160 ter
358 4109 505 4159 Rhea
523 4109 683 4156 fuerat
702 4107 808 4168 ipsa
831 4105 1044 4154 Vestalis
1065 4106 1272 4153 Albma.

261 4177 446 4236 Legem
472 4175 678 4222 Vestales
698 4169 960 4220 solenniter
979 4169 1162 4218 dictum
1185 4173 1272 4216 est.

267 4237 526 4286 uben-ime
558 4238 620 4285 de
651 4237 746 4284 hac
780 4233 1052 4282 Vestalium
1087 4232 1274 4280 institu-

265 4301 400 4350 tione
414 4301 637 4350 disseruit
654 4301 858 4362 Dionys.
875 4298 922 4346 ii.
937 4295 1018 4359 65,
1030 4303 1178 4362 atque
1193 4293 1276 4344 ea's

265 4365 366 4414 iam
389 4381 420 4413 a
439 4365 656 4414 Romulo
683 4363 929 4412 institutas
956 4366 1130 4410 narrat.
1195 4360 1272 4411 cf.

1393 2519 1425 2568 9
1454 2505 1635 2564 Salios]
1708 2507 1752 2552 A
1786 2505 2010 2554 saltando
2046 2506 2115 2554 sic
2147 2505 2334 2554 dictos:

1325 2583 1450 2629 quae
1482 2567 1677 2615 saltatio
1699 2583 1865 2616 eorum
1900 2567 2071 2616 similis
2094 2575 2197 2616 erat
2228 2570 2336 2642 rup-

1325 2630 1496 2695 ρίχιιιε,
1530 2631 1729 2680 armatis
1764 2631 2063 2680 Graecorum
2100 2632 2337 2694 tripudiis.

1328 2697 1462 2744 Plut.
1499 2695 1687 2754 Numa,
1725 2709 1801 2755 ιο,
1830 2709 1903 2757 13.
1967 2696 2183 2745 Martem
2216 2698 2340 2745 Gra-

1327 2761 1492 2808 divum
1509 2759 1760 2822 explicant
1778 2760 1853 2807 vel
1865 2761 2184 2822 gradientem,
2196 2759 2340 2822 impr.

1327 2823 1426 2872 acri
1446 2823 1637 2885 impetu
1658 2823 1711 2871 in
1732 2823 1938 2884 hostem,
1960 2820 2147 2886 (θοῦρον
2187 2823 2341 2888 Ama)

1330 2888 1407 2936 vel
1451 2885 1770 2950 κραδαίνοντα,
1812 2889 1891 2937 vel
1932 2904 2133 2950 ,pravom
2181 2891 2341 2948 deuna,

1329 2953 1406 3000 vel
1422 2955 1647 3064 qrssmt'no
1667 2957 1843 3002 ortum.
1888 2951 2041 3002 Mitto
2061 2951 2185 3001 alias
2204 2952 2341 3016 inep-

1327 3015 1434 3064 tias.
1526 3029 1602 3066 σι’.

1397 3094 1418 3128 1
1453 3080 1679 3139 Aneilia]
1737 3079 1815 3130 Cf.
1846 3079 1939 3129 Ov.
1970 3081 2101 3129 Fast-
2132 3079 2199 3129 iii.
2232 3092 2340 3143 370.

1329 3144 1564 3193 Finxerat
1578 3145 1709 3192 enim
1730 3143 1899 3192 Numa
1912 3143 2113 3192 missum
2127 3144 2191 3192 de
2204 3146 2343 3194 coelo

1328 3209 1392 3256 ab
1431 3207 1609 3270 Egeria
1644 3214 1836 3256 scutum
1873 3209 2137 3269 quoddam,
2170 3209 2345 3271 pignus

1328 3271 1583 3384 ffirffiffiuf
1592 3271 1832 3383 stilletffiius
1861 3271 2343 3384 stilmilituddlnenfigbne

1491 3351 1523 3382 a
1576 3351 1603 3383 e
1757 3369 1773 3394 ‚
1806 3351 1871 3383 un
1907 3351 2032 3384 emm
2136 3351 2170 3384 a
2282 3352 2341 3384 n·

1333 3401 1490 3448 canda
1512 3405 1779 3458 curaverat,
1790 3415 1917 3461 quae
1932 3399 2053 3447 Salii
2073 3403 2343 3450 servabant.

1335 3463 1480 3512 Haec
1521 3463 1717 3522 ancilia,
1750 3479 1837 3512 seu
1876 3463 2039 3525 potius
2070 3464 2282 3526 ancylia,
2314 3480 2346 3512 a

1331 3529 1364 3576 fi
1499 3527 1695 3575 sinuosa
1708 3528 1962 3590 appellata
1976 3533 2104 3578 eunt.
2144 3529 2278 3578 Plut.
2293 3528 2345 3576 in

1389 3606 1522 3648 uma,
1544 3605 1617 3653 13.

1405 3670 1434 3703 α
1474 3657 1625 3704 Ponti
1761 3657 1784 3715 ]
1848 3654 1919 3703 Et
1950 3653 2147 3716 quidem
2178 3657 2345 3704 Mam·-

1333 3735 1482 3778 mmn,
1510 3719 1551 3766 si
1583 3733 1615 3766 a
1637 3719 1664 3730 ''
1722 3720 1845 3768 fides
1873 3719 2117 3778 habenda,
2138 3719 2221 3780 qui
2252 3724 2346 3767 tra-

1335 3784 1475 3841 dunt,
1489 3789 1680 3844 praeter
1695 3799 1807 3832 eum
1824 3788 2053 3845 quattuor
2065 3783 2347 3840 Pontifices,

1335 3862 1513 3908 eosque
1552 3846 1793 3909 patricios,
1830 3863 1863 3895 a
1897 3846 2067 3896 Numa
2102 3847 2349 3894 institutos

1336 3927 1456 3961 esse.
1490 3911 1566 3961 cf.
1584 3911 1787 3974 Dionys.
1803 3911 1853 3960 ii.
1872 3922 1947 3973 73.
1964 3926 2030 3960 m
2041 3923 2117 3972 45.
2154 3909 2349 3966 Quibus

1341 3975 1406 4025 U.
1435 3977 1493 4025 C.
1526 3993 1557 4035 4
1591 3990 1633 4024 2.
1669 3981 1897 4038 quattuor
1927 3990 1957 4023 e
1992 3975 2137 4037 plebe
2168 3974 2346 4022 adiecti

1335 4039 1444 4088 infr.
1467 4055 1517 4088 x.
1590 4059 1605 4096 ;
1633 4044 1685 4088 et
1715 4040 1891 4088 deinde
1922 4044 2109 4100 septem
2138 4053 2171 4086 a
2192 4038 2345 4087 Sulla.

1337 4103 1529 4152 Vocem
1548 4105 1827 4152 Mea-imum
1848 4102 2016 4152 Livius
2034 4101 2245 4150 adiicere
2264 4101 2347 4148 de-

1337 4183 1473 4216 mum
1506 4167 1669 4231 coepit
1696 4168 1811 4216 inde
1839 4181 1871 4214 a
1890 4166 1956 4215 iii.
1981 4181 2056 4227 24.
2091 4165 2348 4224 omisitque

1340 4232 1488 4280 etiam
1518 4231 1566 4280 ii.
1598 4247 1641 4281 2.
1665 4237 1715 4280 et
1746 4243 1820 4292 27.
1876 4230 1953 4280 cf.
1980 4230 2096 4278 Var.
2119 4228 2183 4276 de
2205 4229 2263 4277 L.
2289 4227 2369 4276 1..‘

1337 4296 1400 4346 iv.
1438 4297 1569 4346 Rm‘.
