3000 4784
833 204 1025 271 LIB.
1074 204 1190 271 VI.
1258 206 1481 271 CAP.
1529 213 1591 271 4.
2143 212 2268 273 353

130 338 377 405 victor.
470 340 697 427 Longe
738 340 1045 426 plurimos
1074 339 1359 427 captivos
1394 363 1479 405 ex
1511 340 1794 405 Etruscis
1822 352 1972 405 ante
2007 363 2264 407 currum
2287 356 2354 406 υ.
2376 357 2436 407 c.
2461 356 2571 418 366.

130 426 365 491 duxit.
434 424 688 503 Quibus
710 428 827 491 sub
846 424 1027 491 hasta
1047 424 1447 505 venundatis,
1468 439 1720 491 tantum
1749 428 1909 492 aeris
1937 427 2266 493 redactum
2282 422 2344 470 A.
2379 422 2437 472 0·
2463 418 2572 484 386.

130 526 268 589 est,
326 524 421 590 ut,
466 514 671 600 pretio
715 535 833 599 pro
874 535 1029 577 auro
1074 513 1377 578 matronis
1418 513 1763 600 persoluto,
1809 536 1891 578 ex
1945 536 2042 592 eo,
2089 514 2266 615 quod

132 612 504 686 supererat,
535 613 663 666 tres
738 611 945 664 aterae
974 622 1201 664 aureae
1230 600 1431 665 factae
1477 600 1640 665 sintz
1689 623 1865 687 quas,
1898 623 2046 665 cum
2077 600 2265 666 t1tulo

81 705 113 753 7
135 686 439 750 nominis
472 684 661 750 Carni
711 685 750 761 ⁰,
782 697 931 749 ante
977 684 1371 771 Capitolium
1410 686 1744 751 incensum
1785 678 1853 749 in
1895 686 2066 752 Iovis
2105 687 2266 751 cella

134 784 411 837 constat
436 785 584 837 ante
612 770 811 859 pedes
839 770 1105 835 Iunonis
1126 770 1363 859 positas
1389 772 1598 837 fiiisse.

241 856 350 922 Eo
380 880 551 923 anno
598 857 668 921 in
696 857 1015 923 civitatem
1060 880 1207 922 acce
1254 858 1324 935 ti,
1355 859 1469 945 qui
1497 858 1870 923 Veientium
1917 858 2264 947 Capenati-

136 967 403 1030 umque
424 968 497 1011 ac
516 944 899 1009 Faliscorum
966 966 1037 1009 er
1052 966 1130 1008 ea
1148 945 1229 1008 be
1277 967 1318 1010 a
1334 945 1796 1031 transfugerant
1815 946 1898 1010 ad
1917 946 2261 1023 Romanos,

138 1053 439 1117 agerque
478 1030 555 1095 iis
592 1031 775 1095 novis
801 1030 925 1095 civi
970 1054 1045 1095 us
1086 1029 1453 1115 assignatus.
1549 1031 1854 1096 Revocati
1885 1055 2020 1181 aluo
2067 1056 2148 1097 ue
2193 1033 2264 1098 in

140 1118 387 1181 urbem
444 1116 989 1182 senatusconsulto
1045 1138 1086 1181 a
1142 1115 1343 1195 Veiis,
1404 1118 1516 1204 qui
1576 1118 1884 1182 aedifican
1936 1120 1948 1132 '
2081 1141 2262 1183 omae

83 1224 119 1269 8
196 1203 436 1290 igritia,
478 1203 802 1289 occupatis
854 1203 947 1267 ibi
984 1202 1199 1267 vacuis
1235 1204 1436 1282 tectis,
1478 1202 1678 1269 Veios
1727 1226 1794 1269 se
1836 1203 2256 1270 contulerant.

214 1303 247 1353 t
277 1288 488 1375 primo
508 1289 796 1354 fremitus
815 1289 938 1353 fuit
954 1290 1429 1376 aspernantium
1450 1290 1824 1377 imperium:
1871 1290 2008 1355 dies
2024 1290 2260 1355 deinde

141 1376 534 1463 praestituta
550 1376 959 1463 capitalisque
987 1398 1214 1462 poena,
1232 1376 1347 1463 qui
1376 1399 1510 1441 non
1539 1376 1935 1463 remigrasset
1965 1376 2260 1454 Romam,

142 1485 239 1526 ex
288 1461 603 1527 ferocibus
630 1461 937 1526 universis
974 1460 1274 1549 singulos,
1307 1475 1486 1527 metu
1515 1485 1631 1527 suo
1664 1485 2010 1551 quemque,
2042 1463 2263 1528 obedi-

140 1561 342 1613 entes
370 1546 539 1613 fecit.
634 1547 724 1613 Et
752 1548 962 1613 Roma
999 1570 1203 1634 quum
1229 1548 1323 1613 fre
1368 1549 1591 1615 uentia
1617 1572 1916 1628 crescere,
1948 1563 2087 1614 tum
2133 1563 2265 1615 tota

142 1633 351 1699 simul
384 1656 723 1721 exsurgere
753 1632 1077 1711 aedificiis,
1108 1646 1175 1699 et
1201 1657 1361 1722 repu
1404 1634 1528 1701 lica
1554 1636 1871 1723 impensas
1899 1636 2260 1713 adiuvante,

142 1736 225 1786 et
284 1720 597 1786 aedilibus
652 1720 833 1785 velut
885 1720 1214 1807 publicum
1286 1722 1690 1809 exigentibus
1749 1746 1927 1810 opus,
1988 1736 2056 1788 et
2111 1723 2264 1811 ipsis

142 1807 421 1895 privatis
446 1806 860 1892 (admonebat
886 1806 1063 1871 enim
1089 1806 1477 1872 desiderium
1506 1808 1688 1895 usus)
1709 1809 2153 1875 festinantibus
2179 1808 2264 1875 ad

144 1894 463 1959 effectum
490 1892 735 1980 operis:
770 1892 1063 1979 intraque
1092 1916 1332 1958 annum
1362 1917 1529 1960 nova
1556 1896 1706 1960 urbs
1731 1897 1925 1961 stetit.

248 1978 455 2045 Exitu
496 1980 649 2044 anni
682 1979 940 2045 comitia
982 1979 1381 2045 tribunorum
1412 1980 1689 2046 militum
1736 1982 2052 2047 consulari
2081 1996 2263 2070 pote-
2283 1995 2351 2046 U.
2375 1994 2434 2045 c,
2459 1993 2570 2058 367·

144 2078 323 2131 state
343 2064 575 2131 habita.
668 2064 885 2129 Creati
908 2065 987 2130 T.
1016 2065 1361 2139 Quinctius
1383 2065 1829 2146 Cincinnatus,
1853 2067 1935 2143 Q„
1963 2068 2264 2133 Servilius
2283 2061 2343 2143 Α,-
2377 2060 2437 2109 ⁰·
2460 2060 2573 2134 3⁸⁵·

148 2152 439 2217 Fidenas
477 2151 795 2239 quintum,
827 2151 903 2216 L.
926 2150 1127 2217 lulius
1171 2151 1369 2231 Iulus,
1402 2152 1479 2217 L.
1515 2151 1582 2217 A
1627 2153 1842 2219 ufflius
1885 2152 2152 2231 corvus,
2184 2154 2260 2218 L.
2283 2124 2594 2246 {aoffeffin

150 2238 504 2303 Lucretius
544 2236 983 2325 TricipitinuS,
1018 2238 1150 2304 Ser.
1190 2238 1518 2326 Sulpicius
1633 2240 1794 2304 ufus.
1889 2240 2263 2305 Exercitum
2284 2248 2398 2300 Mil.

92 2348 131 2397 9
152 2325 433 2389 alterum
462 2324 529 2389 in
560 2324 845 2411 AequoS,
875 2348 1011 2389 non
1038 2325 1123 2391 ad
1149 2324 1409 2402 bellum,
1440 2325 1672 2413 (victos
1701 2348 1978 2413 namque
2007 2350 2075 2391 se
2105 2326 2262 2391 fate-

152 2409 449 2497 bantur,)
476 2410 591 2476 sed
618 2412 699 2476 ab
727 2410 879 2477 odio
910 2412 993 2476 ad
1020 2412 1469 2498 pervastandos
1488 2412 1670 2489 fines,
1701 2436 1784 2477 ne
1810 2412 1968 2498 quid
1997 2413 2080 2477 ad
2100 2434 2269 2478 nova

152 2497 428 2564 consilia
472 2497 909 2585 relinquerent
952 2498 1204 2575 virium,
1258 2497 1540 2562 duxere:
1605 2498 1874 2564 alterum
1924 2500 1995 2563 in
2042 2520 2264 2585 agmm

155 2584 225 2651 T
342 2584 715 2649 uiniensem.
806 2582 907 2649 Ibi
936 2584 1174 2672 oppida
1198 2584 1631 2661 Etruscorum,
1656 2583 1972 2649 Cortuosa
1999 2598 2068 2651 et
2088 2582 2267 2649 Con-

156 2686 315 2737 tene
358 2694 446 2749 ra,
494 2670 561 2735 vi
604 2694 682 2735 ca
726 2686 792 2735 ta
848 2670 993 2737 diru
1103 2694 1205 2736 ue.
1297 2670 1410 2735 Ad
1473 2669 1852 2736 Cortuosam
1913 2671 2073 2736 nihil
2127 2694 2265 2736 cer-

156 2757 419 2823 taminis
440 2757 576 2822 fuit.
705 2757 1020 2845 inproviso
1122 2757 1263 2833 orti,
1282 2757 1490 2844 primo
1513 2757 1786 2823 clamore
1807 2772 2002 2845 atque
2019 2758 2266 2844 impetu

155 2866 425 2996 cepere:
475 2843 795 2930 direptum
848 2844 1157 2930 oppidum
1197 2856 1389 2931 atque
1434 2844 1766 2909 incensum
1811 2857 1924 2909 est.
2021 2844 2265 2910 Conte-

156 2954 247 2996 ne
294 2953 365 2994 ra
391 2952 627 3017 paucos
660 2929 798 2993 dies
827 2930 1367 3017 oppugnationem
1398 2930 1732 3007 sustinuit3
1779 2930 1956 2997 labor
2001 2954 2081 2997 ue
2113 2954 2266 2997 con-

156 3019 402 3093 tinuus,
433 3040 563 3080 non
593 3015 699 3080 die
730 3038 862 3079 non
890 3027 1078 3081 nocte
1108 3017 1422 3093 remissuS,
1440 3018 1692 3104 subegit
1719 3040 1846 3083 eos.
2012 3041 2165 3083 uum
2195 3018 2264 3083 in

106 3138 129 3173 1
155 3126 279 3169 sex
308 3116 517 3190 partes
545 3101 783 3166 divisus
812 3102 1129 3167 exercitus
1170 3103 1502 3168 Romanus
1531 3105 1698 3169 senis
1741 3104 1914 3169 horis
1943 3106 2013 3167 in
2042 3106 2260 3169 orbem

100 3224 131 3257 2
154 3189 534 3255 succederet
565 3187 828 3276 proeli0‚
867 3188 1215 3275 oppidanos
1254 3189 1512 3254 eosdem
1553 3190 1803 3274 integro
1837 3212 2088 3276 semper
2125 3211 2262 3253 cer-

156 3276 389 3343 tamini
418 3276 702 3363 paucitas
742 3274 934 3355 fessos
964 3274 1308 3351 obiiceret3
1356 3296 1599 3339 cessere
1645 3274 1924 3350 tandem,
1955 3274 2262 3361 locusque

156 3362 510 3429 invadendi
553 3363 777 3427 urbem
810 3360 1119 3425 Romanis
1160 3360 1347 3425 datus
1390 3372 1500 3425 est.
1594 3359 1917 3425 Publicari
1961 3359 2263 3447 praedam

156 3449 436 3516 tribunis
463 3447 787 3536 placebat:
836 3447 951 3512 sed
990 3446 1349 3534 imperium,
1383 3468 1577 3533 quam
1621 3446 1978 3524 consilium,
2007 3446 2264 3533 segnius

234 3654 263 3705 7
295 3644 427 3693 Ante
447 3643 745 3717 Capitolium
766 3642 1043 3701 {nemum}
1075 3640 1183 3715 syl-
1249 3654 1377 3698 rum,
1411 3638 1495 3701 qui
1539 3654 1694 3701 usque
1737 3639 1788 3686 in
1823 3637 2078 3703 Apuliam,
2117 3636 2266 3689 Italia

160 3707 295 3757 lanis
322 3708 639 3769 temporibus,
660 3706 719 3755 L.
745 3704 975 3755 Cornelio
998 3704 1183 3766 Scipio-
1249 3706 1544 3765 pervastata,
1577 3708 1912 3765 pervaserunt,
1937 3702 2035 3751 vim
2073 3705 2265 3767 Aequo-

160 3788 231 3821 ne
258 3776 309 3819 et
328 3771 387 3820 C.
413 3770 649 3819 Norba-no
672 3770 807 3819 Coss.
835 3768 904 3818 U.
926 3768 986 3819 G.
1010 3765 1043 3817 6
1108 3804 1120 3816 .
1248 3782 1359 3815 rum
1410 3766 1701 3816 contuderit.
1759 3766 1962 3817 Diodor.
2011 3766 2109 3817 xiV.
2159 3780 2264 3832 117.

233 3836 265 3883 8
299 3834 401 3895 lbi]
454 3848 518 3883 sc.
565 3832 717 3882 Veiis.
788 3832 850 3881 In
891 3830 1011 3895 quib
1252 3830 1426 3880 lustin.
1451 3846 1533 3881 xx.
1559 3844 1602 3893 5.
1639 3830 1844 3880 Niebhr.
1867 3830 1916 3881 ii.
1942 3848 1989 3895 p.
2014 3834 2120 3894 580.

164 3898 313 3949 codd.
338 3900 427 3946 sihi
458 3897 721 3957 invenitur,
744 3898 831 3945 sed
860 3896 1021 3959 prima
1042 3895 1185 3945 litera
1318 3910 1335 3943 ι
1374 3896 1516 3945 Senis
1550 3898 1682 3945 horis
1716 3898 1773 3944 in
1803 3898 1961 3946 orhem
1991 3898 2266 3946 succederet

164 3964 257 4011 τοῦ
270 3963 361 4011 sibe·
378 3962 588 4024 repetita
608 3976 713 4011 ease
732 3965 895 4024 potest
910 3976 973 4009 ex
991 3974 1181 4022 praece·
1242 3960 1453 4033 proelio]
1494 3960 1575 4008 Ita
1607 3964 1880 4022 capesseret
1915 3959 2175 4022 proelium,
2209 3964 2266 4031 ut

166 4026 335 4077 dentis
352 4026 509 4085 finali,
529 4030 587 4074 ut
607 4025 726 4075 alibi
749 4025 821 4074 fit.
856 4024 1032 4074 ΒΗΚ.
1248 4040 1298 4072 m
1337 4024 1529 4086 singula
1569 4038 1795 4073 senarum
1839 4024 2066 4073 horarum
2105 4026 2266 4082 spatia

235 4106 268 4156 9
288 4092 505 4155 Aequos]
528 4090 726 4140 Ultima
745 4089 869 4139 haec
884 4088 1071 4138 mentio
1090 4089 1183 4136 Ae-
1248 4088 1467 4151 singulae
1505 4088 1746 4138 exercitus
1780 4092 1943 4149 partes
1979 4084 2070 4133 sibi
2104 4084 2156 4131 in
2193 4097 2266 4129 or-

164 4170 375 4218 qnorum
413 4170 549 4203 arma
588 4160 759 4203 contra
792 4154 1046 4203 Romanos
1083 4166 1185 4200 mo-
1249 4152 1363 4200 bem
1385 4153 1716 4201 succederent.
1750 4151 1912 4200 Casv.

170 4218 409 4278 ventium,
437 4234 593 4281 usque
624 4220 689 4267 ad
721 4218 909 4267 bellum
938 4216 1185 4267 Romano·
1318 4230 1344 4264 ²
1378 4218 1580 4277 [myro
1611 4215 1824 4278 emper]
1883 4212 2087 4273 Semper
2121 4224 2269 4269 novo,

166 4299 281 4335 rum
306 4298 416 4331 cum
434 4282 737 4332 Samnitibus
756 4280 1027 4330 seeundum
1049 4280 1185 4329 U.C.
1251 4280 1303 4327 in
1330 4294 1429 4341 quo
1456 4294 1650 4341 semper
1679 4280 1911 4326 adversus
1940 4276 2152 4337 integros
2183 4274 2268 4322 ho-

169 4362 289 4411 449.
364 4346 520 4396 Haud
548 4346 649 4396 scio
680 4362 745 4396 an
778 4346 992 4408 impetus
1017 4344 1188 4393 Gallo-
1254 4346 1352 4392 stes
1372 4341 1708 4391 dimicandum
1729 4344 1871 4389 esset.
1905 4341 2070 4389 Casv,

262 4428 411 4473 VOL-
446 4430 487 4474 1.
1805 4422 1852 4465 A
1887 4423 1927 4465 8
