3000 4784
822 218 1015 285 LIB.
1073 216 1195 285 111.
1264 216 1487 285 CAP.
1553 223 1648 283 13.
2163 176 2280 285 iel
2343 208 2350 222 '

165 352 477 419 ferebant.
580 352 918 418 Premebat
947 376 1146 431 reum,
1179 368 1431 441 praeter
1457 354 1778 441 vulgatam
1806 353 2130 433 invidiam,
2161 358 2284 421 cri-
2305 368 2371 419 U.
2397 370 2456 418 c.
2481 382 2590 433 293.

166 460 313 501 men
368 460 626 515 unum3
686 440 860 525 quod
906 440 1004 503 M.
1059 440 1351 505 Volscius
1400 440 1630 516 Fictor,
1678 440 1793 525 qui
1843 454 1992 505 aute
2039 442 2283 528 aliquot
2299 432 2360 481 A.
2395 432 2454 481 c·
2479 445 2590 496 459·

165 546 364 587 annos
420 526 727 588 tribunus
776 525 981 611 plebis
1030 526 1253 602 fuerat,
1304 526 1480 589 testis
1533 526 1877 602 exstiterat,
1929 535 1950 563 ‘
1971 526 2054 591 Se
2105 527 2280 592 haud
2408 499 2507 558 13·

166 618 185 645 ‘
202 609 406 673 multo
430 623 611 696 post,
636 632 825 709 quam
938 609 1217 675 stilentia
1242 612 1313 675 in
1334 612 1489 675 urbe
1519 612 1742 687 fuerat,
1768 611 1836 673 in
1859 612 2276 691 iuventutem,

120 724 145 756 α
166 702 185 730 ‘
464 710 607 759 tem
650 718 719 759 in
764 696 851 759 Su
897 719 1029 773 ura,
1072 696 1384 760 incidisse.
1478 695 1578 761 Ibi
1623 698 1825 761 rixam
1861 711 2074 761 natam
2120 721 2275 777 esse,

162 789 181 816 ‘
198 717 605 867 {Ztremque
648 803 835 845 suum
879 782 1183 845 maiorem
1222 795 1395 857 natu,
1436 783 1714 846 necdum
1756 805 1840 847 ex
1875 784 2094 848 morbo
2129 786 2278 849 satis

162 874 183 901 ‘
198 866 511 943 validum,
546 890 767 953 pugno
806 867 1005 931 ictum
1034 868 1113 931 ab
1146 866 1443 931 Kaesone
1484 868 1783 933 cecidisse
1814 870 2269 935 semianimem.

164 950 382 1015 ‘Inter
414 974 655 1016 manus
684 952 946 1016 domum
976 951 1273 1027 ablatum,
1298 968 1748 1040 mortuumque
1775 954 1926 1019 inde
1956 957 2268 1021 arbitrari:

164 1045 317 1100 ‘nec
340 1038 469 1103 sibi
504 1062 647 1103 rem
676 1037 940 1122 exsequi
965 1049 1096 1100 tam
1126 1051 1399 1101 atrocem
1428 1061 1546 1124 per
1565 1040 1854 1105 consules
1875 1043 2272 1128 superiorum

164 1130 183 1159 ‘
198 1145 525 1187 annorum
565 1124 856 1187 licuisse.’
944 1121 1127 1186 Haec
1157 1120 1413 1187 Volscio
1442 1124 1824 1203 clamitante,
1856 1127 2016 1192 adeo
2057 1129 2272 1193 conci-

161 1209 273 1271 tati
318 1209 627 1275 homines
670 1223 835 1286 sunt,
882 1222 957 1273 ut
998 1207 1173 1271 haud
1215 1207 1487 1272 multum
1533 1210 1777 1288 afuerit,
1823 1213 1982 1297 quin
2023 1214 2273 1300 impetu

158 1294 379 1379 populi
430 1296 658 1360 Kaeso
702 1296 1005 1359 interiret.
1098 1293 1427 1380 Virginius
1466 1296 1658 1394 arripi
1700 1296 1879 1360 iubet
1923 1298 2268 1376 hominem,

161 1392 223 1441 et
252 1380 321 1442 in
352 1381 623 1445 vincula
650 1381 833 1445 duci:
882 1381 1127 1467 patricii
1156 1394 1379 1444 contra
1405 1380 1471 1443 vi
1498 1394 1814 1445 resistunt.
1907 1383 1985 1446 T.
2025 1382 2271 1457 Quinc-

160 1464 285 1528 tius
330 1466 650 1544 clamitat,
690 1476 709 1504 ‘
733 1466 861 1531 Cui
906 1468 998 1530 rei
1040 1466 1327 1553 capitalis
1370 1466 1508 1530 dies
1550 1466 1722 1530 dieta
1763 1468 1862 1544 sit,
1904 1480 1972 1531 et
2013 1469 2094 1533 de
2141 1491 2271 1555 quo

168 1558 187 1585 ‘
202 1550 495 1615 futurum
550 1552 923 1640 propediem
968 1552 1297 1628 iudicium,
1344 1574 1493 1616 eum
1543 1552 1984 1617 indemnatum
2029 1554 2274 1619 indicta

165 1643 185 1671 ‘
202 1658 391 1701 causa
436 1661 580 1703 non
619 1638 851 1703 debere
896 1637 1153 1701 violari?
1242 1637 1568 1702 Tribunus
1607 1646 1626 1675 ⁶
1641 1638 2039 1725 supplicium’
2075 1654 2271 1740 negat

126 1752 153 1797 3
170 1728 187 1757 ‘
204 1738 617 1810 sumpturum
656 1748 723 1788 se
763 1724 844 1788 de
888 1724 1295 1799 indemnat03
1342 1736 1736 1787 servaturum
1773 1737 1992 1789 tamen
2025 1726 2096 1789 in
2129 1750 2271 1791 vm·-

170 1808 361 1872 ‘culis
391 1832 535 1875 esse
568 1810 651 1874 ad
686 1810 906 1874 iudicii
936 1809 1143 1875 diem:
1192 1826 1281 1887 ut,
1314 1810 1427 1896 qui
1455 1810 1784 1873 hominem
1812 1812 2153 1890 necaverit,
2183 1813 2268 1877 de

170 1900 187 1929 ‘
205 1916 281 1957 eo
298 1896 607 1983 supplicii
628 1896 921 1960 sumendi
942 1896 1125 1983 copia
1140 1895 1377 1994 populo
1400 1895 1696 1959 Romano
1719 1896 1867 1960 fiat!
1942 1898 2270 1997 Appellati

126 1978 407 2049 4t1ibuni
438 1982 661 2047 medio
689 1982 945 2046 decreto
984 1981 1083 2045 ius
1110 1980 1331 2045 auxilii
1360 1981 1459 2044 sui
1486 1982 1874 2068 expediunt:
1922 1984 1991 2047 in
2019 1984 2272 2049 vincula

168 2067 395 2131 coniici
456 2081 719 2133 vetant:
796 2068 928 2131 sisti
999 2090 1198 2143 reum,
1257 2068 1745 2155 pecuniamque,
1803 2069 1927 2132 nisi
1994 2070 2268 2147 sistatur,

170 2153 405 2237 populo
434 2154 747 2241 promitti,
777 2152 1026 2239 placere
1066 2152 1497 2239 pronuntiant.
1591 2152 1920 2218 Summam
1959 2156 2268 2241 pecuniae

170 2252 473 2321 quantam
509 2262 785 2339 aequum
814 2252 981 2303 esset
1008 2237 1310 2324 promitti,
1340 2239 1634 2304 veniebat
1661 2240 1730 2303 in
1753 2239 2048 2304 dubium:
2095 2240 2166 2304 id
2185 2240 2270 2304 ad

172 2338 461 2389 senatum
516 2326 813 2389 reiicitur.
908 2323 1104 2398 Reus,
1150 2322 1306 2387 dum
1350 2320 1832 2389 consulerentur
1883 2326 2124 2403 Patre&
2169 2349 2271 2391 re-

132 2391 383 2487 {tentus
424 2412 502 2475 in
582 2411 791 2476 ublico
827 2420 940 2474 est.
1031 2407 1247 2475 Vades
1288 2408 1437 2472 dare
1481 2409 1753 2496 placuit:
1803 2434 2006 2474 unum
2039 2412 2272 2475 vadem

178 2493 367 2559 tribus
412 2497 503 2560 m‘
559 2496 697 2561 'bus
740 2496 900 2560 aeris
943 2494 1322 2581 obligarunt.
1419 2493 1598 2568 Quot
1641 2494 1962 2573 darentur,
2003 2497 2270 2583 permis-

172 2598 306 2641 sum
340 2583 617 2647 tribunis
645 2594 757 2647 est.
850 2580 1099 2645 Decem
1136 2579 1478 2643 finierunt:
1531 2591 1625 2643 tot
1651 2581 1916 2645 vadibus
1945 2594 2270 2647 accusator

137 2664 431 2761 mna-datus
474 2681 573 2731 est
608 2690 806 2733 reum.
900 2666 1029 2732 Hic
1068 2665 1327 2752 primus
1351 2664 1542 2727 vades
1579 2664 1866 2764 publicos
1907 2667 2119 2733 dedita
2168 2668 2267 2732 di·
2285 2681 2454 2732 Kaeso
2474 2686 2526 2733 in

178 2768 393 2817 mlssus
436 2777 475 2819 e
520 2753 657 2819 foro
699 2766 887 2819 nocte
928 2752 1220 2842 proxima
1255 2750 1325 2816 in
1366 2750 1611 2816 Tuscos
1648 2773 1717 2817 m
1757 2752 2052 2819 exsilium
2090 2754 2260 2821 abiit.
2278 2747 2509 2862 :ffium

238 3012 265 3045 2
296 3002 525 3065 Subura]
562 3003 663 3053 Vel
676 3005 919 3062 Saburra,
934 3002 1055 3051 alias
1069 3004 1187 3052 Suo-

180 3074 308 3121 mw,
324 3066 418 3115 fuit
439 3068 571 3129 regio
594 3068 742 3126 urbis,
763 3083 794 3113 a
811 3082 909 3127 qua
930 3065 1087 3127 prima
1107 3067 1188 3113 tri-

184 3120 267 3171 bus
301 3131 491 3179 urbana
520 3132 812 3179 Subur-rana
844 3130 990 3177 dicta.
1026 3130 1187 3179 canv-

182 3184 366 3241 Subura
398 3196 493 3243 sub
524 3210 664 3243 muro
696 3200 854 3242 terreo
881 3193 1188 3243 Carinarum.

183 3248 387 3316 subm-a,
425 3257 601 3306 Iunius
636 3257 818 3317 scribit,
850 3258 914 3304 ab
949 3272 1025 3315 eo,
1058 3257 1191 3319 quod

186 3312 322 3365 fuerit
355 3324 445 3370 sub
484 3321 687 3383 antiqua
728 3324 865 3379 urbe,
908 3321 1042 3383 quod
1079 3320 1188 3367 sub-

185 3384 253 3423 est
272 3380 315 3427 ei
338 3383 445 3432 loeo
460 3386 547 3446 qui
567 3392 751 3433 terreus
770 3400 939 3431 murus
960 3388 1185 3431 vocatur:

186 3442 267 3488 8θά
295 3460 381 3506 ego
413 3464 447 3495 a
480 3464 603 3510 pago
628 3449 794 3510 potius
815 3449 1067 3497 Sucusano
1087 3446 1187 3495 dic—

188 3506 285 3551 tum
319 3517 439 3569 puto
470 3514 722 3561 Susa-sam.
788 3512 952 3573 Pagus
978 3514 1187 3559 Succusa-

188 3580 293 3627 πω,
333 3576 463 3633 quod
506 3577 751 3623 succurrit
787 3574 991 3623 Carinis.
1033 3574 1191 3622 Varro

188 3628 247 3676 de
268 3632 322 3682 L.
350 3637 407 3685 L.
431 3637 492 3685 iv.
518 3638 562 3686 8.

251 3710 277 3756 3
302 3701 621 3750 Servatur-um
642 3737 656 3751 .
682 3736 695 3749 .
719 3738 731 3749 .
755 3702 811 3748 in
830 3702 1063 3759 vinculis]
1090 3700 1191 3747 Ne-

190 3764 267 3830 ga}
300 3761 500 3813 Niebhr.
535 3765 613 3813 ius
649 3770 765 3813 ante
807 3764 1191 3811 decemviratum

192 3823 384 3875 tubunis
404 3828 551 3876 fuisse
574 3826 801 3891 patricios
820 3826 871 3875 in
889 3827 1084 3873 vincula
1104 3826 1191 3873 du-

196 3888 340 3947 cendi,
391 3893 477 3939 sed
512 3907 595 3955 ap.
641 3891 789 3938 Dion.
835 3890 913 3939 vii.
960 3899 1031 3950 17.
1076 3887 1191 3949 legi-

196 3958 315 3999 mus:
348 3954 401 4002 si
417 3955 527 4015 quis
546 3955 797 4002 tribunum
820 3954 1193 4014 interpellasset,

195 4022 341 4071 neque
372 4018 668 4066 vades-dare
705 4016 950 4075 voluisset,
984 4022 1091 4063 tum
1129 4031 1192 4064 ex

198 4071 293 4134 lege
324 4080 465 4129 Icilia
492 4087 645 4143 caput
676 4080 1013 4141 familiamque
1050 4094 1189 4128 suam

197 4135 347 4190 Cereri
367 4150 605 4193 sacratam
628 4144 746 4193 fieri.

261 4221 289 4263 4
324 4210 491 4258 Medio
533 4211 721 4258 decreto
762 4211 845 4257 ius
886 4208 1065 4256 aua-ilii
1112 4207 1193 4255 sui

198 4272 468 4338 expediunt]
500 4274 807 4335 Etpastum,
825 4272 855 4321 i.
874 4288 915 4320 e.
940 4271 1193 4319 extriennt.

199 4324 385 4383 Tubuni
420 4338 707 4386 metuebant
740 4351 820 4395 ne,
840 4335 881 4383 si
913 4334 1111 4383 omnino
1137 4333 1193 4382 li·

1253 3002 1423 3051 berum
1447 3008 1497 3050 et
1525 3000 1598 3051 sui
1619 3000 1738 3049 iuris
1761 3000 2043 3049 Kaesonem
2064 3000 2267 3051 dimisis-

1252 3072 1377 3125 sent,
1399 3068 1540 3128 plebs
1560 3066 1803 3113 concitata
1835 3064 1925 3112 sibi
1957 3078 2056 3111 non
2083 3066 2268 3113 obtem-

1254 3136 1471 3190 peraret:
1524 3129 1563 3177 si
1603 3129 1806 3191 patricio
1844 3127 2031 3175 homini
2069 3127 2268 3175 tribuni-

1252 3193 1378 3240 tium
1394 3192 1636 3240 auxilium
1657 3190 1938 3265 imploranti
1960 3206 2060 3239 non
2079 3191 2270 3239 auscul-

1253 3261 1431 3313 tarent,
1451 3271 1517 3303 ne
1539 3255 1656 3302 iuris
1675 3269 1749 3301 sm
1773 3254 1998 3302 firmandi
2021 3259 2072 3302 et
2092 3268 2269 3315 augen-

1255 3319 1347 3366 dae
1392 3318 1645 3379 potestatis
1687 3317 1927 3379 egregiam
1965 3316 2270 3366 occasionem

1253 3382 1706 3443 praetermitterent.
1740 3382 1916 3442 Itaque
1933 3382 2128 3429 decreto
2145 3382 2269 3430 eius-

1252 3446 1405 3503 modi,
1424 3446 1558 3506 quod
1590 3450 1640 3492 et
1674 3444 1806 3506 plebi
1837 3444 2040 3507 aliquid,
2061 3451 2112 3493 et
2136 3446 2268 3495 Kae-

1254 3508 1358 3555 soni
1399 3509 1702 3567 concederet,
1739 3508 1856 3555 huic
1899 3508 2102 3570 ancipiti
2146 3510 2268 3571 peri-

1257 3572 1370 3619 culo
1393 3571 1469 3618 ius
1491 3586 1634 3619 suum
1659 3572 1895 3618 eximunt.
1931 3572 2091 3620 Cum.

1323 3647 1349 3696 5
1395 3636 1548 3683 Vadas
1568 3636 1688 3683 dare
1703 3636 1918 3696 placuit]
1947 3633 2096 3689 “Qui
2117 3636 2168 3684 in
2193 3636 2270 3685 ius

1258 3704 1459 3745 vocatus
1478 3698 1623 3749 flierit
1643 3698 1706 3745 ab
1728 3697 2017 3758 adversario,
2037 3698 2088 3746 ni
2109 3715 2168 3747 eo
2189 3701 2270 3748 die

1258 3761 1467 3809 finiverit
1521 3759 1787 3822 negotium,
1839 3760 2168 3811 vadimonium
2221 3763 2268 3811 ei

1256 3824 1534 3872 faciendum
1568 3830 1657 3883 est,
1683 3828 1738 3871 ut
1772 3824 2025 3887 promittat
2055 3842 2106 3874 se
2139 3832 2270 3874 certo

1256 3888 1337 3935 die
1358 3887 1512 3936 sisti.''
1547 3889 1669 3937 Inst.
1694 3888 1809 3937 Gaii
1831 3887 1893 3937 iv.
1919 3889 1946 3946 ἓ
1976 3890 2078 3949 184.

1322 3950 1353 3999 6
1392 3954 1558 4001 Unum
1591 3954 1784 4012 vadem]
1845 3952 2182 4000 Deci-everunt
2213 3957 2272 3999 ut

1258 4015 1463 4076 quilibet
1493 4032 1577 4063 vas
1610 4018 1872 4077 sponderet
1903 4032 1954 4065 se
1987 4017 2082 4065 tria
2113 4016 2276 4063 mima

1256 4079 1379 4190 {irin
1412 4080 1607 4189 &effi
1645 4080 1966 4192 datqauergztsi
1977 4082 2173 4191 CKaeso
2209 4078 2274 4125 ad

1308 4158 1387 4189 em
1464 4158 1491 4189 c
1617 4158 1715 4191 non
1929 4178 1943 4191 .
2024 4155 2138 4189 nav.

1328 4218 1353 4267 7
1394 4208 1548 4255 Vadas
1563 4208 1807 4267 publioos]
1834 4207 2054 4262 Publice,
2069 4218 2132 4250 ex
2151 4202 2274 4249 Gro-

1258 4269 1403 4318 novio
1442 4270 1800 4326 emendatione,
1840 4266 2042 4315 Niebhr.
2085 4266 2276 4327 probet,

1258 4332 1345 4396 qui
1368 4334 1516 4383 vades
1531 4334 1663 4395 plebi
1687 4334 1826 4380 datos
1845 4328 2088 4389 intelligit.
