3000 4784
837 236 1025 303 LIB.
1082 237 1156 303 V.
1226 238 1447 303 CAP.
1494 243 1600 303 45.
2149 241 2274 301 335

108 392 127 424 1
156 391 303 447 sua,
338 394 539 457 quum
568 371 689 437 diis
724 372 1011 439 hominib
1134 398 1214 439 ue
1250 375 1621 441 accusandis
1659 388 2032 453 senesceret,
2063 374 2278 463 indig-
2299 388 2368 439 U.
2393 388 2454 438 c.
2485 386 2596 449 365·

156 457 393 522 nando
438 458 873 559 mirandoque,
921 461 1029 526 ubi
1076 462 1097 525 i
1152 462 1164 475 ⁰
1216 463 1335 527 viri
1382 475 1612 539 essent,
1659 462 1772 549 qui
1819 485 2036 527 secum
2080 461 2279 527 Veios
2297 454 2358 503 A.
2395 452 2455 503 c·
2482 452 2594 514 3⁸⁷·

158 542 579 631 Faleriosque
618 560 953 633 cepissent,
991 548 1105 635 qui
1148 548 1271 614 alia
1312 548 1481 614 bella
1521 548 1745 615 fortius
1783 572 2052 637 semper,
2085 572 2280 649 quam

157 628 439 708 felicius,
501 633 877 719 gessissent3
944 651 1207 722 repente
1274 635 1472 713 audit,
1533 635 1866 702 Ganrum
1929 649 2282 701 exercitum

159 716 536 796 adventare,
568 732 759 819 atque
788 720 872 784 de
908 744 985 785 eo
1020 721 1285 808 pavidos
1316 722 1630 787 Ardeates
1667 722 2044 788 consultare.
2139 721 2208 785 N
2210 744 2284 787 ec

158 826 361 869 secus
390 828 579 892 quam
610 806 828 871 divino
933 808 1083 872 iritu
1114 820 1334 885 tactus,
1368 831 1567 894 quum
1609 832 1676 873 se
1713 810 1782 872 in
1821 810 2098 873 mediam
2130 830 2285 874 con-

158 890 429 955 cionem
480 892 811 970 intulisset,
857 917 898 958 a
968 894 1169 969 tinere
1214 908 1431 959 suetus
1477 907 1627 960 ante
1673 895 1902 961 talibus
1951 894 2278 960 conciliis:

164 985 189 1013 ‘
218 977 577 1056 Ardeates?
619 979 849 1066 inquit,
907 990 925 1018 ‘
947 994 1191 1045 veteres
1235 982 1441 1057 amici,
1488 983 1638 1046 novi
1683 982 1876 1046 etiam
1921 982 2090 1047 cives
2135 981 2281 1057 mei,
2405 980 2511 1039 44·

164 1071 189 1101 ‘
216 1064 483 1151 quando
526 1078 593 1130 et
632 1080 911 1131 vestrum
958 1067 1345 1132 beneficium
1396 1068 1488 1132 ita
1537 1068 1701 1146 tulit,
1746 1080 1814 1132 et
1854 1067 2112 1133 fortuna
2163 1067 2285 1132 hoc
2304 1062 2383 1137 ᾸΕῙ
2409 1077 2493 1110 eos
2513 1076 2599 1124 09-

166 1158 189 1187 ‘
218 1151 361 1237 egit
409 1174 567 1229 mea,
620 1175 812 1217 nemo
861 1166 1143 1218 vestrum
1194 1154 1578 1219 conditionis
1631 1178 1808 1219 meae
1858 1154 2130 1219 oblitum
2181 1176 2284 1217 me
2303 1127 2586 1238 ἓῗζζῆῗὲῗ

166 1246 191 1274 ‘
216 1238 355 1301 huc
411 1240 781 1324 processisse
833 1253 1055 1328 putet:
1122 1239 1236 1305 sed
1287 1263 1387 1304 res
1437 1264 1512 1305 ac
1551 1240 1906 1328 periculum
1945 1262 2284 1303 commune
2305 1254 2547 1327 :Ardeates

166 1333 191 1361 ‘
216 1323 415 1410 cogit,
473 1325 648 1412 quod
753 1327 976 1413 uisque
1122 1326 1236 1391 ssit
1290 1326 1359 1390 in
1412 1349 1481 1390 re
1537 1326 1786 1413 trepida
1836 1325 2154 1413 praesidii,
2217 1326 2288 1389 in
2303 1316 2492 1366 mcitat.

108 1434 140 1465 ο
168 1420 191 1447 ‘
216 1410 508 1475 medium
576 1435 699 1477 con
724 1435 879 1477 erre.
1064 1426 1089 1477 t
1159 1412 1420 1499 quando
1489 1434 1610 1499 ego
1666 1412 1847 1477 vobis
1918 1434 2036 1500 pro
2095 1411 2286 1475 tantis

166 1506 193 1535 ‘
218 1498 447 1563 vestris
502 1498 573 1562 in
622 1522 725 1563 me
779 1499 1019 1563 meritis
1078 1500 1341 1585 gratiam
1404 1499 1691 1577 referam,
1753 1500 1806 1563 si
1859 1521 2033 1563 nunc
2085 1520 2288 1562 cessa-

166 1593 191 1621 ‘
218 1606 377 1649 vero
392 1585 423 1647 ?
460 1597 569 1649 aut
608 1586 719 1650 ubi
756 1608 907 1650 usus
946 1586 1067 1650 erit
1108 1586 1232 1650 mei
1260 1586 1456 1661 vobiS,
1490 1586 1543 1649 si
1583 1586 1650 1649 in
1691 1584 1860 1650 bello
1889 1608 2022 1650 non
2049 1584 2287 1649 fuerit?

168 1680 191 1708 ‘
224 1670 375 1735 Hac
405 1684 535 1735 arte
566 1672 637 1735 in
670 1671 875 1759 patria
910 1672 1099 1748 steti3
1147 1684 1231 1749 et,
1262 1672 1535 1736 invictus
1574 1672 1761 1749 bello,
1793 1672 1862 1735 in
1937 1694 2047 1735 ace
2079 1671 2158 1735 ab
2187 1670 2287 1735 in-

169 1766 194 1794 ‘
218 1756 421 1844 gratis
466 1758 708 1822 civibus
752 1758 973 1846 pulsus
1018 1781 1176 1823 sum.
1268 1758 1471 1823 Vobis
1519 1772 1752 1835 autem,
1785 1757 1851 1823 A
1929 1771 2118 1834 eates,
2159 1756 2287 1822 for—

170 1852 193 1881 ‘
222 1858 387 1909 tuna
414 1842 623 1909 oblata
648 1858 762 1921 est,
786 1857 852 1908 et
881 1867 997 1931 pro
1026 1844 1217 1909 tantis
1239 1844 1520 1931 pristinis
1541 1844 1762 1932 populi
1791 1845 2066 1910 Romani
2089 1844 2288 1909 bene-

170 1940 195 1968 ‘
220 1930 407 2007 ficiis,
432 1944 671 2016 quanta
698 1931 817 2018 ipsi
840 1930 1233 2008 meministis,
1259 1930 1410 2017 (nec
1438 1932 1612 1995 enim
1643 1930 2085 2018 exprobranda
2112 1929 2285 2017 apud

170 2026 193 2055 ‘
214 2038 533 2081 memores
589 2020 768 2104 sunt)
928 2018 1053 2082 tiae
1114 2017 1502 2095 referendae,
1556 2030 1624 2081 et
1679 2017 1832 2081 huic
1891 2017 2035 2081 urbi
2092 2016 2289 2081 decus

170 2104 456 2190 ‘ingens
504 2102 655 2168 belli
706 2126 789 2167 ex
884 2117 1019 2168 oste
1072 2104 1397 2169 communi
1446 2104 1754 2190 pariendi.
1853 2102 2040 2177 Quae
2089 2102 2289 2166 effuso

171 2198 195 2229 ‘
223 2190 483 2277 agmine
522 2190 839 2267 adventat,
870 2213 1028 2277 gens
1068 2203 1183 2266 est,
1215 2190 1319 2253 cui
1354 2202 1584 2254 natura
1617 2211 1882 2275 corpora
1915 2188 2286 2273 animosque

173 2285 196 2314 ‘
224 2297 463 2362 magna
490 2276 706 2376 magis,
736 2298 931 2363 quam
959 2276 1159 2353 firma,
1190 2275 1477 2340 dederit:
1527 2298 1607 2339 eo
1640 2275 1712 2338 in
1747 2286 2067 2339 certamen
2097 2296 2284 2338 omne

174 2372 197 2400 ‘
270 2363 374 2427 lus
400 2376 671 2439 terrens,
704 2385 896 2449 quam
926 2364 1175 2439 virium,
1206 2362 1438 2427 ferunt.
1535 2362 1938 2449 Argumento
1968 2361 2051 2425 sit
2079 2359 2290 2425 clades

172 2458 195 2487 ‘
340 2471 543 2513 mana.
632 2449 969 2516 Patentem
1018 2471 1242 2536 cepere
1292 2448 1557 2523 urbem3
1611 2470 1694 2512 ex
1743 2470 1884 2511 arce
1935 2446 2289 2533 Capitolio—

172 2544 195 2573 ‘
224 2558 361 2623 que
406 2535 505 2599 his
546 2536 779 2623 exigua
828 2536 1137 2599 resistitur
1190 2556 1401 2599 manu.
1495 2533 1635 2598 Iam
1685 2532 2032 2598 obsidionis
2077 2530 2290 2595 taedio

174 2630 199 2659 ‘
222 2621 385 2686 victi
419 2622 787 2700 abscedunt,
817 2622 1089 2709 vagique
1129 2643 1245 2707 per
1283 2642 1465 2719 agros
1500 2619 1814 2707 palantur.
1913 2616 2080 2683 Cibo
2109 2617 2290 2681 vino—

174 2718 197 2746 ‘
226 2730 361 2795 que
406 2708 635 2795 raptim
678 2708 905 2773 hausto
947 2706 1191 2794 repleti,
1240 2706 1351 2770 ubl
1396 2729 1528 2770 nox
1575 2706 1837 2806 appetit,
1883 2726 2079 2792 prope
2123 2704 2290 2768 rivos

174 2804 197 2833 ‘
226 2817 559 2881 aquarum,
605 2795 740 2859 sine
786 2795 1203 2870 munimento,
1244 2792 1380 2857 sine
1424 2792 1800 2857 statiombus
1845 2814 1918 2856 ac
1961 2790 2286 2868 custodiis,

175 2888 199 2919 ‘
224 2881 463 2968 passim
504 2882 777 2945 ferarum
822 2882 949 2946 ritu
992 2892 1378 2956 sternuntur,
1421 2901 1594 2944 nunc
1638 2880 1718 2943 ab
1761 2878 2058 2943 secundis
2101 2878 2290 2943 rebus

173 2976 198 3006 ‘
226 2967 434 3053 magis
476 2968 667 3032 etiam
710 2968 895 3032 solito
938 2966 1195 3033 incauti.
1292 2964 1359 3030 Si
1398 2966 1578 3031 vobis
1622 2965 1690 3029 in
1730 2965 1944 3030 animo
1983 2977 2082 3029 est
2125 2965 2288 3029 tueri

172 3064 199 3093 ‘
226 3054 487 3119 moenia
522 3066 747 3131 vestra,
780 3075 899 3118 nec
1026 3053 1076 3117 ti
1119 3052 1277 3116 haec
1322 3052 1538 3116 omnia
1571 3051 1846 3116 Galliam
1887 3052 2045 3128 fieri,
2086 3051 2291 3138 prima

174 3150 197 3179 ‘
226 3138 449 3225 vigilia
486 3141 690 3227 capite
726 3162 901 3204 arma
932 3076 1335 3224 &quentesz
1386 3162 1487 3203 me
1519 3138 1860 3224 sequimini
1889 3137 1972 3200 ad
2007 3136 2288 3211 caedem,

174 3236 197 3265 ‘
230 3248 369 3292 non
396 3226 479 3290 ad
506 3248 803 3313 pugnam.
896 3223 1046 3289 Nisi
1072 3225 1318 3289 vinctos
1346 3246 1591 3300 somn0,
1621 3221 1795 3287 velut
1822 3220 2122 3308 pecudes,
2155 3232 2291 3285 tru-

174 3324 197 3352 ‘
226 3311 539 3377 cidandos
588 3312 924 3389 tradidero,
979 3333 1113 3376 non
1162 3332 1385 3375 recuso
1436 3308 1717 3373 eundem
1769 3305 2022 3371 Ardeae
2074 3328 2288 3371 rerum

174 3410 199 3439 ‘
227 3420 518 3463 mearum
546 3399 813 3476 exitum,
844 3420 1039 3485 quem
1070 3396 1315 3461 Romae
1346 3394 1580 3459 habui)

276 3484 527 3571 Aequis
568 3484 931 3572 iniquisque
976 3504 1343 3571 persuasum
1386 3493 1540 3556 erat,
1583 3494 1833 3544 tantum
1877 3477 2046 3543 bello
2086 3477 2290 3542 virum
2412 3478 2518 3538 45.

172 3570 515 3636 neminem
562 3593 831 3657 usquam
866 3592 943 3635 ea
983 3580 1356 3656 tempestate
1391 3588 1545 3631 esse.
1643 3564 1973 3630 Concione
2015 3562 2290 3640 dimissa,

172 3678 454 3745 corpora
496 3669 739 3735 curant,
784 3656 1037 3733 intenti,
1083 3676 1275 3741 quam
1322 3676 1474 3717 mox
1523 3652 1773 3739 signum
1818 3651 2110 3715 daretur:
2161 3674 2292 3737 quo

170 3744 361 3819 dato,
422 3744 662 3831 primae
722 3742 974 3807 silentio
1032 3740 1237 3805 noctis
1294 3740 1377 3803 ad
1436 3752 1648 3826 portas
1703 3736 1978 3803 Camillo
2043 3750 2291 3825 praesto

172 3830 384 3895 fuere.
578 3830 751 3907 ressi,
791 3827 965 3893 haud
1007 3827 1227 3915 procul
1271 3826 1447 3903 urbe,
1489 3826 1655 3891 sicut
1697 3824 2091 3912 praedictum
2136 3836 2290 3901 erat,
2311 3833 2450 3882 Galli
2472 3834 2536 3907 qb

116 3936 151 3983 3
174 3928 394 3982 castra
425 3914 488 3979 G
576 3938 777 3993 orum,
816 3915 1027 3979 intuta
1070 3912 1486 4001 neglectaque
1532 3912 1611 3976 ab
1656 3912 1832 3976 omni
1874 3926 2050 3999 parte
2101 3910 2290 3986 nacti,
2311 3896 2609 4008 &genubus

174 4001 463 4067 clamore
529 4001 859 4066 invadunt.
978 4000 1313 4086 Nusquam
1380 3999 1713 4086 proelium,
1782 3998 2076 4062 omnibus
2139 3995 2294 4059 locis
2444 3996 2456 4009 ⁰

258 4260 279 4295 1
318 4246 623 4305 Εεηωοσνεί]
655 4244 883 4295 Moerore
904 4245 1212 4293 contabesce-
1344 4257 1371 4289 ἰ
1406 4244 1514 4290 Pro
1534 4242 1712 4303 tantis]
1755 4239 1816 4287 cf.
1845 4237 1988 4298 Supr.
2011 4235 2074 4283 iv.
2099 4249 2148 4309 9,
2177 4248 2250 4283 10.

177 4315 281 4369 ret,
302 4308 471 4357 taedio
493 4308 817 4358 cruciareturz
858 4308 975 4357 hinc
997 4308 1107 4356 infr.
1132 4306 1212 4356 vii.
1345 4320 1373 4366 3
1407 4307 1608 4363 Intuta]
1685 4300 1924 4351 Similiter
1958 4299 2068 4347 infr.
2112 4312 2178 4345 ix.
2219 4310 2298 4357 4¹·

182 4388 269 4423 22.
293 4374 487 4421 senium
511 4388 598 4434 pro
621 4374 791 4421 taedio.
1278 4371 1445 4417 intuta
1466 4368 1601 4415 urbs.
