3000 4784
863 224 1050 290 LIB.
1100 224 1225 291 111.
1285 226 1510 293 CAP.
1557 234 1658 294 31.
2191 228 2312 291 179

178 366 205 395 ‘
228 378 324 422 ee.
352 378 455 421 res
494 378 703 445 aeque
732 380 849 423 suo
884 360 1147 424 biennio
1180 362 1433 439 iaceret,
1464 386 1540 426 ac
1577 375 1710 432 toto
1749 361 2072 449 superiore
2107 359 2305 423 lustro
2328 377 2393 427 U.
2415 379 2476 428 c.
2503 392 2610 441 ²99·

182 452 211 482 ‘
232 444 583 508 iacuiaeetss
676 444 897 520 Quum
952 448 1229 510 maxime
1274 448 1433 512 haec
1603 462 1767 524 rent,
1813 445 2048 533 trepidi
2097 445 2308 509 nuntii
2325 444 2384 491 A.
2405 442 2467 491 C·
2502 456 2610 502 453·

182 530 281 593 ab
316 530 607 595 Tusculo
621 531 917 631 veniunt,
936 531 1199 618 Aequos
1228 534 1297 631 in
1327 556 1481 619 agro
1575 533 1880 599 usculano
1900 554 2052 632 esee.
2131 529 2310 595 Fecit

122 712 165 762 ⁶
182 616 1287 780 R‘ssssffznffiffssffizxssssgffi
1306 617 2024 784 mffi‘ffiteffssfflss
2059 616 2308 767 332¹}ss

184 786 455 875 Algido
510 788 868 853 inveniunt.
958 788 1061 852 Ibi
1110 803 1465 876 pugnatum
1487 818 1506 855 ε
1566 814 1759 878 supra
1815 803 2058 877 septem
2111 788 2310 852 millia
2326 804 2460 853 Victi

184 874 489 938 hostium
546 894 760 939 caesa:
824 874 931 939 alii
980 875 1216 975 fugati:
1277 876 1518 963 praeda
1571 890 1752 964 parta
1807 878 2050 963 ingens.
2144 872 2306 939 Eam
2323 870 2502 930 Aequi.

185 972 471 1047 propter
526 960 637 1025 ino
680 960 809 1024 iam
866 982 1089 1025 aeram
1140 962 1431 1027 consules
1474 962 1924 1049 vendiderunt.
2017 959 2304 1025 Invidiae

186 1058 427 1110 tamen
466 1068 567 1110 res
713 1046 1065 1111 exercitum
1098 1046 1240 1124 fuit,
1270 1048 1495 1113 eadem
1545 1072 1627 1113 ue
1667 1048 1938 1113 tribunis
1976 1047 2304 1111 materiam

184 1132 589 1230 criminandi
618 1132 704 1198 ad
740 1132 993 1219 plebem
1032 1132 1327 1234 consules
1369 1156 1522 1221 prae
1567 1136 1680 1235 uit.
1771 1134 1998 1232 Itaque
2027 1156 2200 1219 ergo,
2215 1144 2304 1231 ‚ut

128 1217 1742 1382 ἔΞῗέωἷωίιὲἒῗιξὲ,ῗρὸῘΓὸἘῖἓίοῗὲῑξῒῘ-ῖῖἓ,
1755 1217 2303 1390 ‘ffiffi'ffi’efflsst
2320 1229 2390 1342 ΗΣ
2413 1230 2475 1342 ἓῖ
2499 1245 2609 1357 ἰέἓῗ

186 1388 481 1454 Veturio
538 1390 619 1455 ab
672 1388 749 1454 L.
812 1390 1069 1467 Alieno,
1130 1390 1339 1455 aedile
1442 1392 1621 1457 lebis.
1725 1390 2016 1476 Uterque
2075 1412 2142 1453 m
2321 1356 2549 1482 ξξξοῖΐ
2559 1422 2622 1470 A·

186 1474 471 1539 Patrum
516 1474 953 1563 indignatione
998 1476 1353 1554 damnatum,
1396 1415 1718 1542 Romilius
1761 1475 1984 1541 decem
2029 1474 2188 1539 milli
2231 1498 2305 1540 us
2320 1484 2444 1533 terio
2467 1486 2604 1535 coes.

186 1561 389 1638 aeris,
434 1560 739 1626 Veturius
781 1562 1168 1648 quindecim.
1262 1561 1332 1627 Ν
1332 1587 1407 1628 ec
1451 1564 1612 1628 haec
1655 1561 1940 1650 priorum
1959 1600 1964 1605 ·
1983 1560 2305 1627 calamitas

190 1646 537 1711 consulum
576 1648 899 1735 segniores
932 1670 1131 1713 novos
1166 1648 1403 1715 fecerat
1440 1649 1748 1715 consules.
1842 1657 1863 1686 ‘
1885 1646 1974 1713 Et
2017 1670 2084 1712 se
2124 1646 2304 1712 dam-

195 1741 220 1770 ‘
240 1733 391 1796 nari
426 1734 627 1820 poese’
665 1734 953 1799 aiebant:
1006 1742 1111 1799 ‘et
1150 1735 1422 1822 plebem,
1464 1748 1534 1801 et
1568 1736 1852 1801 tribunos
1890 1734 2100 1821 legem
2137 1734 2301 1799 ferre

195 1827 220 1857 ‘
236 1842 379 1883 non
420 1821 643 1906 posse)
728 1818 921 1897 Tum,
958 1820 1205 1885 abiecta
1240 1819 1403 1908 lege,
1440 1844 1606 1908 quae
1643 1819 2043 1908 promulgata
2081 1841 2303 1885 conse·-

198 1918 459 1982 κηποι-αῖ,
484 1905 723 1969 tribuni
744 1904 953 1969 lenius
974 1928 1161 1992 agere
1184 1930 1331 1970 cum
1363 1907 1676 1972 Patribus.
1755 1905 2012 1971 ‘Finem
2043 1906 2302 1971 tandem

199 2000 225 2029 ‘
243 1992 670 2057 certaminum
712 1990 1011 2055 facerent.
1108 1991 1179 2056 Si
1220 1992 1508 2079 plebeiae
1550 1993 1724 2079 leges
1765 1992 2193 2079 displicerent,
2239 2006 2304 2057 at

196 2087 223 2115 ‘
248 2076 347 2141 illi
378 2076 803 2142 communiter
820 2076 1037 2164 legum
1068 2077 1314 2155 latores,
1338 2090 1407 2143 et
1428 2102 1512 2143 ex
1540 2078 1748 2166 plebe,
1779 2090 1848 2142 et
1875 2100 1958 2142 ex
1986 2078 2303 2156 Patribus,

202 2173 225 2201 ‘
244 2163 367 2250 qui
410 2154 697 2250 utrisque
732 2162 917 2227 utilia
954 2162 1211 2240 ferrent,
1253 2186 1545 2251 quaeque
1591 2163 1959 2250 aequandae
2001 2163 2306 2229 libertatis

203 2259 226 2288 ‘
246 2260 483 2326 essent,
514 2250 796 2315 sinerent
830 2248 1067 2315 creari!
1156 2249 1325 2315 Rem
1354 2272 1486 2315 non
1517 2252 2013 2351 aspernabantur
2040 2248 2300 2315 Patres:

208 2491 367 2541 viden·
390 2493 537 2541 debet
552 2507 587 2541 a
610 2489 753 2541 Livio
774 2492 855 2542 hic
888 2494 1091 2543 omissas
1122 2508 1227 2543 esse

208 2558 439 2605 cruentes
459 2571 613 2618 prope
641 2555 943 2605 tribunorum
972 2573 1083 2606 cum
1116 2572 1226 2605 eon-

208 2619 403 2668 sulibus
438 2620 791 2679 contentiones,
824 2628 875 2669 et
911 2622 1227 2683 asperrimam

210 2682 363 2733 Siecii
388 2683 595 2732 Dentati
622 2684 855 2733 adversus
884 2684 1082 2734 eosdem
1114 2700 1226 2733 con-

206 2748 347 2796 sules
364 2746 609 2796 actionem
628 2762 719 2810 pm
739 2749 846 2811 lege
862 2748 1063 2810 agraria,
1080 2764 1227 2809 quam

210 2810 396 2861 tribuni
412 2812 723 2861 revocabant.
779 2812 909 2861 Vide
924 2814 1059 2874 apud
1078 2812 1227 2861 Dion.

210 2890 261 2923 x.
287 2888 364 2937 3¹·
390 2890 465 2937 3²·
488 2876 791 2937 luculentam
814 2875 919 2923 eius
938 2876 1225 2934 orationem,

211 2939 263 2987 in
286 2954 389 3000 qua
406 2939 585 3001 seipse
604 2939 955 2988 commendans
982 2944 1144 2987 narrat
1173 2954 1225 2987 se

210 3002 634 3065 quadragesimum
664 3003 761 3051 iam
795 3018 979 3051 annum
1012 3002 1225 3051 militan-

211 3072 335 3125 tem,
376 3072 573 3115 centum
628 3066 797 3129 viginti
853 3066 1028 3129 pugnis
1079 3066 1223 3115 inter-

210 3130 361 3183 fuisse
380 3148 395 3179 z
444 3131 645 3178 vulnera
681 3131 896 3192 quinque
934 3136 985 3179 et
1019 3130 1223 3192 quadra-

208 3193 365 3267 gints,
384 3194 587 3242 adversa
611 3193 793 3252 omnia,
814 3194 1093 3268 excepisse:
1133 3194 1223 3241 vir-

210 3258 1224 3395 raffmfflratfflsffi:

212 3386 323 3443 bus,
355 3390 467 3434 octo
500 3385 836 3447 proehmbus,
854 3387 1109 3447 torquibus
1138 3400 1225 3433 au-

212 3448 310 3497 reis
347 3448 501 3497 tribus
540 3460 689 3510 supra
726 3448 987 3510 octoginta,
1021 3448 1227 3498 armillis

213 3512 373 3561 aureis
423 3512 693 3575 sexaginta,
746 3512 898 3561 hastis
948 3512 1119 3562 decem
1174 3518 1225 3561 et

214 3582 343 3635 octo,
396 3574 609 3639 phaleris
660 3575 876 3637 quinque
932 3582 985 3624 et
1038 3575 1225 3638 viginti.

214 3641 391 3690 Cetera
424 3646 539 3702 pete
570 3656 633 3689 ex
658 3638 809 3690 Dion.
873 3639 1087 3689 Siccium
1118 3640 1221 3689 lau-

215 3704 335 3752 dant
384 3718 581 3767 quoque
626 3704 739 3753 Val.
786 3704 924 3753 Max.
967 3702 1036 3753 iii.
1082 3718 1125 3751 2.
1170 3710 1221 3752 et

216 3766 345 3817 Plin.
370 3768 441 3817 H.
465 3768 533 3817 N.
558 3766 638 3816 vii.
663 3769 740 3817 ²8.
774 3768 937 3817 Cam.

276 3828 311 3881 6
338 3834 495 3881 Ambo
534 3834 777 3892 mules]
826 3832 998 3887 Quum
1040 3831 1221 3880 tribuni

215 3895 461 3947 delectum
496 3894 809 3957 impedirent,
844 3900 1042 3943 senatus
1083 3894 1221 3943 iussit

218 3959 443 4021 patricios
473 3974 585 4008 cum
621 3959 881 4007 clientibus
915 3958 1101 4007 bellum
1138 3973 1223 4020 per

216 4038 267 4071 se
302 4022 433 4097 ipsos
463 4023 695 4072 adversus
730 4024 927 4085 Aequos
958 4022 1221 4084 gerendum

216 4101 503 4225 mmm*
508 4086 674 4209 ‚³3³3
706 4088 1227 4223 ..9¹¹2me

217 4216 553 4273 deserui-ent,
594 4214 744 4263 iratos
794 4213 1041 4263 invocavit
1092 4214 1225 4263 deos.

216 4278 347 4325 Tum
380 4276 585 4337 Siccius,
622 4278 687 4327 de
722 4292 823 4341 quo
855 4292 1019 4339 supra,
1052 4282 1225 4339 sponte

217 4356 393 4391 nomen
416 4340 571 4401 dedit,
590 4348 743 4403 etque
758 4342 907 4397 etiam
924 4342 1227 4403 octingentos

1290 2509 1457 2542 secum
1483 2494 1632 2543 traxit
1657 2493 1970 2551 voluntarios,
1990 2508 2196 2556 quorum
2224 2494 2305 2542 sti·

1292 2556 1473 2620 pendia
1511 2557 1712 2606 emerita
1749 2562 1918 2605 erant:
1975 2572 2088 2609 cum
2131 2557 2308 2618 quibus

1291 2623 1355 2669 ab
1392 2621 1582 2669 infenso
1617 2622 1818 2669 consule
1853 2621 1906 2668 in
1940 2626 2159 2682 apertam
2200 2636 2304 2683 per-

1292 2684 1473 2733 niciem
1507 2683 1698 2744 missus,
1733 2683 2128 2735 malevolentiam
2167 2684 2306 2733 ducis

1294 2748 1472 2797 virtute
1515 2748 1702 2811 effugit,
1747 2748 2164 2811 praecipuumque
2208 2748 2302 2797 vic-

1292 2812 1447 2861 toriae
1468 2814 1620 2861 decus
1640 2811 1768 2860 tulit.
1804 2812 1962 2862 Cam.

1358 2888 1383 2937 7
1416 2879 1481 2925 Α.
1515 2878 1711 2936 Δίον-ἕο]
1770 2876 1852 2925 De
1900 2874 2045 2924 huius
2091 2875 2306 2925 consulis

1289 2938 1487 2989 nomine
1551 2939 1673 2989 mire
1729 2939 2021 2988 dissentiunt
2083 2946 2306 2989 auctores

1362 3004 1373 3015 ·
1508 3006 1542 3031 u
2272 3008 2304 3029 ss

1288 3004 1932 3131 {Elpeffimiffl‘pssffi
1944 3010 2305 3129 ww..

1288 3134 1524 3182 Actes-nio
1571 3134 1744 3193 probat
1791 3140 1850 3180 ut
1897 3132 2038 3180 codd.
2082 3132 2305 3193 pluribus

1290 3194 1558 3253 firmatum,
1578 3194 1804 3257 Sigonius
1823 3202 1989 3243 autem
2005 3196 2192 3243 Ater-io.
2238 3195 2302 3242 In

1292 3256 1422 3306 Plin.
1460 3258 1543 3306 vii.
1573 3258 1649 3307 28.
1714 3260 1888 3307 Ata-io
1921 3256 2138 3318 reposuit
2173 3256 2302 3305 Har·

1288 3320 1483 3379 duinus,
1506 3321 1622 3369 lieet
1651 3334 1736 3369 sex
1766 3320 1959 3369 codices
1987 3335 2076 3393 pro
2094 3321 2303 3371 Aternio

1288 3384 1489 3433 faciunt.
1559 3385 1654 3446 Ap.
1692 3384 1915 3433 Gellium
1950 3398 2017 3433 xi.
2058 3398 2098 3432 1.
2143 3385 2300 3446 legem

1288 3452 1548 3499 Ater-niam
1567 3448 1618 3497 in
1643 3448 1756 3509 plur
1773 3447 1922 3498 MSS.
1944 3446 2182 3511 legimus:
2213 3449 2299 3498 scd

1288 3513 1411 3561 haec
1442 3512 1608 3560 omnia
1627 3511 1776 3567 missa
1793 3510 2046 3570 faciamus,
2067 3511 2297 3573 quoniam

1286 3575 1339 3623 in
1374 3577 1480 3624 cod.
1547 3576 1654 3625 Cic.
1689 3576 1752 3625 de
1785 3576 1915 3637 Rep.
1937 3575 1988 3623 ii.
2018 3587 2092 3636 35.
2122 3575 2300 3639 legitur

1282 3642 1542 3698 Ater-mas,
1557 3654 1706 3700 quam
1729 3638 1988 3699 lectionem
2011 3639 2300 3689 confirmant

1284 3704 1558 3765 fragmenta
1595 3702 1728 3753 Fast.
1764 3700 1929 3765 Capit.
1964 3716 1996 3751 a
2031 3702 2300 3765 Burghesio

1286 3767 1433 3841 epita.
1507 3764 1587 3815 De
1625 3767 1720 3815 hoc
1761 3765 1958 3815 nomine
2000 3782 2146 3815 nemo
2187 3769 2298 3817 ‹loc-

1284 3837 1385 3880 tnus
1426 3829 1652 3880 dioeeruit
1693 3846 1840 3892 quam
1895 3830 2070 3879 harum
2125 3832 2300 3880 doctri-

1284 3911 1455 3953 narum
1529 3894 1756 3957 magister
1825 3893 1912 3943 ille
1987 3894 2300 3956 Burghesius.

1288 3960 1469 4021 Legem
1497 3959 1626 4007 hanc
1648 3960 1710 4007 de
1741 3958 1910 4007 multis
1935 3960 2192 4021 Tarpeiam
2213 3974 2298 4019 ap·

1288 4024 1442 4084 pellat
1497 4023 1674 4073 Festus
1737 4023 1788 4071 in
1843 4037 1948 4073 voc.
2013 4024 2298 4075 Pet-ulatur.

1286 4090 1551 4137 Aternium
1569 4088 1779 4150 probant
1795 4086 2004 4135 Niebhr.
2023 4092 2073 4134 et
2095 4084 2298 4134 Amold.

1353 4151 1384 4199 8
1407 4152 1679 4201 &Claudio
1692 4150 1944 4211 Οἲσσνοπσ]
1973 4146 2246 4198 Romilium
2268 4162 2300 4194 a

1290 4214 1449 4263 Siccio
1472 4215 1710 4274 Dentato,
1731 4228 1882 4275 quem
1900 4214 2039 4261 favor
2057 4210 2215 4271 plebis
2234 4210 2300 4261 ad

1287 4278 1590 4327 tribunatum
1619 4282 1866 4334 evexerat,
1884 4280 2166 4323 accusatum
2195 4288 2300 4323 csse

1292 4340 1439 4391 Dion.
1463 4348 1516 4390 et
1537 4340 1668 4391 Plin.
1689 4346 1912 4390 auctores
1931 4343 2060 4387 sunt.
2095 4336 2257 4387 Cau.

1836 4402 1953 4460 »12
