3000 4784
819 219 1010 285 LIB.
1071 220 1158 286 IL
1228 219 1450 286 CAP.
1515 225 1613 285 12.
2190 225 2271 284 85

179 371 563 510 Ῑόαιεωῐῗιῖεαῐε
587 358 854 510 3ἵείηάἷὶ
899 381 980 509 εἰ
1011 359 1305 509 omisere,
1351 357 1685 510 nletasikad
1726 359 1969 459 flumen
2010 357 2273 509 :lditust
2294 364 2359 478 H·
2385 367 2443 478 g
2470 363 2577 491 332·

241 469 336 546 o·
421 468 532 546 um
626 467 745 546 ..¹⁸
853 493 868 510 .
979 469 1128 510 ucre
1183 469 1390 546 uspo
1606 468 1981 546 aenaeum
2090 468 2245 532 iquo
2338 465 2444 478 ··
2566 465 2578 477 ·

177 532 510 684 {Zffir'leussm
519 531 829 684 «1ᾚέἑὶἲῖ
855 641 892 683 e
939 555 1086 683 1105?
1088 555 1392 719 ως111(ᾇίῗέ
1425 531 2021 706 ζῗῖἰῗῖἷρῗῖἓὲἑ
2053 547 2271 682 ἲίἓῖἔῗ

180 704 568 782 Herminius,
600 706 708 770 ubi
739 705 1086 770 tumultum
1115 719 1330 782 sensit,
1361 706 1683 770 concurrit
1710 729 1795 770 ex
1833 705 2099 782 insidiis,
2130 727 2273 769 ver-

179 792 378 878 sisque
405 791 478 855 in
513 791 840 856 Valerium
871 791 1156 856 Etruscis
1184 805 1361 878 terga
1389 792 1635 856 caedit:
1682 792 1911 856 dextra
1942 792 2268 878 laevaque,

177 878 320 942 hinc
363 901 402 942 a
440 891 632 979 porta
684 877 960 956 Collina,
1007 878 1184 962 illinc
1234 880 1316 944 ab
1361 879 1627 956 Naevia,
1676 878 1963 944 redditus
2012 877 2267 944 clamor.

179 963 271 1029 Ita
306 987 471 1030 caesi
513 965 587 1028 in
623 964 836 1030 medio
875 965 1296 1052 praedatores,
1333 987 1546 1052 neque
1587 965 1671 1030 ad
1754 989 1991 1053 ugnam
2033 965 2273 1030 viribus

178 1073 367 1202 pmffiise
397 1065 466 1116 et
505 1051 594 1116 ad
629 1051 1454 1203 ffiffipffiigmibm
1480 1052 1635 1118 viis:
1728 1052 1955 1141 nisque
1994 1050 2101 1117 ille
2142 1065 2272 1117 tam

179 1159 212 1202 e
393 1161 472 1203 ev
641 1161 662 1202 t
971 1161 1025 1204 is

259 1159 700 1290 Obsididattilat
727 1224 930 1290 nihilo
959 1225 1170 1290 minus
1209 1238 1276 1290 et
1300 1225 1609 1290 &umenti
1650 1247 1801 1290 cum
1828 1246 2077 1290 summa
2112 1224 2274 1290 cari-
2401 1223 2497 1282 12·

179 1323 300 1375 tate
339 1312 603 1398 inopia3
663 1311 1072 1398 sedendoque
1131 1335 1170 1377 e
1257 1325 1647 1399 ugnaturum
1696 1333 1763 1376 se
1816 1311 2041 1376 urbem
2090 1333 2272 1398 spem

140 1412 167 1455 4
181 1395 496 1463 Porsenna
523 1399 825 1463 habebat:
873 1421 1074 1486 quum
1099 1397 1180 1463 C.
1275 1398 1474 1476 ucius,
1497 1397 1865 1462 adolescens
1892 1395 2141 1474 nobilis,
2165 1397 2271 1462 cui
2286 1409 2345 1459 c,
2366 1408 2531 1484 Mucii

180 1483 508 1571 indignum
537 1485 892 1562 videbatur,
1046 1484 1226 1549 ulum
1257 1483 1624 1550 Romanum
1644 1485 2045 1562 servientem,
2068 1506 2269 1570 quum
2284 1473 2486 1522 smnus.

181 1571 290 1634 sub
430 1572 576 1636 'bus
603 1583 786 1648 esset,
807 1595 852 1635 n
943 1595 984 1636 o
1093 1571 1181 1636 llo
1212 1594 1331 1636 nec
1359 1573 1442 1637 ab
1463 1571 1751 1636 hostibus
1771 1571 1918 1634 ullis
1946 1571 2271 1635 obsessum

181 1677 334 1734 esse;
429 1661 662 1724 berum
683 1658 962 1723 eundem
985 1658 1292 1745 populum
1315 1660 1396 1724 ab
1412 1658 1639 1723 iisdem
1670 1657 1953 1722 Etruscis
1974 1657 2274 1736 obsideri,

183 1765 442 1828 quorum
473 1767 666 1832 saepe
689 1745 1006 1809 exercitus
1033 1744 1288 1809 fuderit.
1378 1744 1414 1809 I
1527 1768 1630 1822 ue,
1660 1767 1891 1831 magno
1922 1743 2275 1830 audacique

183 1828 386 1916 aliquo
411 1831 698 1897 facinore
729 1854 870 1896 eam
899 1831 1346 1918 indignitatem
1374 1833 1486 1896 vin
1537 1831 1827 1896 'eandam
1854 1845 2045 1908 ratus,
2070 1830 2277 1918 primo

187 1937 292 1980 sua
329 1932 560 2004 sponte
612 1929 945 2005 penetrare
994 1918 1064 1981 in
1115 1918 1394 1983 hostium
1444 1930 1649 1984 castra
1696 1917 2061 1983 constituit:
2124 1917 2279 1982 dein

185 2016 484 2082 metuens,
527 2027 636 2081 ne,
666 2003 721 2068 si
760 2004 1092 2070 consulum
1135 2005 1380 2070 iniussu
1419 2017 1487 2070 et
1520 2004 1757 2092 ignaris
1798 2005 2095 2069 omnibus
2136 2009 2277 2080 iret,

187 2088 336 2154 forte
380 2090 820 2178 deprehensus
861 2115 902 2155 a
950 2090 1316 2157 custodibus
1369 2091 1679 2157 Romanis
1730 2089 2157 2156 retraheretur
2208 2103 2282 2155 ut

149 2181 174 2230 5
190 2177 516 2264 transfuga,
564 2177 822 2242 fortuna
863 2189 1002 2242 tum
1053 2178 1228 2242 urbis
1274 2179 1518 2244 crimen
1568 2177 1938 2254 affirmante,
1989 2189 2281 2242 senatum

191 2261 372 2328 adiit:
435 2264 780 2330 ‘Transire
829 2263 1154 2342 Tiberim,'
1196 2265 1426 2352 inquit,
1483 2265 1762 2342 ‘Patres‚
1809 2277 1875 2328 et
1924 2264 2181 2341 intrare,
2226 2263 2281 2328 si

194 2355 212 2384 ‘
229 2351 474 2435 pooeim,
519 2363 728 2416 castra
769 2351 1046 2416 hostium
1089 2351 1274 2428 volo;
1321 2375 1454 2416 non
1491 2351 1755 2452 praedo,
1800 2373 1921 2415 nec
1964 2350 2283 2438 populati-

193 2442 211 2470 ‘
229 2457 418 2502 onum
453 2439 528 2502 in
573 2438 782 2502 vicem
815 2438 1022 2503 ultor:
1071 2438 1294 2516 maius,
1323 2439 1377 2502 si
1417 2438 1511 2501 di1
1552 2438 1792 2514 iuvant,
1823 2437 1893 2501 in
1936 2438 2152 2502 animo
2188 2449 2283 2502 est

195 2528 214 2558 ‘
229 2521 502 2589 facinus-⁹
595 2524 974 2676 Appjrgbant
1017 2525 1279 2590 Patres:
1341 2524 1561 2589 abdito
1603 2523 1775 2586 intra
1812 2537 2053 2587 vestem
2094 2523 2281 2600 ferm,

192 2609 620 2693 proficiscitur.
825 2611 846 2675 i
885 2633 964 2676 eo
1007 2612 1204 2688 venit,
1247 2611 1318 2674 in
1354 2609 1815 2676 confertissima
1856 2609 2041 2673 turba
2082 2629 2279 2695 prope

301 2696 428 2760 ‘um
487 2697 770 2763 tribunal
827 2698 1123 2763 constitit.
1243 2697 1348 2763 Ibi
1405 2719 1609 2783 quum
1676 2695 1755 2760 sti
1838 2695 2063 2760 ndium
2121 2694 2283 2759 forte

303 2783 488 2849 'tibus
548 2784 826 2863 daretur,
880 2798 947 2849 et
997 2785 1219 2862 scriba,
1273 2807 1419 2848 cum
1479 2806 1549 2847 re
1680 2805 1747 2846 se
1795 2805 1909 2846 ens
1959 2780 2097 2868 pari
2153 2781 2285 2846 fere

199 2884 432 2948 ornatu,
481 2870 689 2936 multa
730 2884 966 2958 ageret,
1011 2894 1162 2936 eum
1209 2871 1442 2934 milites
1489 2894 1529 2932 v
1640 2892 1681 2933 ο
1732 2867 2006 2945 adirent,
2055 2868 2287 2932 timens

199 2952 504 3035 sciscitari,
537 2971 683 3022 uter
712 2957 1038 3022 Potsenna
1079 2971 1263 3035 esset,
1295 2981 1378 3022 ne
1421 2955 1777 3044 ignorando
1822 2978 2037 3043 regem
2080 2965 2286 3020 semet

199 3037 324 3124 ipse
354 3045 649 3130 aperiret,
679 3045 824 3130 quis
861 3058 1054 3122 esset,-
1076 3068 1206 3131 quo
1241 3058 1479 3108 temere
1512 3043 1705 3108 traxit
1743 3043 1997 3108 fortuna
2022 3043 2286 3118 theinna,

199 3127 458 3194 scribam
487 3154 608 3218 pro
634 3153 782 3217 rege
813 3132 1163 3197 obtruncat.
1255 3130 1619 3195 Vadentem
1660 3129 1831 3206 inde,
1863 3152 1993 3229 qua
2019 3151 2135 3215 per
2163 3143 2289 3192 tre-

201 3212 404 3296 pidam
429 3218 678 3282 turbam
695 3230 960 3282 cruento
977 3240 1278 3282 mucrone
1303 3217 1422 3281 sibi
1451 3217 1586 3365 izse
1604 3215 1843 3280 fecerat
1859 3237 2047 3291 mam,
2066 3237 2288 3301 quum,

203 3319 502 3368 concursu
531 3304 614 3368 ad
645 3303 986 3369 clamorem
1015 3303 1204 3382 iacto,
1233 3325 1491 3389 compre
1540 3324 1767 3367 ensum
1802 3301 1960 3388 regii
1989 3300 2291 3365 satellites

165 3389 192 3438 6
206 3389 618 3467 retraxissent,
666 3403 814 3455 ante
867 3389 1146 3455 tribunal
1190 3390 1358 3478 regis
1410 3389 1773 3466 destitutus
1826 3402 1961 3452 tum
2011 3411 2291 3474 quoque,

207 3606 430 3652 montana
449 3611 542 3654 etc.
613 3603 833 3654 Etruscis
851 3603 999 3666 igitur
1019 3618 1216 3652 necesse
1277 3609 1385 3652 tum
1406 3602 1573 3661 fixius,
1594 3605 1651 3650 ut
1669 3615 1750 3662 ap.
1776 3601 1951 3664 Polyb.
1973 3603 2297 3664 praenomina

211 3671 306 3713 erat
337 3669 594 3728 pnetefire
631 3674 821 3730 portam
856 3667 1122 3726 Collinam,
1151 3667 1214 3717 cf.
1280 3668 1569 3730 plerumque
1608 3665 1841 3728 legimus:
1886 3670 1937 3714 et
1972 3681 2147 3716 nomen
2184 3666 2295 3715 Mu-

211 3729 332 3778 xxvi.
361 3745 430 3780 10.
453 3739 505 3781 et
527 3733 656 3782 viam
679 3731 945 3790 Gabinam‚
965 3738 1022 3780 ut
1042 3733 1108 3781 ad
1129 3747 1213 3794 pe-
1281 3732 1414 3780 cium
1446 3735 1619 3793 postes
1637 3729 1887 3790 “fallente
1905 3732 2195 3780 mendacio”
2212 3729 2296 3778 ad·

213 3804 294 3839 eus
321 3809 350 3842 e
388 3803 528 3856 porta
553 3797 811 3859 Esquilina
843 3803 1072 3844 exactum
1111 3811 1218 3860 per-
1282 3796 1458 3844 ditum.
1524 3793 1623 3843 Sed
1655 3793 1779 3842 nihil
1816 3799 2048 3853 moratur,
2079 3809 2177 3856 quo
2208 3793 2297 3841 mi-

217 3856 456 3918 venirent3
505 3861 590 3910 ubi
631 3876 746 3911 vero
789 3861 886 3909 huc
930 3866 1218 3922 perventum
1281 3874 1374 3908 nus
1412 3857 1611 3908 Mucius
1649 3858 1923 3907 h'bertatem
1962 3858 2119 3916 illam,
2150 3871 2299 3919 quam

215 3925 326 3979 emt,
355 3937 388 3970 a
420 3925 580 3974 fronte
617 3941 702 3975 eos
731 3925 1076 3974 adoriebantur
1106 3939 1219 3974 eon·
1285 3924 1470 3973 Brutus
1489 3921 1713 3986 plebeius
1734 3922 1939 3985 peperit,
1956 3921 2175 3984 plebeius
2196 3920 2302 3984 ipse

215 3984 354 4043 ⁸⁸1⁸»
371 4001 399 4034 e
427 3989 578 4050 portis
600 3988 794 4038 Naevia
813 3995 866 4038 et
887 3989 1219 4039 Coelimonta-
1285 3988 1386 4036 vita
1405 4003 1496 4036 sua
1516 3993 1747 4036 tueretur.

219 4060 280 4094 Μ
295 4051 478 4110 θεῖε-εἰ.
515 4054 598 4102 Ita
616 4069 650 4102 a
663 4059 894 4115 quattuor
915 4053 1134 4115 partibus
1149 4052 1222 4100 in·
1352 4065 1379 4114 5
1413 4052 1665 4110 Fortuna]
1706 4050 1901 4112 Inopia,
1922 4065 2021 4113 qua
2050 4057 2157 4098 tum
2190 4051 2307 4098 urbs

221 4109 332 4182 clusi
349 4125 484 4165 erant
493 4117 673 4167 hostes.
693 4117 908 4168 Srno‘rn.
942 4117 1003 4165 cf.
1017 4117 1222 4166 Niebhr.
1288 4118 1557 4174 laborabat,
1612 4113 1935 4163 criminationi
2000 4113 2149 4163 fidem
2222 4113 2306 4160 ad-

225 4187 254 4221 1·
275 4190 320 4235 p-
343 4191 446 4241 535.
1291 4187 1525 4231 struente.

283 4256 312 4312 ,4
343 4243 488 4294 Caius
509 4247 741 4305 Mucius]
785 4245 940 4294 Mucii
973 4261 1092 4308 gens
1124 4246 1225 4308 ple·
1355 4243 1388 4294 6
1419 4245 1726 4302 Destinatus]
1776 4243 1939 4298 Solus,
1980 4257 2108 4296 reus,
2152 4241 2307 4302 inops.

227 4301 340 4352 beia·
403 4307 496 4358 Sed
521 4311 725 4359 Niebhr.
749 4309 780 4358 i.
807 4326 854 4372 p.
885 4325 910 4370 5
918 4307 991 4371 36.
1015 4309 1225 4371 διωρίσα-
1293 4309 1490 4358 Binan.
1561 4309 1623 4356 In
1646 4307 1871 4355 inferiore
1892 4306 2004 4352 loco
2026 4305 2311 4360 collocatus,

227 4369 302 4413 ἴω·
329 4369 378 4417 in
400 4381 491 4424 vet.
513 4375 770 4424 amialibus
797 4375 975 4424 Caium
1008 4373 1226 4435 appeua-
1291 4373 1428 4422 xxiii.
1455 4385 1498 4434 5.
1534 4374 1611 4421 vel
1646 4385 1835 4433 poenae
1866 4374 1953 4417 aut
1986 4369 2312 4418 contumeliae
