3000 4784
689 207 819 267 414
1473 194 1653 263 TIT
1666 196 1699 263 Ι
1752 193 1977 261 LIVI
1990 192 2025 261 Ῑ

367 352 438 403 U.
459 352 520 403 c.
547 364 656 418 39⁷-
693 358 830 403 rem
871 356 1100 400 novam
1137 333 1476 421 excogitat„
1508 354 1639 420 qua
1674 331 1913 397 deinde
1960 330 2147 395 multi
2193 330 2396 395 nostri
2444 324 2657 415 a'tque
2702 349 2839 391 ει-ε,

368 422 430 469 A.
463 420 523 469 0·
550 430 674 480 355·-
695 423 863 488 terni
905 423 1334 508 imperatores,
1365 432 1581 484 nostra
1614 440 1872 505 quoque
1914 418 2177 505 quidam
2222 428 2453 493 aetate,
2494 417 2605 479 usi
2648 428 2805 477 sum.

698 508 900 574 Mulis
945 520 1139 571 strata
1181 506 1431 571 detrahi
1477 506 1696 571 iubet:
1760 505 2053 591 binisque
2102 516 2353 569 tantum
2398 501 2847 568 centunculis:

695 595 948 672 relictis,
989 614 1310 681 agasones,
1355 592 1589 680 partim
1630 592 1913 679 captivis,
2100 591 2189 654 im
2234 610 2579 677 aegrorum
2630 588 2819 651 armis

697 696 970 757 ornatos,
1001 680 1290 767 imponit.
1385 676 1508 744 His
1540 679 1673 743 fere
1712 676 1883 742 mille
1916 701 1953 742 e
2002 678 2161 741 ectis
2192 692 2459 741 centum
2499 674 2821 739 admiscet

697 769 966 855 equiteS,
997 778 1066 831 et
1105 778 1292 831 nocte
1332 788 1525 853 super
1562 778 1765 829 castra
1802 764 1872 827 in
1910 778 2160 828 montes
2198 763 2497 841 evadere,
2529 785 2613 827 ac
2654 760 2824 825 silvis

700 878 768 919 se
811 853 1128 918 occultare
1173 853 1390 917 iubet:
1439 874 1651 938 neque
1696 850 1847 914 inde
1896 864 2043 915 ante
2090 850 2353 927 moveri,
2385 872 2591 936 quam
2639 849 2733 913 ab
2764 868 2823 909 π

701 941 1062 1027 acciperent
1089 940 1360 1025 signum.
1439 936 1605 1025 Ipse,
1638 938 1748 1002 ubi
1778 935 2007 1015 illuxit,
2040 938 2108 1001 in
2138 936 2461 1001 radicibus
2492 937 2827 1002 montium

703 1027 1050 1093 extendere
1095 1026 1298 1090 aciem
1343 1025 1557 1111 coepit
1600 1023 1841 1101 sedulo,
1889 1035 1965 1087 ut
2010 1024 2307 1088 adversus
2356 1036 2623 1088 montes
2674 1044 2829 1087 con-

701 1115 952 1179 sisteret
978 1113 1191 1177 hostis.
1253 1110 1575 1176 Instructo
1596 1111 1745 1175 vani
1774 1110 2027 1175 terroris
2054 1122 2382 1197 apparatu,
2408 1112 2530 1197 qui
2552 1110 2833 1197 quidem

707 1214 906 1266 terror
933 1200 1076 1287 plus
1103 1220 1307 1287 paene
1335 1199 1500 1262 veris
1529 1198 1767 1262 viribus
1794 1196 2050 1283 profuit,
2083 1198 2289 1284 primo
2317 1198 2592 1262 credere
2630 1197 2835 1260 duces

709 1286 1060 1363 Gallorum,
1093 1308 1226 1350 non
1253 1285 1667 1349 descensuros
1708 1283 1779 1347 in
1822 1306 2097 1369 aequum
2136 1283 2511 1360 Romanos3
2560 1282 2831 1357 deinde,

705 1375 818 1439 ubi
847 1374 1171 1460 degressos
1213 1384 1476 1459 repente
1504 1372 1823 1447 viderunt,
1855 1383 1923 1434 et
1956 1370 2078 1458 ipsi
2121 1370 2291 1434 avidi
2328 1370 2725 1435 certaminis
2768 1370 2839 1432 in

705 1460 1020 1548 proelium
1077 1470 1309 1523 ruunt=
1380 1457 1683 1545 priusque
1743 1479 1961 1544 pugna
2016 1458 2245 1605 coepliss
2300 1480 2505 1543 quam
2566 1458 2835 1545 signum

484 1548 582 1610 15.
709 1548 792 1612 ab
818 1546 1088 1611 ducibus
1116 1546 1390 1610 daretur.
1455 1544 1688 1609 Acrius
1717 1544 2001 1607 invasere
2034 1542 2140 1607 Ga
2190 1543 2208 1605 i
2238 1544 2553 1608 dextrum
2582 1566 2832 1610 cornu:

382 1633 651 1707 Ρτοοὶξιιω,
709 1655 920 1719 neque
959 1632 1254 1697 sustineri
1295 1630 1667 1719 potuissent,
1698 1630 1769 1693 ni
1795 1629 1956 1693 forte
1986 1652 2063 1694 eo
2098 1630 2239 1693 loco
2268 1630 2552 1695 dictator
2579 1632 2831 1703 ffiiaeet,

378 1712 691 1811 fflj'gssffn'
715 1718 859 1783 Sex,
911 1717 1200 1782 Tullium
1263 1716 1525 1782 nomine
1592 1717 1929 1816 increpans
1994 1717 2442 1803 rogitansque:
2520 1726 2545 1757 ‘
2571 1716 2833 1781 Siccine

621 1794 636 1809 ’
711 1813 732 1843 ‘
751 1816 1144 1891 pugnaturos
1195 1803 1427 1867 milites
1476 1802 1967 1890 spopondlsset?
2027 1788 2137 1867 ubi
2184 1801 2275 1866 illi
2326 1803 2652 1869 clamores
2708 1803 2833 1867 sint

709 1898 730 1933 ⁶
749 1910 926 1954 arma
951 1889 1396 1976 poscentium?
1434 1890 1549 1953 ubi
1578 1890 1787 1953 minae
1818 1888 2059 1953 iniussu
2082 1888 2478 1977 imperatoris
2504 1890 2836 1977 proelium

709 1984 730 2017 ‘
749 1975 1065 2041 inituros?
1155 1974 1260 2039 En
1303 1976 1513 2063 ipsum
1563 1976 2010 2063 imperatorem
2053 1975 2221 2040 clara
2262 1998 2417 2041 voce
2462 1998 2709 2041 vocare
2756 1973 2837 2038 ad
2950 2035 2952 2044 4

709 2072 731 2106 ‘
751 2062 1083 2151 proelium,
1143 2074 1212 2127 et
1267 2062 1358 2127 ire
1418 2075 1732 2127 armatum
1788 2074 1936 2127 ante
1994 2062 2201 2149 prima
2256 2063 2456 2149 signa.
2584 2062 2831 2149 Ecquis

711 2160 731 2191 ‘
753 2168 1126 2238 sequeretur
1167 2170 1408 2227 eorum,
1497 2149 1564 2211 ui
1611 2148 1802 2214 modo
1848 2148 2105 2213 ducturi
2149 2148 2426 2225 fuerint3
2475 2150 2553 2213 in
2608 2148 2833 2215 castris
2947 2226 2950 2237 1

711 2246 732 2277 ‘
752 2237 1011 2315 feroceS,
1043 2236 1112 2300 in
1155 2237 1289 2300 acie
1369 2173 1538 2300 aviiii
1559 2236 1617 2298 ?’
1704 2234 1878 2299 Vera
1916 2236 2296 2300 audiebant:
2345 2236 2572 2322 itaque
2618 2248 2831 2301 tantos

709 2323 920 2411 pudor
946 2323 1232 2387 stimulos
1346 2321 1562 2399 movit,
1590 2332 1662 2385 ut
1682 2334 1944 2386 ruerent
1964 2322 2033 2385 in
2054 2321 2334 2387 hostium
2356 2322 2504 2399 tela,
2528 2322 2831 2388 alienatis

711 2430 751 2473 a
807 2409 1114 2473 memoria
1166 2407 1432 2495 periculi
1491 2405 1734 2471 animis,
1830 2408 1960 2472 Hic
2016 2408 2224 2495 primo
2280 2410 2567 2496 impetus
2628 2430 2827 2497 prope
2943 2456 2950 2494 ·.

713 2518 930 2561 vecors
997 2495 1272 2561 turbavit
1331 2494 1583 2558 hostes:
1654 2516 1851 2581 eques
1908 2494 2145 2559 deinde
2207 2496 2474 2559 emissus
2534 2498 2833 2561 turbatos
2947 2501 2950 2512 '

713 2582 955 2647 avertit.
1047 2580 1192 2669 Ipse
1233 2580 1525 2657 dictator,
1558 2594 1894 2667 postquam
1934 2581 2253 2645 labantem
2292 2604 2422 2645 una
2448 2596 2641 2667 parte
2672 2581 2832 2647 vidit

714 2670 935 2747 aciem,
965 2668 1147 2755 signa
1179 2668 1248 2731 in
1282 2667 1533 2731 laevum
1569 2688 1770 2731 cornu
1798 2667 2064 2745 confert,
2095 2690 2225 2755 quo
2256 2669 2509 2732 turbam
2538 2668 2825 2733 hostium
2844 2678 2869 2723 S

713 2776 838 2819 con
883 2756 1084 2841 regari
1127 2754 1472 2830 cernebat3
1520 2764 1586 2818 et
1632 2754 1725 2831 iis,
1767 2754 1880 2840 qui
1924 2754 1992 2817 in
2036 2767 2255 2819 monte
2299 2766 2501 2831 erant,
2542 2756 2829 2841 signum,

714 2862 802 2925 qu
933 2852 1332 2917 convenerat,
1364 2839 1562 2904 dedit.
1658 2839 1792 2904 Ubi
1838 2840 1988 2904 inde
2032 2864 2290 2928 quoque
2334 2864 2542 2905 novus
2586 2842 2829 2907 clamor

714 2936 907 3000 ortuS,
949 2936 1016 2987 et
1062 2923 1325 2989 tendere
1374 2925 1633 3013 obliquo
1680 2939 1897 2991 monte
1944 2926 2025 2991 ad
2074 2940 2277 2991 castra
2318 2926 2667 2993 Gallorum
2716 2926 2869 2994 visi‘)

714 3022 902 3087 sunt3
973 3023 1110 3073 tum
1170 3023 1366 3087 metu,
1427 3034 1510 3076 ne
1570 3010 2079 3092 excluderentur,
2140 3014 2369 3079 omissa
2425 3037 2659 3101 pugna
2718 3028 2825 3089 est,

716 3118 1030 3185 cursuque
1075 3097 1276 3161 effuso
1323 3096 1407 3163 ad
1453 3111 1656 3163 castra
1696 3098 2075 3165 ferebantur.
2170 3100 2303 3165 Ubi
2348 3122 2556 3201 quum
2605 3123 2829 3167 occur-

717 3186 896 3251 risset
953 3184 1031 3249 iis
1084 3182 1178 3249 M.
1205 3182 1521 3264 Valerius,
1574 3208 1639 3249 m
1724 3186 1742 3201 ‘⁴
1776 3199 1873 3251 ter
1929 3187 2239 3274 equitum,
2294 3210 2427 3274 qui,
2488 3188 2825 3276 profligato

717 3273 942 3338 dextro
973 3294 1190 3350 cornu,
1224 3272 1344 3337 obe
1389 3272 1634 3337 uitabat
1720 3273 1952 3337 ostium
1992 3274 2427 3351 munimentiS,
2458 3274 2547 3339 ad
2576 3288 2824 3341 montes

713 3358 1029 3447 silvasque
1061 3371 1316 3424 vertunt
1373 3380 1598 3446 ugam:
1646 3358 2031 3447 plurimique
2070 3360 2161 3424 ibi
2202 3383 2241 3424 a
2278 3360 2486 3426 fallaci
2529 3362 2821 3447 equitum

717 3448 928 3533 specie
972 3446 1473 3534 agasonibusque
1518 3444 1771 3532 excepti
1816 3460 2002 3510 sunt:
2052 3458 2119 3511 et
2158 3468 2398 3525 eorum,
2432 3470 2597 3533 quos
2632 3466 2823 3535 pavor

801 3532 1064 3598 rtulerat
1105 3534 1175 3596 in
1219 3532 1423 3610 silvas,
1472 3545 1654 3597 atrox
1703 3532 1929 3596 caedes
1979 3546 2123 3621 post
2170 3533 2462 3598 sedatum
2554 3534 2823 3598 roelium

390 3632 641 3695 Sulpicius
747 3618 857 3681 uit.
981 3618 1049 3682 N
1051 3642 1124 3684 ec
1191 3618 1350 3683 alius
1407 3630 1552 3707 post
1611 3617 1705 3683 Μ.
1751 3618 2036 3696 Furium,
2098 3642 2291 3707 quam
2354 3620 2433 3684 C.
2531 3619 2821 3707 ulpiciuS,

391 3698 676 3760 triumphat.
721 3702 1045 3767 iustiorem
1075 3704 1157 3767 de
1192 3704 1394 3769 Gallis
1423 3706 1557 3792 egit
1586 3704 1996 3793 triumphum.
2070 3706 2234 3770 Auri
2264 3728 2525 3793 quoque
2558 3730 2643 3771 ex
2670 3704 2823 3770 Gal—

786 3950 818 4001 6
841 3954 998 4002 Multi
1019 3954 1172 4001 nostri
1268 3953 1610 4015 imperatores]
1638 3972 1735 4019 eg.
1802 3956 1953 4005 tellae
1984 3958 2188 4005 terendo
2220 3961 2412 4019 tergum
2444 3954 2695 4003 mularum
2726 3956 2818 4003 vul-

721 4017 914 4068 Marius
949 4018 1179 4067 adversus
1212 4018 1463 4066 Teutonas
1499 4025 1737 4083 pugnatu—
1802 4026 2040 4069 nerarent.
2072 4020 2289 4069 Srnorn.
2353 4023 2626 4081 Ayasones,
2648 4020 2733 4082 qui
2758 4020 2817 4067 iu-

719 4098 816 4133 rus.
863 4082 979 4131 vid.
1005 4080 1222 4131 Frontin.
1247 4082 1451 4141 Stra-teg.
1475 4082 1525 4131 ii.
1550 4102 1594 4145 4.
1800 4090 1971 4133 menta
1990 4083 2251 4133 sarcinaria
2270 4084 2533 4134 ducebant.

789 4159 816 4209 7
847 4148 1043 4207 Strata]
1095 4146 1144 4197 h.
1179 4146 1210 4195 l.
1247 4144 1372 4195 Sunt
1411 4146 1643 4209 clitellae,
1682 4152 1738 4195 ut
1866 4150 1898 4197 8
1934 4150 2129 4209 Acina]
2176 4164 2245 4197 sc.
2278 4148 2534 4207 Hostium,
2572 4146 2661 4211 qui
2696 4164 2729 4197 a
2764 4148 2816 4197 si-

719 4210 828 4259 infr.
858 4224 907 4260 x.
935 4226 1014 4272 40.
1048 4212 1277 4261 detractis
1307 4212 1497 4260 clitellis
1512 4231 1528 4259 .·
1564 4210 1738 4273 quibus
1802 4213 1952 4260 nistro
1976 4228 2126 4261 cornu
2148 4228 2237 4261 suo
2259 4212 2583 4261 fluctuabant.

719 4276 1150 4323 substernebantur
1169 4277 1467 4335 centurio-uli,
1482 4276 1533 4325 h.
1552 4290 1594 4323 e.
1618 4290 1735 4336 pan·
1866 4290 1897 4341 9
1932 4275 2137 4340 obliquo
2167 4278 2351 4336 monte]
2394 4274 2627 4337 Obliquis
2660 4276 2815 4323 trami-

722 4335 772 4380 ni
796 4350 857 4381 ex
877 4342 1081 4398 utraque
1101 4345 1242 4399 parte
1265 4339 1550 4401 pendentes,
1568 4352 1630 4385 ne
1653 4338 1735 4383 cli·
1800 4338 1931 4387 tibus
1952 4354 2041 4401 per
2062 4346 2279 4387 montem
2300 4340 2575 4387 tendentes.
