3000 4784
867 235 1058 307 ΜΒ.
1118 241 1167 306 1,
1238 241 1458 308 CAP.
1517 245 1619 308 59.
1686 193 1695 202 ⁰
2209 244 2287 308 67

201 363 266 454 in
293 361 488 442 corde
517 361 772 464 defigit:
820 363 1234 466 prolapsaque
1263 379 1329 441 in
1359 377 1610 455 vulnuS,
1630 377 2009 443 moribunda
2036 377 2284 442 cecidit.
2429 454 2443 464 ,

203 462 626 528 Conclamant
670 464 766 528 vir
809 479 1134 552 paterque.
1227 463 1485 542 Bruttia,
1535 463 1659 528 illis
1717 465 1894 529 luctu
1948 465 2287 551 occupatis,
2409 467 2511 531 59.

197 549 493 628 cu'ltmm,
517 567 602 616 e'x
621 550 881 616 vulnere
913 550 1248 618 Lucretiae
1277 562 1654 630 estractum,
1680 563 2043 616 manantem
2066 573 2287 616 cruore

195 659 346 724 prae
375 661 444 703 se
468 651 710 716 tenens,
737 636 896 703 ‘Per
920 638 1132 715 hunc,’
1154 637 1380 726 inquit,
1415 638 1861 702 ‘castissimum
1883 651 2029 703 ante
2051 638 2287 724 regiain

199 707 535 789 ‘iniuriam
570 725 941 812 sanguinem
986 725 1145 802 iuro,
1187 747 1442 812 onUe,
1474 723 1586 801 dii,
1616 737 1809 788 testes
1846 724 2027 802 facio,
2064 743 2165 788 me
2208 722 2283 788 L.
2346 807 2351 813 ι

197 819 218 848 ⁶
235 810 664 898 Tarquinium
715 811 1091 900 Superbum,
1141 833 1288 876 cum
1336 811 1639 876 scelerata
1683 811 1954 898 coniuge
1988 822 2069 890 ‘et
2113 810 2287 875 omni
2305 817 2593 895 coniuratio

197 896 601 976 ‘liberm-um,
631 899 824 986 stirpe
854 898 1038 976 ferro,-
1069 899 1224 986 igni,
1257 920 1638 985 quacunque
1667 898 1903 962 dehinc
1932 897 1995 962 vi
2033 897 2285 985 possim,
2304 883 2583 996 ffiu'fff‘lm‘

145 1021 176 1069 7
195 992 717 1050 ‘exsecuturum:
779 1007 906 1070 nec,
947 985 1105 1064 illos,
1165 995 1286 1050 nec
1337 984 1530 1049 alium
1583 1007 1773 1071 quem
1824 1007 1969 1048 uam
2026 1005 2287 1071 regnare
2448 983 2463 998 ⁰

194 1079 214 1108 ‘
233 1071 484 1135 Romae
542 1071 909 1158 passurum.'
1015 1069 1312 1137 Cultrum
1371 1071 1604 1135 deinde
1668 1070 1793 1136 Col
1854 1072 1989 1136 tino
2059 1069 2286 1148 tradit3

189 1157 346 1222 inde
392 1156 694 1223 Lucretio
738 1181 809 1223 ac
855 1157 1132 1236 Valerio,
1173 1157 1572 1246 stupentibus
1611 1157 1912 1221 miraculo
1955 1157 2068 1234 rei,
2114 1156 2287 1221 unde

190 1266 432 1308 novum
477 1244 546 1308 in
591 1243 772 1309 Bruti
863 1247 1072 1309 ectore
1111 1245 1456 1331 ingenium.
1550 1243 1646 1308 Ut
1682 1256 2093 1330 praeceptum
2132 1255 2283 1320 erat,

188 1331 441 1396 iurant:
492 1331 736 1418 totique
783 1268 862 1396 ab
898 1331 1073 1396 luctu
1111 1331 1275 1396 versi
1317 1331 1386 1396 in
1424 1331 1603 1408 iram,
1642 1328 1934 1406 Brutum,
1976 1329 2102 1393 iam
2136 1329 2286 1394 inde

187 1417 276 1480 ad
333 1419 832 1505 expugnandum
890 1439 1158 1506 regnum
1217 1429 1568 1494 vocantem,
1668 1427 1673 1434 ’
1738 1426 1979 1480 uuntur
2035 1414 2281 1480 ducem.

191 1502 456 1568 Elatum
475 1503 664 1569 domo
695 1504 1030 1570 Lucretiae
1049 1527 1278 1592 corpus
1306 1505 1374 1568 in
1395 1503 1601 1568 forum
1624 1503 1706 1569 de
1732 1515 1939 1579 erunt,
1964 1503 2287 1567 concient-

187 1612 319 1676 que
356 1591 682 1669 miraculo,
719 1603 792 1656 ut
825 1591 916 1669 fit,
953 1593 1045 1656 rei
1085 1613 1284 1656 novae
1321 1603 1513 1678 atque
1553 1590 1929 1678 indignitate
1959 1589 2281 1654 homines:

185 1697 308 1763 pro
349 1699 420 1742 se
463 1677 732 1766 quisque
775 1677 976 1742 scelus
1018 1677 1264 1765 regium
1306 1699 1379 1741 ac
1423 1676 1553 1740 vim
1600 1691 1967 1776 queruntur.
2060 1673 2285 1742 Movet

185 1777 332 1827 tum
385 1765 581 1852 patris
628 1765 958 1841 maestitia,
1004 1777 1140 1828 tum
1203 1763 1455 1840 Brutus,
1504 1776 1839 1850 castlgator
1888 1761 2285 1827 lacrimarum

185 1863 384 1936 atque
431 1851 730 1915 inertium
782 1849 1199 1938 querelarum,
1245 1861 1608 2000 auctor-(hue,
1654 1849 1828 1937 quod
1878 1851 2062 1927 viros,
2108 1849 2285 1936 quod

187 1935 520 2002 Romanos
565 1938 840 2014 deceret,
889 1959 1062 2001 arma
1103 1936 1396 2024 capiendi
1525 1955 1738 2001 versus
1785 1936 2039 2000 hostilia
2080 1959 2278 2001 ausos.

186 2017 638 2089 Ferocissimus
661 2024 928 2112 quisque
952 2025 1252 2088 iuvenum
1281 2045 1426 2088 cum
1456 2023 1645 2087 armis
1664 2022 2053 2087 voluntarius
2074 2021 2277 2104 adest:

185 2132 256 2176 se
305 2111 482 2175 uitur
525 2123 592 2180 et
642 2123 855 2177 cetera
896 2111 1206 2175 iuventus.
1297 2105 1477 2187 Inde,
1524 2109 1661 2198 pari
1703 2109 2017 2197 praesidio
2060 2108 2283 2175 relicto

191 2133 508 2263 Cbllafiae
577 2197 659 2262 ad
715 2205 945 2286 portas,
1007 2196 1498 2284 custodibusque
1556 2195 1737 2273 datis,
1799 2218 1879 2259 ne
1934 2195 2075 2282 quis
2133 2218 2281 2260 eum

191 2295 436 2348 motum
453 2285 705 2371 regibus
727 2285 1068 2362 nuntiaret,
1092 2282 1289 2348 ceteri
1310 2283 1552 2360 armati,
1571 2281 1734 2346 duce
1759 2280 1983 2359 Brut0,
2005 2280 2281 2347 Romam

189 2371 474 2457 profecti.
567 2370 702 2436 Ubi
739 2393 818 2436 eo
861 2384 1123 2436 ventum
1164 2384 1280 2448 est,
1367 2390 1575 2434 uacnn
1621 2391 1701 2432 ue
1746 2367 2005 2444 incedit,
2043 2381 2282 2433 armata

191 2456 534 2523 multitudo
554 2480 853 2545 pavorem
876 2481 949 2523 ac
973 2393 1511 2522 tumultumffacit.
1672 2475 1869 2530 ursus,
1902 2453 2014 2518 ubi
2037 2455 2279 2518 anteire

189 2544 498 2632 primores
542 2545 812 2610 civitatis
857 2545 1095 2621 vident,
1141 2541 1450 2630 quicquid
1494 2540 1596 2618 sit,
1641 2537 1816 2604 haud
1858 2551 2097 2603 temere
2144 2561 2279 2604 esse

189 2643 430 2695 rentur.-
521 2630 666 2696 Nee
686 2632 996 2696 minorem
1027 2645 1271 2696 motum
1293 2629 1648 2693 animorum
1679 2627 1923 2691 Romae
1948 2637 2078 2690 tam
2100 2637 2277 2690 atrox

189 2739 291 2782 res
323 2717 498 2795 facit,-
528 2740 720 2805 quam
763 2716 1074 2783 Collatiae
1109 2717 1356 2781 fecerat.
1451 2714 1624 2803 Ergo
1664 2737 1749 2778 ex
1794 2712 2089 2778 omnibus
2126 2710 2280 2776 locis

189 2803 366 2868 urbis
393 2804 464 2868 in
491 2805 697 2870 forum
727 2805 1014 2870 curritur.
1109 2803 1261 2879 Quo
1288 2801 1476 2868 simul
1493 2813 1761 2866 ventum·
1790 2812 1905 2878 est,
1935 2797 2279 2887 praeoo‘ad

135 2904 175 2952 8
192 2890 521 2956 tribunum
571 2881 893 2969 Celerum,
942 2891 1009 2955 in
1054 2912 1184 2978 quo
1227 2903 1364 2954 tum
1414 2888 1785 2975 magistratu
1824 2887 1987 2952 forte
2038 2885 2279 2950 Brutus

191 2990 345 3056 erat,
392 2979 700 3065 populum
752 2977 1096 3044 advocavit.
1187 2975 1288 3040 Ibi
1334 2975 1533 3040 oratio
1584 2973 1821 3051 habita,
1873 2996 2003 3061 neq
2131 2995 2279 3037 uam

191 3065 330 3129 eius
375 3065 647 3153 pectoris
681 3065 717 3140 ‚i
842 3063 1082 3150 niique,
1135 3061 1311 3148 quod
1369 3059 1733 3125 simulatum
1784 3059 1866 3124 ad
1911 3083 2053 3125 eam
2154 3060 2277 3124 'em

189 3151 415 3230 fiierat,
447 3151 528 3218 de
571 3151 637 3216 v¹i
667 3171 739 3216 ac
799 3149 1038 3214 ibidine
1075 3147 1220 3214 Sex.
1253 3147 1611 3234 Tarquinii,
1644 3146 1726 3211 de
1768 3158 1986 3234 stupro
2014 3145 2277 3210 infando

192 3236 534 3304 Lucretiae
577 3249 645 3302 et
677 3235 1016 3306 miserabili
1061 3233 1274 3310 caede,
1311 3233 1392 3296 de
1433 3232 1701 3297 orbitate
1746 3231 1921 3296 Trici
1968 3231 2130 3310 itini,
2172 3232 2273 3297 cui

187 3337 394 3389 morte
442 3323 610 3388 filiae
655 3345 844 3391 causa
887 3321 1109 3387 mortis
1149 3319 1470 3422 indignior
1516 3341 1589 3383 ac
1640 3318 1926 3384 miserab‘
1959 3318 2051 3382 'or
2093 3330 2272 3384 esset.

187 3409 440 3476 Addita
467 3409 761 3498 superbia
797 3409 994 3496 ipsius
1021 3429 1054 3471 r
1133 3409 1204 3486 is,
1236 3405 1650 3556 miseriaeque
1691 3417 1758 3470 et
1784 3404 2028 3471 labores
2054 3405 2276 3493 plebis,

185 3497 260 3561 in
317 3499 510 3563 fossas
570 3497 939 3584 cloacasque
999 3517 1034 3558 e
1207 3492 1458 3558 riendas
1562 3514 1859 3558 emersae.
1956 3491 2277 3557 Romanos

185 3583 498 3662 homines,
557 3583 824 3650 victores
883 3581 1168 3646 omnium
1223 3580 1390 3644 circa
1444 3578 1844 3680 populorum,
1898 3600 1938 3642 o
1981 3577 2155 3644 ifices
2206 3601 2279 3643 ac

185 3671 494 3757 lapicidas
521 3693 636 3757 pro
665 3668 1073 3735 bellatoribus
1101 3667 1313 3732 factos.
1405 3663 1681 3752 Indigna
1718 3663 1851 3730 Ser.
1948 3663 2087 3728 ullii
2114 3687 2180 3730 re
2228 3665 2279 3730 is
2366 3679 2371 3684 “

187 3771 538 3822 memorata
565 3757 807 3834 caedes,
833 3768 899 3820 et
928 3755 1181 3820 invecta
1198 3751 1447 3840 corpori
1467 3753 1662 3840 patris
1687 3749 1963 3817 nefando
1984 3750 2168 3816 vehic
2238 3773 2277 3815 o

261 3997 287 4046 7
329 3984 718 4041 Emonam-um]
787 3984 1095 4031 Exactnmm
1137 3997 1202 4030 ex
1263 3981 1494 4044 genapud
1512 3979 1795 4030 conferendi
1810 3996 1939 4042 supr.
1956 3993 2026 4043 15.
2072 3979 2275 4044 Quippe

187 4049 468 4099 coniectura
505 4045 752 4105 Rhenani,
785 4045 902 4094 licet
935 4046 1076 4094 codd.
1117 4047 1200 4095 ad-
1265 4059 1400 4107 reges
1431 4044 1591 4093 exacti
1622 4044 1730 4107 Iege
1762 4045 2041 4104 tribunicia,
2072 4059 2139 4093 sc.
2168 4045 2277 4106 lege

188 4129 309 4163 ’ω’
331 4112 600 4190 ⁵”·‘⁰¹‘¹¹¹¹¹
607 4109 1203 4233 amessa...
1262 4109 1396 4221 32¹3ss
1434 4125 1511 4222 “12¹¹
1521 4108 1591 4220 Τ
1606 4124 1656 4220 1¹3
1682 4109 1879 4222 ’ἑὲὅῖ
1904 4109 2273 4220 Οἱίηέῑὲζζ

187 4178 718 4300 υτξαῖαἶῠααῖἰαέιιηω
738 4243 842 4287 erat
869 4187 1108 4300 ροὲιῧαηι
1133 4251 1202 4285 sc.
1265 4236 1296 4287 i.
1321 4253 1368 4300 p.
1394 4189 1502 4299 236.
1526 4208 1633 4299 5⁸18.
1659 4208 1672 4222 ο
1866 4187 1912 4234 g·
2025 4207 2038 4219 ⁸
2260 4199 2275 4220 ⁶

189 4306 422 4370 patricios
449 4303 672 4355 curiatim
704 4300 1022 4360 convocandi,
1054 4307 1104 4350 et
1135 4300 1202 4348 Ie—
1820 4381 1859 4424 F
1890 4367 1928 4422 2

2958 3963 2962 4014 -.
2954 3865 2962 3924 μ.-.
2960 3837 2962 3848 Α.
2954 3689 2963 3824 ,---.Ᾰ-
2956 3557 2962 3666 Δ..--,-
