3000 4784
640 203 765 265 256
1421 194 1646 263 ΤῙΤῙ
1708 194 1982 262 LIVII

314 325 383 375 U.
407 324 465 375 c.
492 337 600 387 3²5·
638 310 845 412 parari
890 308 1179 375 consules
1230 309 1421 375 unius
1470 332 1552 374 ex
1601 310 1868 397 collegio
1917 308 2280 396 proditione
2327 307 2794 395 excepissent,

312 392 375 439 A.
409 389 467 439 C·
492 404 605 451 4²⁷·
640 398 761 485 ipsi
790 420 1098 483 praeoccu
1142 410 1408 461 averunt
1435 398 1614 461 ferre.
2817 412 2848 460 8

316 502 384 551 U.
409 502 467 550 c,
494 500 601 562 326.
732 483 1073 549 Consules·
1152 530 1168 547 .
1208 482 1465 633 Ssslffius
1509 482 1782 547 Fidenas
1821 482 2073 558 iterum,
2119 480 2366 546 Hostus
2411 479 2802 545 Lucretius

312 568 375 615 A·
410 566 469 615 C·
492 564 601 626 4²6·
642 570 1071 657 Tricipitinus.
1167 570 1252 633 N'
1400 570 1670 655 dignum
1721 568 1901 633 dictu
1952 581 2164 633 actum
2215 568 2315 631 his
2361 567 2796 632 consulibus·

315 630 576 742 ᾗὸἧῖξίἵο
645 657 860 723 Secuti
912 680 1021 721 eos
1076 655 1366 722 consules
1422 656 1504 720 A.
1558 655 1897 720 Cornelius
1948 654 2204 731 Cossus,
2259 654 2339 718 Τ.
2402 655 2801 729 Quinctius

314 757 545 806 Lucretio
642 744 903 809 Pennus
930 744 1179 807 iterum.
1259 743 1569 807 Veientes
1597 743 1666 805 in
1695 764 1918 828 agrum
1943 741 2312 805 Romanum
2340 742 2804 805 excursiones

314 823 452 934 ss⁰⁸3
528 900 553 933 2
640 830 942 895 fecerunt.
1036 829 1231 894 Fama
1280 828 1419 906 fuit,
1467 828 1778 916 quosdam
1823 850 1905 892 ex
1955 827 2361 893 Fidenatium
2413 828 2800 892 iuventute

312 922 384 998 A]
411 920 470 998 c]
494 898 604 1011 {a}
785 916 979 1016 ieipes
1007 918 1145 980 eius
1187 916 1616 1014 populationis
1644 914 1873 979 fuisse:
1921 914 2332 1015 cognitioque
2373 914 2514 979 eius
2544 916 2656 978 rei
2699 914 2796 978 L.

314 1014 626 1072 A.Cornelio‚
732 1026 885 1103 rglo,
916 1015 981 1066 et
1014 1002 1096 1078 Q.
1123 1002 1406 1078 Servssio,
1432 1015 1498 1066 et
1529 1001 1727 1065 Mam.
1755 1000 2038 1065 Aemilio
2059 1000 2379 1088 permissa.
2463 1000 2800 1101 Quidam
2962 1094 2963 1097 Ἴ

316 1077 624 1191 'fl-{32:⁰5⁰
651 1090 899 1155 Ostiam
928 1088 1209 1175 relegati,
1242 1088 1437 1176 quod,
1468 1111 1583 1152 cur
1621 1111 1736 1174 per
1762 1110 1870 1152 eos
1899 1087 2035 1152 dies
2065 1110 2103 1151 a
2131 1086 2392 1151 Fidenis
2421 1087 2794 1163 afuissent,

646 1198 869 1263 parum
914 1178 1257 1240 constabat.
1352 1173 1746 1239 Colonorum
1798 1173 2052 1237 additus
2095 1196 2420 1250 numeruS,
2468 1196 2590 1260 age
2693 1197 2794 1237 ue

316 1275 536 1327 siccitas.
646 1263 724 1327 iis
753 1263 920 1328 bello
950 1263 1473 1349 interemptorum
1503 1262 1870 1347 assignatus.
1967 1259 2261 1323 Sieeitate
2294 1283 2374 1324 eo
2403 1282 2582 1324 anno
2611 1284 2666 1347 p
2701 1284 2797 1323 u-

641 1351 875 1413 rimum
904 1349 1255 1413 laboratum
1284 1360 1411 1412 est:
1461 1370 1583 1411 nec
1611 1346 1914 1411 coelestes
1937 1345 2128 1410 modo
2149 1346 2493 1410 defuerunt
2521 1370 2790 1433 aquae,

641 1436 756 1500 sed
791 1450 957 1500 terra
991 1458 1265 1521 quoque,
1299 1433 1585 1520 ingenito
1621 1433 1887 1497 humore
1928 1454 2142 1517 egenS,
2173 1431 2284 1495 vix
2321 1432 2404 1496 ad
2519 1456 2792 1497 rennes

642 1522 890 1586 suffecit
912 1544 1147 1585 amnes
1239 1520 1546 1584 Defectus
1569 1518 1718 1583 alibi
1741 1541 2046 1605 aquarum
2071 1518 2238 1582 circa
2255 1519 2403 1582 torri
2453 1542 2526 1583 os
2543 1520 2788 1583 fontes

641 1608 933 1693 rivosque
984 1620 1257 1693 stragem
1304 1606 1409 1670 siti
1453 1627 1757 1692 pecorum
1809 1606 2216 1669 morientium
2261 1604 2476 1669 dedit:
2537 1606 2784 1670 scabie
2805 1638 2844 1685 9

641 1693 764 1758 alia
797 1696 1160 1779 absumpta:
1209 1692 1576 1778 vulgatique
1623 1704 1920 1756 contactu
1963 1691 2032 1753 in
2076 1691 2366 1756 homines
2409 1693 2644 1769 morbi,
2697 1706 2783 1757 et

642 1783 847 1866 primo
891 1780 959 1841 in
989 1792 1261 1864 agrestes
1301 1778 1670 1865 ingruerant
1713 1777 2125 1864 servitiaque:
2174 1778 2324 1841 urbs
2350 1777 2594 1842 deinde
2635 1780 2780 1842 im-

316 1877 626 1951 Exteynasu-
641 1865 865 1952 pletur.
959 1864 1027 1928 N
1030 1888 1102 1929 ec
1132 1887 1393 1950 corpora
1420 1864 1614 1928 modo
1643 1865 1868 1929 affecta
1891 1865 2057 1939 tab0,
2077 1862 2190 1927 sed
2213 1864 2457 1929 animos
2488 1888 2774 1951 quoque
2805 1892 2830 1925 r

316 1942 553 2003 perantia.
640 1951 824 2015 multi
870 1950 975 2015 lex
1014 1951 1235 2037 religio
1266 1963 1331 2015 et
1418 1950 1675 2037 leraque
1707 1964 1988 2027 externa,
2033 1950 2302 2026 invasit3
2349 1973 2550 2015 novos
2595 1951 2774 2015 ritus
2797 1979 2830 2012 2

641 1974 1034 2102 sacrificandi
1056 2038 1373 2101 vaticinari
1422 2061 1459 2102 o
1478 2038 1892 2101 inferentibus
1922 2037 1990 2099 in
2019 2036 2262 2113 domos
2288 2038 2524 2122 quibus
2551 2060 2772 2124 quae-

642 2124 768 2188 stui
815 2139 964 2189 sunt
1006 2124 1177 2225 capti
1228 2124 1674 2211 superstitione
1727 2122 1963 2190 animi:
2027 2122 2233 2187 donec
2283 2122 2580 2209 publicus
2625 2125 2766 2188 iam
2791 2138 2824 2185 3

642 2210 850 2297 pudor
878 2212 959 2275 ad
998 2233 1303 2297 primores
1330 2210 1601 2275 civitatis
1641 2209 1950 2297 pervenit,
1982 2222 2314 2274 cernentes
2352 2209 2422 2273 in
2451 2212 2768 2275 omnibus

642 2298 797 2362 vicis
818 2297 1186 2384 sacellisque
1262 2298 1549 2383 eregrina
1576 2309 1766 2382 atque
1795 2295 2048 2360 insolita
2075 2296 2324 2381 piacula
2348 2295 2524 2382 pacis
2553 2297 2766 2361 deum

644 2383 1098 2471 exposcendae.
1191 2320 1434 2447 lgatum
1464 2382 1616 2446 inde
1643 2383 1969 2469 negotium
1999 2381 2327 2458 aedilibus,
2361 2394 2433 2446 ut
2461 2384 2764 2447 animad-

646 2483 985 2548 verterent,
1011 2493 1093 2536 ne
1114 2470 1245 2557 qui,
1270 2470 1390 2533 nisi
1427 2468 1707 2533 Romani
1735 2468 1846 2545 dii,
1871 2491 2002 2532 neu
2029 2491 2158 2555 quo
2188 2468 2311 2532 alio
2335 2490 2531 2546 more,
2557 2492 2761 2557 quam

644 2558 867 2644 patrio,
900 2558 1270 2622 colerentur.

319 2649 389 2700 U·
414 2650 471 2699 C·
500 2651 608 2713 328·
735 2643 876 2709 Irae
920 2644 1215 2708 adversus
1261 2642 1569 2707 Veientes
1607 2641 1677 2704 in
1717 2641 2158 2727 insequentem
2195 2663 2454 2719 annum,
2491 2640 2574 2707 C.
2605 2642 2760 2709 Ser-

318 2715 381 2827 33
395 2714 616 2837 siffis,
648 2730 869 2793 vilium
900 2730 1194 2805 Ahalam,
1227 2728 1303 2793 L.
1339 2728 1666 2815 Papirium
1707 2727 2139 2827 Mugillanum
2176 2728 2485 2805 consules,
2516 2730 2758 2795 dilatae

321 2840 381 2954 h,
406 2840 609 2903 Papirio
648 2829 812 2879 sunt.
906 2814 1093 2879 Tunc
1118 2837 1395 2900 quoque,
1420 2837 1504 2877 ne
1527 2814 1861 2879 confestim
1891 2812 2128 2877 bellum
2157 2814 2564 2894 indiceretur,
2589 2840 2758 2881 neve

384 2939 397 2952 .
422 2906 559 2953 Coss.

648 3048 882 3099 dissensio
926 3056 1013 3098 est.
1082 3050 1209 3099 Lata
1251 3050 1346 3098 hoc
1388 3066 1520 3099 anno
1565 3051 1665 3111 lex,
1727 3052 1854 3115 gline
1885 3053 2102 3111 mea-cles,
2123 3058 2210 3101 aut
2241 3052 2292 3102 id
2323 3056 2457 3115 quod
2487 3057 2758 3119 small—pot

650 3128 803 3177 quum
848 3114 913 3164 ad
960 3115 1225 3165 multarum
1270 3114 1664 3164 aestimationem
1729 3117 2056 3179 appellamus.

650 3178 937 3241 pertinuisse
966 3179 1173 3239 dicatur,
1196 3180 1388 3227 videtur
1420 3179 1572 3242 egisse
1603 3182 1666 3229 de
1801 3196 1819 3229 1
1867 3182 2021 3240 Taho]
2076 3182 2226 3229 Hauc
2265 3196 2436 3231 vocem
2479 3182 2755 3245 aliquando

649 3244 964 3293 aestimandis
994 3244 1205 3306 pecunia
1226 3246 1384 3292 bubus
1406 3250 1459 3293 et
1478 3245 1666 3304 ovibus,
1731 3259 1819 3305 pro
1841 3247 1968 3303 tabe,
1991 3247 2122 3306 quod
2154 3246 2206 3293 in
2239 3246 2380 3294 codd.
2415 3246 2644 3308 pluribus
2675 3264 2754 3296 oc-

621 3322 856 3369 ,quorum
880 3308 1040 3356 multa
1062 3308 1327 3357 dicebatur.
1377 3308 1493 3358 vid.
1512 3308 1661 3357 Dion.
1727 3308 1892 3366 currit,
1927 3324 2043 3356 usur
2109 3309 2146 3355 ri
2187 3310 2330 3357 docet
2367 3310 2524 3359 Drak.
2561 3312 2624 3361 cf.
2659 3314 2754 3361 Or.

650 3384 799 3485 {5⁴3th
825 3373 1037 3484 A‘geu'
1062 3373 1127 3422 xi.
1151 3386 1189 3420 1.
1228 3372 1595 3485 ΡῖιιίὲἒιεΡέρΙ.
1614 3378 1664 3421 et
1729 3371 2025 3485 ffiefffvssg
2062 3408 2075 3421 .
2101 3372 2234 3435 Vir-g.
2251 3374 2430 3436 Georg.
2445 3374 2508 3423 iv.
2525 3388 2638 3437 ²5²·
2665 3377 2752 3425 Sil.

768 3451 851 3483 um
990 3452 1157 3485 vocem
1446 3472 1459 3485 .
1547 3450 1660 3485 am.
1831 3472 1844 3485 .
1867 3451 1918 3483 n.
2038 3472 2050 3484 .

649 3501 710 3549 cf.
734 3514 863 3562 supr.
887 3500 954 3549 iii.
980 3514 1055 3562 31.
1184 3452 1277 3499 pec
1794 3514 1821 3547 α
1855 3451 2034 3549 Νοιξοσ3
2051 3502 2180 3549 ritus
2210 3503 2550 3563 samjfioandi]
2593 3504 2752 3552 Vates

723 3565 754 3612 8
794 3566 925 3626 Ipsi]
980 3565 1040 3612 cf.
1078 3564 1182 3615 Cic.
1223 3566 1286 3612 de
1326 3566 1455 3626 Rep.
1496 3563 1546 3613 ii.
1587 3576 1662 3626 35.
1729 3578 1880 3611 novos
1911 3564 2032 3611 ritus
2064 3564 2365 3613 sacrificandi
2396 3566 2676 3616 inferebant
2701 3569 2750 3616 in

651 3630 793 3677 Levis
826 3632 1095 3677 aestimatio
1127 3631 1370 3691 pecudum
1412 3630 1468 3677 in
1511 3630 1664 3677 multa
1729 3628 1900 3676 domos
1943 3628 2276 3689 promittendo
2313 3636 2364 3678 et
2403 3630 2751 3692 praedicendO,

648 3694 751 3753 Ieye
774 3692 819 3739 0
833 3694 975 3749 Iulii,
987 3696 1049 3740 P.
1070 3696 1271 3755 Papirii
1288 3694 1540 3742 emulum
1555 3708 1664 3740 οοη-
1730 3692 1879 3739 finem
1911 3692 2068 3741 morbi
2103 3692 2221 3752 fore,
2255 3693 2295 3741 si
2333 3693 2428 3741 diis
2463 3696 2753 3758 alienigines

647 3758 821 3804 uitato
857 3763 942 3805 est.
1010 3757 1162 3804 Caius
1201 3757 1361 3805 Iulius
1402 3762 1477 3805 ter
1519 3762 1666 3804 antea
1731 3755 1998 3804 vicinorum
2036 3757 2349 3818 populorum,
2378 3764 2429 3805 et
2465 3759 2565 3807 alio
2599 3775 2750 3821 quum

650 3819 821 3868 consul
856 3820 1043 3867 fuerat:
1089 3820 1287 3881 Papirio
1320 3826 1488 3869 autem
1529 3834 1664 3881 prae-
1731 3820 1889 3881 patrio
1931 3834 2068 3869 more
2109 3820 2451 3870 sacrificarent.
2522 3822 2750 3871 Eandem

650 3898 829 3932 nomen
862 3884 1039 3931 falsum
1080 3884 1297 3932 affictum
1336 3900 1440 3934 esse
1472 3899 1552 3946 ap.
1585 3884 1663 3932 Li·
1727 3898 1832 3931 rem
1867 3883 2016 3931 etiam
2051 3885 2271 3946 plun'bus
2293 3885 2462 3934 Livius
2487 3893 2750 3936 exsecutus

650 3948 783 3997 vium
823 3947 1026 4009 Pighius
1062 3948 1263 4008 viderat,
1302 3954 1352 3997 et
1395 3950 1443 3996 in
1489 3950 1666 3997 Chium
1729 3953 1815 3996 est.
1853 3948 1912 3996 cf.
1935 3948 2044 3996 infr.
2067 3964 2182 3997 xxv.
2213 3964 2253 3998 1.
2290 3950 2466 3999 Dant.

650 4027 763 4061 cum
809 4011 1028 4060 Diodoro
1072 4012 1430 4061 immutaverat.
1513 4012 1662 4061 Nunc
1795 4026 1823 4073 3
1857 4014 2095 4061 Publicus
2115 4016 2214 4061 iam
2233 4015 2419 4074 pudor]
2459 4014 2638 4063 Donec
2661 4030 2748 4078 pu-

650 4077 825 4127 Cicero
846 4075 1012 4125 scribit
1028 4076 1085 4125 P.
1103 4076 1371 4139 Papirium.
1397 4077 1456 4125 A.
1473 4076 1662 4125 Mnus.
1728 4077 1818 4124 dor
1837 4075 1935 4124 iam
1969 4092 2056 4139 pro
2086 4076 2356 4139 republica,
2378 4077 2410 4125 i.
2433 4094 2476 4126 e.
2501 4080 2668 4141 pudor
2683 4082 2750 4129 de

714 4157 746 4205 9
778 4142 948 4190 Soabie
969 4143 1071 4189 alia
1093 4142 1374 4203 absumpta]
1426 4141 1487 4188 cf.
1515 4140 1664 4190 Dion.
1729 4140 1823 4189 hac
1847 4140 2081 4189 foeditate
2109 4142 2482 4203 superstitionis,
2505 4142 2646 4191 euius
2667 4145 2746 4193 de-

652 4205 777 4253 Exc.
804 4206 920 4254 Vat.
944 4204 1027 4252 xii.
1054 4218 1095 4265 3.
1122 4204 1205 4252 ubi
1232 4206 1428 4252 morbus
1448 4202 1667 4265 ψώρόδης
1731 4206 1880 4253 decus
1907 4203 2004 4252 iam
2036 4205 2100 4252 sd
2133 4206 2507 4267 rempublicam.
2531 4222 2631 4255 nou
2655 4209 2748 4269 pri·

652 4268 841 4315 dicitur.
918 4268 1193 4316 Niebuhrio
1232 4268 1429 4329 quidem
1476 4268 1668 4317 videtur
1731 4275 1870 4317 vetos
1901 4270 2065 4327 modo,
2096 4268 2388 4329 pertinebat,
2411 4271 2477 4318 ad
2511 4270 2749 4332 primores

653 4330 799 4377 fuisse
832 4338 917 4378 aut
951 4332 1002 4380 id
1034 4346 1186 4391 genus
1217 4332 1373 4379 morbi
1400 4333 1533 4392 quod
1567 4333 1666 4380 An-
1732 4332 1952 4381 civitates
1973 4332 2194 4394 pervenit
2215 4332 2277 4381 cf.
2295 4332 2404 4409 infr.
2419 4348 2533 4382 xxv.
2559 4348 2602 4383 1.
2631 4336 2725 4384 Cn.
