3000 4784
833 221 1025 288 LIB.
1072 221 1159 286 X.
1229 220 1449 286 CAP.
1505 226 1600 287 15.
2135 225 2260 289 573

123 356 351 423 haud
394 357 595 422 multo
637 357 781 446 plus
825 357 1129 436 hostibuS,
1177 380 1369 445 quam
1412 358 1559 436 suis,
1599 382 1683 424 ex
1729 359 2068 448 improviso
2114 372 2264 426 ante
2286 371 2352 422 U.
2375 371 2434 420 C.
2459 382 2570 431 455·

128 446 357 532 signa
405 445 629 522 evecti,
687 446 1117 532 praebuerunt
1173 443 1499 510 tumultus.
1593 445 1920 512 Adversus
1977 447 2268 512 incitatas
2283 440 2344 487 A.
2378 437 2438 485 ⁰·
2463 447 2572 498 297·

132 547 417 596 turmas
442 532 621 596 stetit
646 532 911 597 immota
951 531 1333 596 Samnitium
1372 531 1558 610 acies,
1589 555 1710 598 nec
1738 547 1918 634 parte
1957 533 2088 598 ulla
2113 532 2268 620 pelli

138 631 289 684 aut
317 619 640 706 perrumpi
666 619 893 706 potuit.
986 617 1091 696 Et,
1114 631 1448 706 postquam
1478 619 1726 686 irritum
1755 633 2082 708 inceptum
2111 633 2268 697 erat,

140 706 421 793 recepti
442 719 585 793 post
602 707 783 793 signa
797 705 1039 806 proelio
1056 719 1479 770 excesserunt.
1553 705 1777 772 Crevit
1793 731 1876 774 ex
1893 731 1972 772 eo
1989 707 2270 772 hostium

146 793 465 870 animus3
511 815 631 858 nec
674 809 981 858 sustinere
1011 791 1183 856 frons
1225 792 1430 892 prima
1469 805 1600 858 tam
1642 794 1906 882 longum
1945 808 2270 858 certamen

146 881 765 968 increscentemque
796 879 1031 944 fiducia
1056 879 1155 943 sui
1182 901 1311 944 vim
1345 880 1670 966 potuisset,
1701 883 1771 946 ni
1799 880 2078 948 secunda
2104 880 2270 946 acies

150 968 359 1031 iussu
394 965 667 1031 consulis
709 966 777 1030 in
817 966 1092 1053 primum
1134 964 1547 1031 successisset.
1638 967 1740 1032 Ibi
1783 969 2063 1067 integrae
2111 967 2270 1030 vires

78 1068 129 1118 9
154 1053 415 1118 sistunt
431 1052 839 1118 invehentem
868 1075 935 1117 se
958 1053 1085 1133 iam
1112 1051 1495 1117 Samnitem:
1543 1067 1612 1118 et
1627 1066 1910 1141 tempore
1933 1054 2272 1140 improvisa

90 1162 123 1195 1
160 1163 261 1206 ex
314 1140 637 1206 montibus
686 1140 865 1227 signa
908 1139 1270 1239 clamorque
1323 1138 1604 1204 sublatus
1651 1161 1782 1205 non
1821 1163 1972 1204 vero
2019 1154 2268 1204 tantum

160 1241 363 1292 metu
393 1240 669 1292 terruere
692 1225 1071 1292 Samnitium
1094 1247 1352 1290 ammos.
1444 1223 1618 1290 Nam
1645 1240 1713 1291 et
1741 1226 1972 1290 Fabius
1993 1225 2270 1290 Decium

162 1313 492 1401 collegam
514 1313 1018 1401 appropinquare
1037 1311 1431 1390 exclamavit,
1455 1325 1522 1376 et
1543 1335 1658 1400 pro
1685 1337 1752 1377 se
1777 1314 2046 1413 quisque
2071 1311 2270 1388 miles,

168 1411 195 1440 ‘
218 1401 448 1466 adesse
484 1400 751 1465 alterum
792 1397 1136 1476 consulem,
1168 1397 1384 1464 adesse
1414 1399 1475 1462 le
1523 1399 1736 1478 'ones,’
1763 1399 1998 1486 gaudio
2042 1397 2274 1464 alacres

166 1489 503 1564 fremunt3
549 1509 847 1573 errorque
879 1486 1049 1550 utilis
1080 1485 1386 1550 Romanis
1414 1487 1496 1550 ob
1521 1498 1660 1551 atus
1687 1486 1874 1573 fugae
1895 1485 2277 1550 formidinis-

172 1598 315 1663 que
340 1573 655 1639 Samnites
670 1572 975 1660 implevit,
994 1573 1269 1636 maxime
1288 1572 1558 1650 territos,
1577 1595 1660 1638 ne
1678 1574 1757 1638 ab
1775 1572 1973 1638 altero
1991 1571 2279 1636 exercitu

174 1663 442 1748 integro
480 1663 843 1746 intactoque
873 1658 1019 1724 fessi
1054 1659 1594 1746 opprimerentur:
1643 1673 1727 1738 et,
1759 1659 1912 1747 quia
1947 1658 2180 1746 passim
2209 1658 2277 1721 in

174 1749 407 1850 fugam
436 1747 720 1835 dissipati
748 1761 915 1824 sunt,
936 1746 1143 1809 minor
1170 1743 1413 1824 caedes,
1434 1769 1627 1833 quam
1655 1770 1772 1834 pro
1803 1759 1978 1812 tanta
1996 1745 2278 1821 victoria,

112 1835 153 1870 ‘²
176 1837 329 1901 fuit.
422 1833 579 1900 Tria
626 1831 825 1898 millia
862 1845 928 1898 et
971 1831 1418 1920 quadringenti
1460 1833 1661 1898 caesi:
1709 1835 1878 1922 capti
1929 1831 2274 1920 octingenti
2297 1843 2520 1918 vinoun}

118 1901 159 1949 3
178 1925 391 1990 ferme
420 1933 487 1986 et
516 1920 813 2008 triginta:
861 1921 1041 2006 signa
1067 1919 1363 1984 militaria
1388 1933 1575 2007 capta
1601 1921 1720 1985 tria
1747 1935 1813 1986 et
1839 1920 2082 2007 viginti.
2295 1908 2527 1958 Romam.

284 2008 674 2074 Samnitibus
702 2005 907 2094 Apuli
936 2029 1001 2072 se
1044 2019 1189 2070 ante
1219 2005 1531 2093 proelium
1571 2007 2064 2084 coniunxisseng
2095 2006 2164 2070 ni
2199 2004 2274 2070 P.
2311 2005 2316 2012 ’
2397 2009 2497 2070 15.

184 2097 441 2162 Decius
462 2093 681 2160 consul
708 2093 787 2158 iis
802 2093 885 2158 ad
908 2091 1344 2157 Maleventum
1366 2105 1569 2157 castra
1596 2093 1944 2169 obiecisset,
1964 2103 2279 2157 extractos
2297 2093 2448 2170 Apuli
2461 2107 2492 2140 ³
2507 2092 2607 2166 pe-

184 2181 431 2250 deinde
472 2181 554 2248 ad
593 2193 914 2246 certamen
952 2179 1231 2243 fudisset.
1323 2175 1423 2242 Ibi
1463 2201 1719 2264 quoque
1753 2178 1898 2266 plus
1923 2178 2108 2265 fugae
2139 2177 2280 2254 fuit,
2298 2175 2374 2206 ⁰²⁰
2395 2171 2537 2206 ⁰⁰⁶⁰·

185 2291 393 2360 quam
429 2268 657 2334 caedis.
746 2266 901 2331 Duo
939 2265 1139 2330 millia
1172 2263 1533 2352 Apulorum
1561 2287 1778 2330 caesas
1826 2276 2164 2364 spretoque
2205 2286 2282 2328 eo

184 2359 398 2435 hoste,
428 2355 671 2420 Decius
696 2354 767 2418 in
802 2352 1131 2418 Samnium
1158 2351 1440 2451 legiones
1475 2349 1679 2416 duxit.
1769 2350 1871 2416 Ib1
1899 2349 2029 2416 duo
2058 2372 2284 2415 consu·-

185 2445 361 2510 lares
388 2443 723 2518 exercitus,
754 2439 1017 2505 diversis
1044 2451 1253 2525 vagatl
1292 2438 1594 2525 partibus,
1626 2439 1842 2502 omnia
1868 2437 2070 2525 spatio
2099 2436 2288 2524 quin·-

242 2554 327 2595 ue
357 2530 669 2595 mensium
698 2539 1073 2592 evastarunt.
1170 2524 1607 2612 Quadraginta
1639 2538 1708 2589 et
1735 2524 2020 2612 quinque
2049 2522 2189 2588 loca
2217 2522 2285 2586 in

189 2555 465 2685 gamnio
490 2616 687 2692 fuere,
717 2614 787 2679 in
816 2614 1046 2700 quibus
1068 2611 1257 2677 Decii
1286 2624 1486 2676 castra
1511 2611 1801 2676 fiierunt:
1849 2610 2105 2676 alterius
2133 2633 2286 2674 con·-

190 2704 355 2771 sulis
383 2725 495 2770 sex
524 2715 591 2768 et
632 2701 971 2788 octoginta.
1062 2697 1129 2763 N
1132 2721 1205 2762 ec
1233 2697 1383 2762 valli
1426 2710 1673 2763 tantum
1717 2720 1792 2762 ac
1819 2697 2122 2763 fossarum
2148 2719 2288 2760 ves-

193 2791 360 2878 tigia
383 2789 621 2867 relicta,
650 2787 765 2852 sed
792 2787 993 2852 multo
1020 2785 1147 2850 illis
1171 2783 1518 2872 insigniora
1545 2795 1960 2848 monumenta
1983 2782 2290 2848 vastitatis

194 2878 372 2944 circa
418 2876 876 2964 regionumque
920 2871 1459 2960 depopulatamm.
1551 2869 1783 2936 Fabius
1833 2871 2023 2936 etiam
2069 2871 2290 2936 urbem

144 2997 178 3040 4
201 2963 557 3030 Cimetram
586 2985 661 3028 ce
706 2961 774 3026 it.
864 2959 966 3025 Ibi
994 2973 1178 3046 capta
1205 2970 1589 3024 armatorum
1606 2957 1735 3023 duo
1763 2957 1964 3022 millia
1989 2955 2292 3058 quadrin-

196 3051 418 3139 genti:
464 3050 630 3116 caesi
680 3071 852 3114 erme
880 3059 1239 3136 pugnantes
1266 3044 1349 3110 ad
1377 3045 1871 3134 quadringentos
1899 3043 2174 3130 triginta.

292 3137 478 3216 Inde,
496 3136 895 3202 comitiorum
926 3156 1113 3198 causa
1136 3132 1408 3197 Romam
1430 3131 1767 3219 profectus,
1786 3131 2123 3196 maturavit
2151 3152 2292 3194 eam

149 3249 181 3298 5
202 3249 343 3292 rem
400 3247 604 3312 agere.
700 3221 921 3297 Quum
978 3220 1182 3320 primo
1232 3231 1488 3283 vocatae
1544 3217 1626 3292 Q„
1648 3217 1916 3282 Fabium
1966 3215 2291 3281 consulem
2311 3223 2378 3278 Q..
2395 3221 2576 3270 Fabius

202 3313 494 3380 dicerent
536 3331 759 3376 omnes
798 3321 1143 3383 centuriae,
1180 3305 1308 3392 Ap.
1339 3303 1650 3368 Claudius
1689 3301 2033 3368 consularis
2075 3299 2293 3369 candi·
2308 3287 2615 3400 ξζέιξξὲεῐω

272 3491 307 3541 9
342 3475 595 3537 Tempore]
648 3473 711 3522 In
744 3477 984 3534 tempore,
1010 3473 1219 3529 tempes-
1285 3467 1487 3516 trecenti
1500 3471 1550 3514 et
1570 3465 1774 3527 trifinta
1790 3463 1978 3513 incuria
1991 3463 2297 3512 librariorum

208 3539 326 3590 tive-
390 3538 473 3587 Sic
495 3537 601 3588 cic.
623 3536 687 3585 de
710 3537 807 3586 off.
828 3533 898 3583 iii.
923 3535 999 3596 58.
1021 3534 1105 3580 Aa
1121 3547 1219 3581 σοο-
1285 3528 1624 3592 scriptafiiisse
1638 3535 1803 3576 censet
1819 3527 2024 3576 Niebhr.
2039 3526 2107 3577 iii.
2122 3543 2170 3576 n.
2186 3526 2297 3577 622.

209 3619 328 3654 nom
349 3611 560 3664 tempore
579 3603 715 3650 venit
734 3600 936 3648 Gauius.
1350 3611 1382 3655 4
1418 3597 1536 3642 Duo
1566 3595 1722 3641 mima
1757 3594 2130 3656 qundo-inacus]
2184 3591 2299 3640 Hoc

282 3683 303 3716 1
340 3669 457 3716 Non
490 3682 605 3716 vero
638 3665 853 3723 tantum]
906 3662 1023 3712 Non
1058 3675 1225 3708 verum
1289 3657 1477 3706 incuria
1521 3656 1824 3706 librariorum
1873 3672 1963 3718 pro
2003 3658 2100 3706 duo
2145 3657 2300 3706 millia

214 3737 425 3790 tantum,
451 3730 482 3780 i.
504 3747 547 3778 e.
569 3745 601 3778 a
633 3745 745 3778 vera
776 3742 923 3778 causa
954 3726 1226 3788 profectum
1290 3739 1349 3771 ao
1377 3723 1577 3772 trecenti
1609 3719 1700 3770 scri
1737 3726 1844 3768 tum
1877 3721 2024 3770 fuisse
2057 3720 2302 3770 existimat

214 3801 401 3846 metum
425 3794 694 3844 iniecerunt
714 3791 1031 3842 Samnitibus.
1092 3787 1227 3836 Nam
1292 3785 1497 3836 Niebhr.
1523 3784 1589 3834 iii.
1611 3801 1660 3835 n.
1717 3799 1794 3834 αα.
1831 3785 1892 3834 ef.
1915 3799 2047 3848 supr.
2069 3785 2167 3834 viii.
2195 3800 2268 3850 19.

216 3866 267 3910 et
287 3875 465 3908 vanum
488 3871 683 3921 quoque
708 3856 769 3904 iis
787 3861 1019 3904 terrorem
1040 3852 1227 3900 obtule-
1358 3863 1385 3913 5
1408 3853 1580 3899 Ρνίπιο
1595 3851 1818 3910 σοι-αισι]
1846 3849 2119 3898 Niebuhfio
2139 3851 2302 3910 placet

216 3931 547 4037 {unsscnffl'ss
568 3921 805 4034 32:²3¹*
824 3921 1033 3970 ‘mmm
1055 3931 1223 3966 ⁰⁰⁰⁸*
1290 3913 1648 4039 31¹5&ss
1659 3912 2301 4039 mussss‘zzss‘ssflffi

238 4004 317 4038 em
368 4004 401 4036 u
540 4003 571 4036 e

283 4067 311 4100 a
336 4055 455 4101 Tria
473 4053 630 4100 millia
648 4056 697 4099 et
716 4047 1088 4112 quadr-imma]
1127 4043 1229 4093 Hic
1292 4043 1520 4106 unffi-agia
1549 4049 1744 4092 vocatas
1771 4057 1893 4100 esse,
1913 4045 2062 4102 atque
2093 4039 2302 4086 urbanas

218 4116 419 4166 tandem
430 4129 663 4164 numerus
676 4127 815 4162 verus
832 4125 1081 4160 caesorum
1096 4110 1230 4158 haud
1288 4115 1526 4172 postremo
1541 4114 1765 4164 vocatam
1789 4119 1977 4153 necnon
1993 4103 2206 4164 singulas
2220 4102 2300 4149 tri-

221 4180 369 4230 dubie
407 4184 585 4239 exstat,
621 4177 820 4226 forsitan
860 4175 977 4237 quia
1018 4173 1228 4223 Fabium
1291 4173 1384 4220 bus
1404 4187 1518 4219 cum
1538 4170 1666 4219 binis
1685 4168 1931 4226 centuriis,
1951 4166 2192 4215 seniorum
2215 4165 2302 4213 sci-

224 4245 469 4295 Pictorem
490 4247 740 4292 auctorem
760 4245 923 4288 noster
940 4238 1181 4288 habuerit.
1294 4237 1411 4284 licet
1441 4240 1492 4284 et
1523 4233 1783 4292 iuniorum,
1803 4231 1854 4281 in
1883 4231 2109 4294 suffragia
2135 4229 2307 4278 missas

288 4323 315 4372 3
349 4309 495 4372 capet·
544 4307 805 4368 octingena
833 4306 997 4365 ferme
1042 4310 1091 4352 et
1144 4303 1230 4350 tri-
1294 4314 1413 4349 esse.

221 4375 385 4438 qima]
422 4373 567 4422 Haec
604 4383 859 4432 perperam
896 4383 983 4430 pro
1013 4367 1145 4416 mille
1174 4381 1233 4412 αο
