3000 4784
838 174 1033 243 LIB.
1078 173 1203 243 m.
1272 176 1497 243 cAP.
1545 183 1650 243 24.
2178 178 2294 245 171

154 310 535 389 Romanis,
570 310 755 399 pulso
798 311 997 390 hoste,
1128 312 1399 378 ticulum
1441 336 1576 379 esse
1607 313 1900 390 desierat,
1931 326 1998 378 et
2039 313 2174 400 ipse
2219 314 2301 378 ab
2320 326 2390 377 U.
2411 326 2472 375 ο.
2497 336 2606 390 ²95·

152 398 421 463 Roma
466 397 803 484 profectus.
893 398 996 462 Ita
1038 336 1327 463 &ariam
1371 399 1659 465 consules
1705 400 1970 487 ingressi
2019 400 2300 464 hostium
2317 390 2380 441 A.
2414 390 2475 441 0·
2496 402 2608 453 ⁴⁵⁷·

154 485 385 561 fines,
426 484 673 570 ingenti
716 484 1062 549 certamine
1105 484 1258 548 hinc
1287 484 1573 563 Volscos,
1603 487 1756 551 hinc
1787 486 2051 573 Aequos
2094 508 2300 573 popu·-

100 586 135 636 5
156 570 435 633 lantur.
534 568 785 634 Eodem
842 592 1013 635 anno
1062 570 1333 635 descisse
1378 571 1695 649 Antiates,
1742 572 1914 673 apud
2007 572 2299 659 lerosque

160 670 495 720 auctores
524 655 795 721 invenio,
887 656 965 720 L.
1004 656 1376 721 Cornelium
1405 656 1728 723 consulem
1773 659 1843 722 id
1885 660 1966 723 be
2013 681 2122 722 um
2159 681 2302 745 ges·

160 742 377 819 sisse,
430 742 866 828 oppidumque
918 744 1178 829 cepisse,
1232 757 1475 807 certum
1533 745 1859 823 affirmare,
1915 745 2068 831 quia
2125 744 2302 808 nulla
2371 824 2380 829 ι

164 827 381 914 apud
407 828 780 892 vetustiores
808 828 1142 914 scriptores
1170 829 1306 893 eius
1334 831 1427 894 rei
1456 831 1698 895 mentio
1727 844 1842 908 est,
1873 853 2004 895 non
2033 830 2252 894 ausim.

280 912 447 977 Hoc
474 913 643 978 bello
668 914 969 1001 perfect0,
1002 915 1413 981 tribunicium
1442 917 1618 981 domi
1651 917 1888 982 bellum
1919 917 2142 981 Patres
2172 928 2300 980 ter-
2420 919 2524 977 24.

170 999 373 1063 ritat.
478 999 795 1077 Clamant,
844 1008 863 1037 ⁶
882 1000 1102 1065 fraude
1154 1001 1311 1079 fieri,
1358 1004 1535 1089 quod
1577 1002 1728 1067 foris
1779 1016 2070 1068 teneatur
2116 1025 2300 1068 exer-
2316 1000 2546 1075 'lsi-ibuni-

118 1094 155 1143 6
179 1093 202 1123 ‘
222 1086 452 1149 citus:
498 1084 965 1151 frustrationem
1008 1110 1150 1151 eam
1193 1088 1350 1175 legis
1395 1088 1712 1153 tollendae
1743 1112 1920 1153 esse:
1968 1112 2035 1154 se
2066 1089 2299 1153 nihilo·
2314 1070 2628 1179 ffignoeff'

180 1180 205 1209 ‘
228 1172 464 1235 minus
512 1193 647 1235 rem
700 1186 1053 1259 susceptam
1102 1176 1506 1273 peracturos?
1607 1174 1908 1239 obtinuit
1959 1188 2174 1239 tamen
2221 1174 2296 1239 P.

128 1270 161 1320 ἰ·
182 1256 551 1321 Lucretius
592 1258 945 1345 praefectus
978 1261 1171 1337 urbis,
1214 1274 1288 1325 ut
1330 1261 1610 1325 actiones
1654 1260 2028 1324 tribuniciae
2075 1261 2146 1323 in
2187 1260 2300 1324 ad-

181 1356 475 1407 ventum
514 1343 846 1409 consulum
876 1346 1299 1411 differrentur.
1392 1346 1564 1409 Erat·
1577 1359 1644 1409 et
1673 1368 1838 1410 nova
1865 1357 2086 1411 exorta
2113 1368 2302 1410 causa

130 1444 167 1491 8
186 1441 439 1493 motus.
532 1432 614 1494 A.
659 1428 993 1495 Cornelius
1032 1447 1098 1496 et
1143 1431 1226 1506 Q.
1266 1431 1566 1496 Servilius
1609 1444 1973 1518 quaestores
2013 1430 2106 1497 M.
2143 1430 2302 1495 Vol—

188 1516 359 1591 scio,
394 1515 569 1601 quod
594 1515 787 1580 falsus
813 1513 988 1581 haud
1018 1516 1211 1581 dubie
1243 1519 1419 1582 testis
1449 1518 1518 1581 in
1543 1518 1908 1583 Kaesonem
1938 1517 2297 1595 exstitisset,

190 1601 385 1665 diem
436 1600 747 1666 dixerant.
858 1602 1087 1668 Multis
1136 1604 1309 1668 enim
1368 1606 1703 1668 emanabat
1759 1603 2031 1680 indiciis,
2085 1626 2297 1690 neque

190 1686 469 1751 fratrem
502 1686 763 1765 Volscii,
806 1711 887 1752 ex
931 1712 1061 1775 quo
1079 1690 1300 1762 ,semel
1345 1689 1539 1755 fuerit
1584 1712 1788 1777 aeger,
1837 1712 2122 1776 unquam
2168 1711 2300 1753 non

196 1772 405 1837 modo
426 1774 631 1837 visum
651 1774 721 1837 in
746 1775 1021 1861 publice,
1048 1775 1161 1840 sed
1189 1799 1271 1840 ne
1302 1778 1706 1841 assurrexisse
1730 1774 1990 1863 quidem
2021 1798 2103 1840 ex
2134 1796 2303 1839 mor-

194 1860 312 1935 bo,
364 1859 833 1946 multorumque
880 1862 1023 1925 tabe
1068 1862 1381 1926 mensium
1426 1876 1783 1927 mortuum:
1835 1884 1955 1927 nec
1999 1861 2098 1925 his
2143 1873 2304 1924 tem-

200 1944 493 2031 poribus,
518 1947 591 2009 in
622 1968 785 2033 quae
830 1948 1007 2011 testis
1049 1948 1291 2013 crimen
1335 1949 1725 2025 coniecisset,
1771 1948 2136 2012 Kaesonem
2169 1946 2302 2010 Ro-

202 2053 357 2094 mae
386 2032 624 2095 visum:
672 2032 1144 2109 affirmantibuS,
1176 2034 1287 2133 qui
1325 2056 1453 2099 una
1496 2046 1876 2111 meruerant,
1908 2055 2124 2097 secum
2153 2053 2302 2095 eum

151 2134 187 2184 9
206 2130 357 2180 tum
394 2116 789 2202 frequentem
834 2118 917 2181 ad
961 2119 1143 2205 signa
1182 2142 1317 2183 sme
1362 2119 1492 2183 ullo
1523 2132 1882 2185 commeatu
1907 2118 2116 2182 fuisse.
2211 2116 2304 2180 Ni

155 2198 307 2295 {ita
332 2215 514 2280 efflet,
544 2203 727 2268 multi
769 2203 1061 2290 privatim
1104 2205 1393 2270 ferebant
1421 2205 1680 2271 Volscio
1719 2204 1978 2270 iudices.
2076 2202 2300 2277 Quum

268 2390 299 2439 5
316 2380 795 2439 DeximAntiam]
814 2380 957 2428 Haec
970 2395 1225 2442 perperam

210 2448 486 2501 narrantur,
506 2441 690 2504 quippe
711 2443 915 2491 Antium
948 2443 1091 2491 venia
1124 2444 1223 2491 Ro-

210 2520 470 2553 manorum
500 2506 553 2553 in
585 2521 723 2553 suam
758 2512 1049 2567 potestatem
1072 2506 1222 2555 redie-

210 2575 308 2628 nt,
328 2574 385 2617 ut
415 2582 541 2630 quae
568 2570 685 2617 urbs
717 2569 767 2617 in
794 2570 1011 2618 amicitia
1043 2570 1225 2618 Roma-

212 2648 500 2745 ¹1²⁵?qu
512 2648 665 2681 annos
679 2634 830 2681 ferme
846 2648 957 2681 cxx.
980 2634 1225 2681 manserit.

272 2712 320 2744 ie
412 2731 424 2743 .
444 2710 495 2743 u.
519 2712 569 2759 p.
594 2708 701 2759 254.

281 2758 315 2809 6
334 2760 721 2809 Frmerati'onem
732 2776 839 2809 sam
856 2762 973 2822 layo
994 2762 1229 2823 <alendae

216 2826 345 2883 cue]
382 2824 495 2871 Hac
516 2824 697 2886 specie,
718 2824 810 2871 hoc
843 2826 1005 2872 colore
1032 2824 1227 2873 fraudu-

218 2888 378 2935 lenter
426 2887 497 2935 uti
548 2887 777 2949 patricios
817 2888 1065 2936 tollendae
1106 2886 1229 2950 legis

221 2966 379 3000 causa..
414 2952 573 3000 Cam.
629 2952 691 2999 cf.
734 2951 843 2999 ini'r.
891 2966 965 3013 31.
1010 2968 1228 3015 quaeque

218 3016 563 3079 mutandae
583 3016 819 3064 libertatis
840 3022 1009 3064 ment.
1044 3020 1097 3063 et
1120 3030 1193 3079 39.

290 3090 317 3140 7
346 3079 557 3127 Publius
598 3081 879 3139 Lucretius]
938 3079 1229 3140 Suspectum

223 3148 299 3191 est
328 3156 621 3203 praenomen
655 3144 867 3191 Publius
904 3146 993 3203 'pro
1028 3144 1231 3201 Lucius,

226 3205 309 3268 qni
328 3205 531 3254 triennio
552 3212 667 3254 ante
689 3208 857 3255 consul
873 3206 1046 3253 fuerat.
1098 3206 1147 3253 N
1150 3220 1232 3253 am

226 3284 391 3318 omnes
414 3269 649 3331 praefecti
681 3269 811 3318 urbis
842 3275 958 3317 ante
990 3270 1083 3318 hoc
1110 3276 1231 3317 tem-

228 3349 320 3397 pus
330 3334 601 3381 consulares
612 3334 820 3382 filerunt.
846 3333 1055 3382 Duum.
1092 3333 1233 3381 Haec

230 3396 496 3445 coniectura
526 3396 800 3444 Niebuhrio
831 3398 1097 3445 admodum
1130 3396 1233 3458 pla-

231 3466 323 3519 cet,
356 3459 437 3522 qui
480 3460 751 3523 praefectos
787 3460 920 3509 urbis
958 3461 1235 3508 consulares

228 3524 370 3573 fnisse
387 3532 503 3573 ante
522 3524 904 3573 decemviratum
931 3524 1233 3572 animadver-

230 3588 307 3647 tit,
326 3588 372 3636 ii.
393 3604 439 3637 n.
528 3623 541 3636 .

292 3653 323 3701 8
358 3600 666 3711 Qua-{feam}
732 3666 797 3700 ω.
850 3650 1123 3709 Parricidii,
1177 3654 1235 3697 ut

232 3730 356 3778 supr.
374 3714 421 3764 ii.
445 3730 523 3776 41.

294 3794 325 3843 9
350 3781 467 3829 Sine
487 3780 589 3827 uuo
609 3780 897 3839 emmam]
924 3778 971 3825 h.
996 3792 1037 3827 e.
1074 3778 1158 3825 Ita
1178 3781 1234 3824 ut

235 3858 331 3892 nun
358 3858 471 3891 uam
492 3842 607 3891 inde
630 3842 843 3890 Romam
874 3846 962 3889 aut
992 3840 1091 3889 alio
1126 3856 1232 3901 pas-

236 3907 321 3956 sim
374 3906 383 3917 “
500 3912 619 3965 eret,
640 3912 789 3968 atque
819 3905 997 3953 iterum
1028 3910 1233 3952 reverte-

237 3976 367 4019 retur.
400 3986 529 4031 supr.
554 3969 586 4017 i.
612 3982 689 4031 57.

302 4048 321 4082 1
351 4036 421 4083 Ni
442 4036 515 4081 ita
534 4036 681 4094 esset]
724 4032 835 4080 Nisi
868 4032 939 4080 ita
968 4048 1023 4080 se
1052 4046 1129 4079 res
1150 4031 1233 4079 ha-

239 4099 375 4156 beret,
395 4102 445 4145 et
465 4096 505 4144 si
529 4096 759 4145 Volscius
770 4096 865 4143 hoe
878 4102 1093 4158 negaret,
1114 4093 1231 4159 (for-

240 4161 375 4219 mula,
405 4160 457 4208 in
490 4174 636 4221 quam
670 4160 878 4207 dabatur
907 4158 1161 4217 iudicium,
1182 4164 1233 4207 et

242 4223 437 4273 solennis
476 4222 529 4271 in
570 4222 927 4285 sponsionibus,
962 4222 1015 4273 in
1057 4222 1233 4297 quibus

244 4291 544 4347 numento,
578 4286 629 4337 11.
651 4302 696 4337 e.
735 4290 868 4337 certa
904 4300 1115 4350 pecunia
1149 4286 1230 4343 de-

1288 2380 1448 2442 posita
1468 2382 1548 2429 vel
1581 2380 1832 2442 promissa,
1852 2380 1962 2443 quis
1991 2396 2106 2430 eum
2136 2380 2302 2442 aliquo

1289 2442 1656 2506 contendebat.)
1691 2446 1820 2492 Rue.

1354 2522 1381 2554 α
1426 2508 1698 2567 Privatim]
1760 2508 1958 2555 Praeter
2010 2513 2304 2569 quaestores,

1289 2569 1373 2631 qui
1394 2568 1593 2631 publice
1615 2575 1666 2617 et
1688 2570 1734 2617 vi
1757 2570 2062 2632 magistratus
2082 2570 2156 2617 sui
2181 2570 2303 2618 Vol-

1290 2632 1445 2681 scium
1478 2634 1788 2693 accusabant,
1816 2634 1960 2681 multi
1995 2633 2222 2695 privatim
2254 2638 2306 2681 et

1290 2711 1379 2745 suo
1413 2696 1611 2745 nomine
1642 2712 1756 2745 eum
1788 2696 1840 2745 in
1871 2697 1949 2745 ius
1982 2698 2236 2755 vocabant,
2255 2703 2307 2745 et

1294 2776 1455 2809 coram
1486 2760 1651 2809 iudice
1683 2776 1847 2809 secum
1880 2760 2152 2822 disceptare
2171 2759 2304 2809 iube-

1292 2826 1429 2883 bant,
1448 2825 1733 2887 spondendo
1766 2840 1818 2872 se
1849 2830 2032 2872 certam
2058 2825 2306 2886 quandam

1290 2888 1530 2949 pecuniae
1571 2904 1814 2937 summam
1859 2890 2073 2947 daturos,
2114 2888 2155 2935 si
2197 2904 2309 2937 reus

1290 2954 1518 3013 probaret
1537 2967 1636 3000 non
1666 2952 1735 3001 ita
1761 2968 1813 3000 se
1845 2968 1948 3001 rem
1981 2952 2173 3001 habere.
2243 2953 2307 3001 In

1292 3015 1562 3064 intentione
1585 3016 1684 3064 litis
1704 3022 1840 3064 actor
1859 3022 1910 3064 et
1932 3032 2042 3065 reus
2062 3032 2114 3064 se
2135 3021 2307 3064 mutuo

1293 3080 1552 3141 sponsione
1595 3081 1960 3141 provocabant3
2013 3086 2063 3128 et
2113 3080 2308 3141 utrique

1293 3158 1489 3192 necesse
1533 3148 1636 3191 erat
1677 3144 1932 3204 spondere,
1967 3158 2036 3201 se,
2073 3142 2165 3191 nisi
2203 3158 2308 3191 rem

1297 3208 1522 3268 probaret
1541 3207 1612 3253 ita
1632 3222 1736 3254 esse
1762 3206 2173 3267 quemadmodum
2195 3221 2308 3253 con-

1296 3271 1534 3329 tenderet,
1562 3274 1754 3317 certam.
1782 3270 2026 3329 quandam
2073 3269 2310 3331 pecuniae

1297 3348 1556 3393 summam,
1609 3347 1734 3393 quae
1789 3332 2088 3390 finiebatur,·
2125 3333 2310 3380 solutu-

1296 3412 1421 3445 rum.
1460 3397 1520 3443 cf.
1544 3398 1722 3444 Ancon.
1746 3396 1796 3443 in
1816 3396 1956 3445 Verr.
1989 3394 2022 3443 i.
2053 3394 2154 3445 116.
2191 3396 2307 3445 Val.

1299 3460 1437 3509 Max.
1464 3458 1515 3508 ii.
1539 3460 1585 3508 8.
1638 3460 1788 3507 Porro
1825 3474 1978 3521 quum
2009 3466 2146 3507 actor
2165 3461 2312 3519 ferre

1296 3524 1504 3572 iudicem
1524 3538 1608 3571 reo
1627 3522 1822 3583 dicitur,
1841 3523 2214 3586 intelligendum
2235 3528 2312 3572 est

1296 3588 1361 3634 ab
1395 3602 1454 3634 eo
1487 3586 1776 3633 nominatim
1815 3586 1974 3635 offerri
2011 3602 2070 3635 ac
2103 3586 2311 3649 proponi

1296 3649 1514 3711 aliquem
1547 3665 1576 3697 e
1609 3649 1868 3709 iudicibus,
1899 3650 2031 3712 apud
2064 3665 2208 3712 quem
2248 3652 2312 3700 de

1296 3712 1401 3761 iure
1436 3712 1685 3774 utriusque
1721 3714 2099 3788 disceptaretur:
2147 3715 2232 3777 qui
2270 3714 2311 3763 si

1297 3778 1582 3839 probaretur
1600 3792 1700 3836 reo,
1721 3783 1826 3825 tum
1854 3779 2002 3827 iudex
2032 3778 2314 3827 convenisse

1297 3842 1562 3889 dicebatur.
1631 3842 1802 3898 Quum
1824 3849 1990 3891 autem
2015 3842 2067 3890 in
2094 3842 2314 3904 singulas

1297 3904 1409 3953 lites
1428 3904 1661 3965 iudicem,
1683 3906 1761 3955 vel
1782 3906 1968 3954 iudices
1988 3905 2092 3953 dari
2121 3910 2311 3967 oporte-

1298 3974 1371 4016 ret
1399 3970 1461 4016 ab
1492 3984 1550 4017 eo
1571 3969 1872 4031 magistratu,
1893 3970 2031 4017 cuius
2052 3974 2155 4017 erat
2176 3967 2312 4014 iuris-

1298 4031 1467 4091 dictio,
1504 4048 1684 4094 nempe
1727 4032 1897 4094 primis
1939 4031 2240 4093 temporibus
2279 4044 2312 4076 a

1296 4098 1514 4155 consule,
1548 4102 1716 4157 postea
1746 4111 1777 4143 a
1811 4100 2063 4157 praetorem
2093 4097 2230 4140 actor
2261 4096 2312 4138 et

1294 4174 1405 4208 reus
1440 4160 1762 4207 communiter
1793 4160 1856 4206 ab
1890 4174 1950 4205 eo
1983 4154 2313 4217 postulabant,

1296 4228 1351 4271 ut
1373 4222 1455 4271 hic
1476 4222 1562 4285 qui
1585 4226 1878 4270 convenerat
1898 4218 1988 4267 sibi
2010 4217 2160 4264 iudex
2177 4216 2312 4264 dare-

1294 4292 1389 4337 tur.
1454 4286 1826 4346 Nonnunquam
1859 4286 1996 4333 actor
2031 4292 2114 4328 reo
2149 4278 2316 4339 dabat,
