3000 4784
834 239 1021 305 LIB.
1070 239 1195 304 111.
1262 238 1485 305 CAP.
1537 246 1639 305 26.
2170 244 2289 309 173

158 376 235 441 le
360 387 643 461 agerent,
670 374 869 438 duum
900 377 1215 440 mensium
1244 376 1517 462 spatium
1548 376 1910 441 consulibus
1937 378 2160 443 datum
2189 392 2286 443 est
2309 394 2376 445 U.
2401 396 2460 445 C.
2486 394 2596 459 296.

164 399 327 525 affe
314 460 781 547 inspiciendam
824 461 1066 548 legem:
1118 474 1207 538 ut,
1256 485 1457 548 quum
1512 462 1913 527 edocuissent
1957 464 2286 551 populum,
2307 460 2369 509 A.
2404 461 2463 510 0·
2488 458 2598 521 4⁵⁶·

166 548 353 633 quid
395 547 637 611 fraudis
680 546 962 611 occultae
1008 548 1294 624 ferretur,
1325 549 1608 612 sinerent
1646 549 1880 613 deinde
1921 552 2289 636 suffragium

168 635 375 697 inire.
468 632 617 697 Hoc
646 633 960 698 intervalli
990 633 1211 697 datum
1254 656 1353 697 res
1398 635 1768 720 tranquillas
1813 636 1882 698 in
1925 638 2080 700 urbe
2116 638 2285 701 fecit.

114 736 149 781 8
174 719 339 783 Nec
386 719 753 783 diuturnam
800 721 1083 804 quietem
1122 720 1336 806 Aequi
1379 719 1726 785 dederunt:
1777 722 1909 806 qui,
1941 736 2128 809 rupto
2157 722 2290 787 foe·
2310 739 2512 789 Bellum

172 806 368 884 dere,
394 806 571 892 quod
601 806 797 869 ictum
829 819 963 870 erat
993 806 1199 892 priore
1230 828 1400 870 anno
1423 830 1571 869 cum
1597 807 1922 884 Romanis,
1949 809 2288 895 imperium
2307 819 2423 851 eum
2455 867 2465 876 .

174 892 271 955 ad
308 892 679 956 Gracchum
714 889 1035 955 Cloelium
1064 884 1376 955 deferunt.
1470 891 1536 955 Is
1581 906 1717 956 tum
1761 892 1950 980 longe
1995 895 2212 981 prince
2307 870 2508 929 Aequis.

172 978 255 1040 in
290 978 547 1063 Aequis
576 989 726 1041 erat.
822 976 1115 1041 Graccho
1144 978 1307 1042 duce
1338 978 1407 1040 in
1439 978 1832 1043 Lavicanum
1863 1002 2101 1065 agrum,
2133 917 2288 1044 ind’g

174 1064 257 1125 in
290 1064 755 1139 Tusculanum,
786 1063 999 1127 hostili
1029 1063 1434 1150 populatione
1456 1066 1745 1141 veniunt,
1769 1063 2075 1151 plenique
2105 1089 2290 1153 prae-

176 1149 310 1215 dae
360 1150 431 1212 in
476 1148 717 1235 Algido
759 1162 961 1213 castra
1001 1149 1229 1214 locant.
1322 1149 1403 1214 In
1447 1173 1524 1213 ea
1565 1164 1768 1214 castra
1801 1150 1884 1225 Q„
1919 1152 2168 1228 Fabius,
2211 1152 2286 1216 P.

180 1234 605 1311 VolumniuS,
637 1236 721 1298 A.
754 1234 1137 1311 Postumius,
1168 1234 1362 1321 legati
1407 1237 1485 1299 ab
1534 1236 1760 1312 Roma,
1791 1251 2106 1301 venerunt
2134 1260 2292 1323 que-

180 1334 367 1386 stum
397 1320 677 1397 iniuriaS,
697 1334 764 1384 et
793 1342 873 1385 ex
903 1320 1159 1385 foedere
1189 1344 1289 1385 res
1318 1322 1676 1407 repetitum.
1757 1321 1888 1385 Eos
1913 1323 2289 1407 Aequorum

182 1411 561 1495 imperator,
597 1416 616 1444 ‘
634 1430 796 1493 quae
842 1406 1139 1470 mandata
1180 1406 1458 1471 habeant
1496 1409 1576 1471 ab
1607 1421 1830 1471 senatu
1863 1408 2177 1483 Roman0,
2210 1408 2290 1471 ad
2310 1415 2484 1477 Legati

188 1504 211 1532 ‘
230 1495 567 1580 quercum’
596 1494 775 1557 iubet
807 1502 826 1530 ‘
842 1490 1089 1556 dicere:
1138 1515 1204 1556 se
1234 1492 1356 1556 alia
1383 1494 1637 1558 interim
1667 1495 2008 1565 acturumfl,
2083 1492 2292 1568 Quer-
2311 1480 2460 1553 Rom:

186 1604 309 1645 cus
357 1580 585 1666 ingens
628 1580 813 1643 arbor
852 1579 1168 1665 praetorio
1207 1579 1598 1655 imminebat,
1631 1580 1812 1643 cuius
1841 1580 2067 1643 umbra
2094 1604 2294 1667 opaca
2460 1578 2474 1593 ⁰

188 1666 384 1730 sedes
424 1678 575 1730 erat.
671 1664 842 1729 Tum
872 1687 955 1728 ex
984 1664 1206 1751 legatis
1235 1688 1401 1728 unus
1432 1667 1668 1742 abienS,
1705 1674 1806 1729 ‘et
1834 1667 2030 1742 haec,'
2059 1667 2290 1752 inquit,

134 1778 171 1823 o
193 1762 215 1790 ⁶
234 1764 481 1817 sacrata
511 1774 799 1838 quercus,
830 1762 897 1815 et
927 1750 1232 1836 quicquid
1264 1751 1530 1815 deorum
1559 1764 1672 1828 est,
1705 1752 1966 1816 audiant
1994 1751 2218 1817 foedus
2253 1777 2293 1817 a

190 1848 215 1877 ‘
233 1839 419 1902 vobis
448 1850 740 1924 ruptum:
788 1838 987 1900 nostri
1064 1860 1143 1900 ue
1178 1850 1245 1899 et
1278 1861 1450 1902 nunc
1480 1837 1756 1923 querelis
1785 1839 2012 1915 adsint,
2045 1852 2112 1902 et
2141 1860 2292 1903 mox

192 1934 215 1963 ‘
234 1924 467 1999 armis;
515 1946 713 2010 quum
744 1922 1009 1988 deorum
1095 1923 1508 2010 ominnmque
1539 1924 1727 1987 simul
1755 1924 1986 1989 violata
2013 1925 2152 1988 iura
2179 1947 2293 1989 ex-

196 2019 219 2050 ‘
238 2010 623 2095 sequemur!
705 2008 977 2072 Romam
1008 2021 1081 2072 ut
1108 2009 1351 2073 rediere
1382 2010 1595 2097 legati,
1627 2024 1879 2074 senatus
1908 2012 2104 2087 iussit,
2138 2010 2296 2075 alte-

192 2120 345 2161 rum
396 2094 719 2159 consulem
774 2108 995 2160 contra
1044 2094 1407 2159 Gracchum
1460 2096 1530 2159 in
1585 2096 1896 2181 Algidum
1945 2098 2294 2161 exercitum

196 2184 479 2258 ducere;
524 2180 705 2245 alteri
736 2180 1213 2281 populationem
1240 2182 1467 2245 finium
1502 2182 1604 2245 Ae
1650 2204 1876 2245 uorum
1907 2183 2295 2267 provinciam

197 2268 402 2333 dedit.
494 2267 767 2331 Tribuni
812 2289 927 2330 suo
967 2289 1141 2332 more
1182 2266 1491 2355 impedire
1539 2266 1621 2330 de
1645 2282 1894 2331 ectum:
1943 2281 2008 2331 et
2035 2268 2296 2332 forsitan

200 2355 289 2419 ad
333 2354 628 2418 ultimum
672 2352 1121 2440 impedissent3
1167 2353 1281 2417 sed
1326 2376 1526 2417 novus
1564 2353 1772 2417 subito
1803 2352 2056 2417 additus
2095 2368 2297 2419 terror

200 2454 317 2505 est.
410 2438 528 2503 Vis
562 2439 937 2504 Sabinorum
967 2439 1194 2525 ingens
1222 2461 1419 2536 prope
1464 2438 1546 2501 ad
1585 2438 1838 2501 moenia
1867 2440 2038 2502 urbis
2067 2440 2296 2503 infesta
2419 2448 2524 2507 26.

288 2525 611 2613 pulatione
655 2526 849 2589 venit.
940 2524 1205 2589 Foedati
1246 2546 1399 2609 agn,
1436 2536 1638 2586 terror
1680 2523 1953 2586 iniectus
1993 2525 2133 2586 urbi
2179 2537 2290 2587 est.
2311 2530 2490 2639 {⁶1:²33
2491 2532 2608 2641 i{2:³1-

270 2635 379 2712 um
414 2611 593 2698 plebs
622 2611 899 2697 benigne
930 2634 1103 2675 arma
1132 2610 1336 2695 cepit:
1386 2608 1874 2672 reclamantibus
1914 2608 2143 2671 frustra
2185 2610 2294 2672 tri-
2315 2660 2444 2703 runt.

196 2700 413 2774 bunis,
444 2698 657 2783 magni
686 2696 817 2760 duo
846 2697 1162 2760 exercitus
1192 2694 1423 2780 scripti.
1507 2693 1804 2756 Alterum
1837 2692 2114 2757 Nautius
2143 2717 2294 2758 con-

156 2812 175 2845 ι
207 2799 303 2849 tra
340 2782 604 2848 Sabinos
644 2781 862 2845 duxit:
915 2782 1257 2866 castrisque
1303 2779 1385 2843 ad
1430 2779 1698 2843 Eretum
1741 2778 1980 2865 positia,
2027 2802 2142 2866 per
2183 2802 2296 2844 ex-

202 2869 559 2957 peditiones
602 2890 843 2955 parvas,
873 2867 1247 2953 plerumque
1278 2866 1604 2929 nocturnis
1643 2865 2124 2943 incursionibus,
2157 2880 2296 2930 tan-

206 2970 338 3020 tam
379 2956 735 3019 vastitatem
778 2954 847 3017 in
895 2952 1129 3017 Sabino
1173 2973 1321 3037 agro
1365 2951 1661 3029 reddidit,
1700 2966 1790 3029 ut,
1829 2954 2170 3039 comparati
2215 2952 2298 3016 ad

205 3064 369 3117 eam,
414 3063 610 3127 prope
656 3038 877 3103 intacti
904 3038 1071 3102 bello
1101 3038 1262 3101 fines
1291 3035 1571 3101 Romani
1597 3038 1980 3103 viderentur.
2075 3038 2298 3102 Minu·
2317 3050 2568 3101 Minucius

206 3129 307 3193 cio
336 3148 547 3213 neque
582 3125 833 3190 fortuna
859 3146 979 3187 nec
1008 3124 1101 3187 vis
1130 3123 1325 3187 animi
1355 3123 1580 3187 eadem
1618 3125 1688 3187 in
1731 3124 2010 3209 gerendo
2041 3126 2298 3223 negotio
2315 3116 2446 3163 male
2467 3132 2570 3164 rem

204 3214 365 3277 fuit:
417 3234 587 3287 nam,
634 3233 834 3296 quum
880 3208 1055 3274 haud
1098 3207 1317 3295 procul
1368 3210 1445 3272 ab
1498 3208 1678 3272 hoste
1726 3222 1929 3271 castra
1971 3223 2297 3295 posuisset,
2315 3178 2629 3305 Ξξζᾚξζξῖ

206 3298 385 3363 nulla
412 3319 795 3383 magnopere
822 3295 1004 3359 clade
1048 3306 1323 3380 accepta,
1354 3294 1572 3357 castris
1615 3316 1680 3357 se
1725 3294 1993 3381 pavidus
2024 3298 2296 3362 tenebat.

216 3384 427 3483 Quod·
456 3383 567 3447 ubi
607 3394 932 3445 senserant
974 3382 1203 3455 hosteS,
1250 3380 1447 3441 crevit
1490 3400 1573 3442 ex
1617 3392 1794 3444 metu
1837 3380 2063 3458 alieno,
2096 3396 2169 3446 ut
2207 3384 2299 3461 fit,

212 3470 507 3536 audaciax
556 3480 643 3544 et,
666 3478 853 3531 nocte
884 3467 1089 3531 adorti
1117 3477 1335 3539 castra,
1366 3472 1702 3551 postquam
1725 3488 1950 3551 parum
1971 3467 2064 3530 vis
2085 3482 2305 3553 aperta

212 3556 579 3644 profecerat,
600 3552 985 3629 munitiones
1007 3564 1257 3639 postero
1280 3550 1385 3613 die
1409 3550 1821 3615 circumdant.
1891 3552 2074 3626 Quae
2099 3554 2303 3639 prius-

278 3772 309 3820 8
338 3773 507 3833 Rupta
527 3770 756 3830 foedere]
806 3768 1003 3817 Errasse
1040 3768 1230 3817 videtur
1294 3770 1500 3819 Niebhr.
1523 3768 1573 3818 ii.
1597 3784 1645 3831 p.
1670 3782 1778 3832 254.

218 3835 400 3895 Livius,
428 3834 513 3895 qui
542 3834 713 3881 foedus
744 3832 1081 3881 Romanorum
1117 3848 1229 3881 cum
1358 3850 1389 3898 9
1420 3836 1626 3882 Sacrata
1649 3834 1880 3897 quercus]
1919 3831 2072 3881 Haud
2105 3833 2207 3882 scio
2238 3849 2302 3881 an

220 3898 409 3947 Volscis
420 3898 573 3945 ictum
589 3896 653 3945 ad
668 3898 865 3957 Aequos
880 3902 1122 3957 spectasse
1144 3912 1227 3945 ex·
1292 3914 1497 3961 quercus
1522 3898 1645 3945 haec
1672 3898 1734 3945 sit
1759 3902 1964 3953 sacrata,
1986 3896 2144 3957 qualis
2167 3898 2302 3958 apud

218 3962 412 4011 intimat.
482 3960 697 4009 Romani
724 3960 930 4007 Volscos
962 3961 1023 4007 ab
1048 3961 1231 4021 Aequis
1294 3962 1562 4021 Vascones,
1591 3962 1671 4011 the
1703 3962 1796 4011 oalc
1831 3962 1891 4021 os
1917 3962 2186 4018 Gramion,
2215 3960 2300 4007 ho-

220 4032 319 4074 arte
364 4040 454 4073 sua
496 4025 641 4073 solita
676 4022 1009 4081 dissociat-ant,
1043 4023 1228 4085 quippe
1292 4024 1373 4073 die
1394 4025 1680 4073 celebratur.

222 4090 447 4137 Ecetram
474 4094 627 4149 atque
652 4086 859 4135 Antium
887 4086 1083 4134 Volscis
1116 4103 1227 4135 con·
1362 4102 1381 4136 1
1418 4092 1505 4137 Ad
1535 4091 1771 4148 Eretum]
1821 4086 2076 4161 Oppidum
2119 4085 2172 4130 in
2217 4085 2302 4131 Sa-

222 4159 475 4210 cesscrant,
488 4158 547 4199 ut
564 4152 619 4198 in
638 4166 728 4199 sua
746 4150 963 4212 ipsorum
986 4156 1228 4211 potestate
1292 4150 1419 4199 binis
1460 4152 1790 4214 propinquum
1836 4150 2105 4203 Nomento,
2121 4168 2130 4176 ·
2148 4150 2200 4192 et
2241 4146 2304 4193 ad

222 4223 393 4274 essent,
448 4221 597 4277 atque
649 4214 721 4262 ita
772 4228 861 4276 per
922 4214 1231 4275 septuaginta
1294 4214 1512 4263 Tiberim
1535 4215 1667 4262 xviii.
1695 4214 1824 4263 min.
1840 4226 1965 4275 pass.
1994 4225 2027 4257 a
2056 4210 2224 4256 Rom
2254 4223 2308 4256 m

222 4280 395 4329 exinde
416 4294 571 4329 annos
591 4292 763 4340 pacem
792 4292 905 4325 cum
929 4276 1125 4325 Volscis
1150 4278 1229 4325 lit-
1295 4278 1375 4328 via
1394 4278 1584 4328 Salaria
1601 4278 1766 4325 situm.

222 4344 453 4393 toralibus
494 4342 765 4391 servabant.
822 4340 883 4388 cf.
926 4339 1037 4389 infr.
1082 4340 1145 4391 vi.
1185 4354 1229 4389 α.
