3000 4784
812 192 1003 259 LIB.
1051 192 1241 259 VIII.
1308 193 1532 260 CAP.
1587 201 1683 261 13.
2163 204 2290 268 467

152 330 501 407 consules,
538 330 833 395 omnibus
860 352 1000 396 eam
1031 352 1167 394 rem
1194 332 1527 418 praeverti,
1557 331 2055 419 proficiscuntur.
2148 332 2286 399 Iam
2308 352 2374 403 U.
2399 352 2458 404 c.
2481 368 2592 417 417·

156 418 382 483 Latio
417 418 472 482 is
506 429 703 481 status
738 429 873 481 erat
906 439 1138 495 rerum,
1168 430 1243 482 ut
1280 440 1493 567 neqlue
1532 418 1772 483 bellum
1809 441 2021 506 neque
2219 443 2282 485 m
2303 419 2363 467 A.
2399 419 2464 493 c..
2481 432 2594 482 335·

152 506 315 591 pati
369 516 642 591 possent.
735 503 847 567 Ad
897 503 1135 567 bellum
1187 527 1341 590 opes
1432 520 1688 569 eerant:
1741 528 1965 592 pacem
2018 529 2057 571 o
2148 480 2614 606 flgfiffiiffiiaffissc

156 590 475 676 adempti
503 589 788 655 dolorem
818 590 1327 689 aspernabantur.
1406 590 1648 655 Mediis
1675 591 1953 656 consiliis
1983 592 2278 657 standum
2297 623 2469 671 paoem
2493 611 2596 673 pati

154 676 539 753 videbatur,
575 687 651 739 ut
692 675 943 761 oppidls
986 698 1051 739 se
1098 688 1425 753 tenerent3
1472 700 1556 741 ne
1603 677 1922 743 lacessitus
1954 678 2282 744 Romanus
2298 680 2515 734 ΡΜ*-

156 780 444 826 causam
480 761 633 826 belli
672 762 971 825 haberet:
1020 774 1105 838 et,
1136 762 1191 827 si
1229 764 1409 827 cuius
1448 763 1670 849 oppidi
1708 764 1953 829 obsidio
1991 766 2284 831 nuntiata

159 860 375 925 esset,
405 848 693 933 undique
724 869 806 911 ex
836 848 1130 911 omnibus
1157 870 1242 935 po
1289 849 1411 912 ulis
1444 849 1753 913 auxilium
1795 850 2061 915 obsessis
2089 852 2281 917 ferre-

160 946 299 998 tur.
387 934 623 1020 Neque
648 945 880 1011 tamen,
904 934 1025 997 nisi
1055 871 1400 997 admogum
1430 958 1467 998 a
1494 936 1712 1021 paucis
1733 936 2002 1021 populi3,
2033 936 2279 1002 Pedani
2298 946 2579 1021 Vincuntur

160 1019 391 1083 adiuti
419 1034 584 1083 sunt.
648 1019 948 1083 Tiburtes
968 1018 1514 1105 Praenestinique,
1547 1043 1818 1106 quorum
1848 1043 2000 1107 ager
2025 1045 2142 1109 pro
2185 1024 2326 1125 iorg
2347 1012 2556 1060 comun-

160 1118 337 1183 erat‚
378 1106 630 1169 Pedum
672 1127 1035 1191 pervenere.
1128 1104 1423 1170 Aricinos
1468 1105 1962 1193 Lanuvinosque
2007 1121 2074 1171 et
2166 1109 2281 1173 eli·
2327 1090 2399 1123 ω’

162 1206 419 1269 ternos,
474 1191 843 1255 Antiatibus
894 1190 1143 1255 Volscis
1198 1213 1265 1255 se
1324 1191 1558 1256 coniun
1643 1204 1802 1269 nteS‚
1863 1192 1945 1256 ad
2009 1193 2278 1259 Asturae

160 1278 427 1341 flumen
480 1276 798 1353 Maenius,
846 1277 935 1340 im
981 1276 1185 1342 roviso
1236 1276 1513 1354 adortus,
1637 1278 1750 1341 dit.
1847 1277 2156 1349 Camillus
2197 1281 2282 1345 ad

164 1362 439 1429 Pedum
484 1386 631 1428 cum
678 1362 933 1427 Tiburti
978 1385 1070 1439 us,
1116 1364 1390 1427 maxime
1434 1363 1644 1427 valido
1689 1364 1994 1442 exercitu,
2043 1366 2278 1431 maiore

166 1449 372 1527 mole,
426 1472 791 1536 quanquam
850 1472 1053 1534 aeque
1112 1471 1411 1537 prospero
1462 1462 1720 1528 eventu,
1772 1464 2031 1537 pugnat.
2142 1452 2279 1516 Tu-

164 1536 459 1599 multum
504 1536 780 1599 maxime
830 1535 1165 1621 repentina
1212 1536 1381 1599 inter
1428 1536 1742 1623 proelium
1792 1536 2044 1623 eruptio
2095 1560 2136 1602 o
2227 1538 2278 1601 i-

166 1622 496 1686 danorum
522 1622 711 1685 fecit:
760 1621 827 1685 in
859 1644 1019 1707 quos
1053 1632 1229 1721 parte
1265 1623 1581 1687 exercitus
1609 1645 1928 1699 conversa,
1965 1561 2276 1688 Camilfus

168 1730 315 1772 non
344 1707 653 1795 compulit
680 1706 885 1771 solum
914 1730 1023 1771 eos
1051 1720 1219 1771 lutra
1246 1708 1516 1785 moenia,
1541 1708 1654 1772 sed
1683 1709 1910 1773 eodem
1932 1710 2123 1774 etiam
2147 1710 2274 1788 die,

168 1816 385 1879 quum
427 1794 597 1943 ipsos
638 1793 1001 1879 auxiliaque
1046 1816 1265 1858 eorum
1309 1794 1697 1882 perculisset,
1735 1796 2044 1883 oppidum
2095 1796 2278 1860 scalis

170 1881 371 1966 cepit.
505 1880 701 1945 lacuit
728 1879 899 1955 inde,
924 1879 1049 1943 iam
1080 1880 1314 1945 maiore
1344 1894 1578 1945 conatu
1606 1881 1946 1967 animoque
1977 1883 2058 1947 ab
2088 1883 2276 1947 unius

170 1988 311 2052 exp
444 1967 656 2030 atione
688 1966 859 2030 urbis
888 1965 969 2029 ad
997 1966 1499 2053 perdomandum
1533 1966 1792 2031 Latium
1819 1969 2124 2033 victorem
2154 1969 2276 2032 cir-

170 2074 329 2115 cum
378 2076 565 2117 ucere
617 2052 1008 2117 exercitum:
1072 2074 1193 2116 nec
1246 2054 1544 2151 quievere
1593 2066 1762 2130 ante,
1806 2075 2020 2139 quam,
2072 2077 2275 2141 expu-

174 2139 440 2225 gnando
464 2151 573 2204 aut
594 2139 661 2201 in
678 2138 1075 2203 deditionem
1096 2137 1466 2224 accipiendo
1488 2137 1766 2237 singulas
1787 2139 1993 2214 urbes,
2013 2139 2272 2203 Latium
2293 2148 2492 2199 Lat-'um

174 2247 373 2289 omne
404 2226 725 2311 subegere.
818 2223 1157 2287 Praesidiis
1190 2223 1341 2287 inde
1372 2223 1689 2309 dispositis
1722 2245 1839 2309 per
1871 2237 2124 2311 recepta
2160 2248 2274 2312 op-
2289 2216 2560 2265 subactum.

228 2310 355 2388 ida,
391 2311 664 2376 Romam
693 2311 775 2375 ad
807 2310 1195 2374 destinatum
1224 2310 1510 2373 omnium
1539 2330 1849 2373 consensu
1881 2310 2274 2398 triumphum

176 2333 525 2463 Recessere.
618 2395 901 2461 Additus
944 2395 1266 2483 triumpho
1308 2394 1531 2472 honos,
1561 2407 1636 2459 ut
1673 2407 1913 2459 statuae
1949 2410 2274 2483 equestres

110 2514 159 2561 9
180 2483 283 2560 iis,
312 2506 449 2548 rara
494 2483 605 2547 illa
642 2495 851 2547 aetate
894 2504 1013 2559 res,
1050 2482 1121 2545 in
1165 2482 1301 2546 foro
1346 2493 1750 2569 ponerentur.
1842 2481 2048 2559 Prius,
2080 2506 2273 2569 quam
2291 2495 2532 2546 Camillus

180 2570 457 2634 comitiis
480 2570 549 2634 in
578 2570 713 2633 inse
760 2581 1019 2633 uentem
1048 2590 1287 2631 annum
1310 2566 1600 2631 consules
1621 2580 1935 2654 rogarent,
1965 2566 2273 2633 Camillus
2289 2560 2434 2607 refert
2449 2562 2512 2607 ’ἃ
2529 2575 2601 2608 ⁸⁶·

181 2656 271 2719 de
302 2655 546 2720 Latinis
583 2593 834 2743 popgfie
870 2655 955 2719 ad
992 2667 1282 2718 senatum
1321 2652 1558 2730 retulit,
1587 2667 1780 2739 atque
1817 2654 1908 2718 ita
1941 2654 2268 2719 disseruit:
2288 2629 2460 2736 ἷζῗξι
2483 2624 2544 2671 de

186 2750 207 2779 ‘
230 2741 449 2807 Patres
488 2741 846 2828 conscripti,
876 2740 1051 2827 quod
1085 2739 1252 2805 bello
1288 2739 1602 2825 armisque
1638 2740 1708 2802 in
1737 2738 1925 2804 Latio
1954 2740 2274 2827 agendum

186 2836 207 2865 ‘
228 2828 369 2904 suit,
398 2828 467 2892 id
495 2829 623 2891 iam
650 2827 845 2892 deum
871 2826 1263 2913 benignitate
1293 2848 1367 2890 ac
1394 2826 1627 2890 virtute
1665 2825 1939 2890 militum
1969 2828 2052 2891 ad
2080 2827 2275 2892 finem
2315 2906 2320 2909 Ι

186 2922 207 2951 ‘
230 2914 421 2978 venit.
516 2913 707 2977 Caesi
746 2913 831 2977 ad
863 2911 1113 2976 Pedum
1146 2912 1759 2998 Asturamque'sunt
1785 2913 2101 2978 exercitus
2129 2912 2276 2978 hos-

190 3008 209 3037 ‘
234 2999 428 3064 tium:
494 2998 731 3086 oppida
770 2998 1001 3062 Latina
1043 3000 1274 3075 omnia,
1316 3013 1383 3063 et
1414 2998 1687 3063 Antium
1732 3022 1814 3063 ex
1853 2998 2121 3078 Volscis,
2164 3014 2272 3065 aut

192 3094 211 3125 ‘
234 3085 300 3149 vi
342 3099 541 3173 capta,
584 3097 695 3149 aut
739 3096 995 3171 recepta
1038 3084 1107 3147 in
1146 3084 1560 3161 deditionem,
1605 3085 1932 3171 praesidiis
1975 3099 2275 3149 tenentur

188 3181 213 3209 ‘
234 3173 466 3237 vestris.
590 3170 869 3256 Reliqua
928 3169 1305 3239 consultatio
1364 3180 1478 3245 est,
1539 3171 1843 3254 quoniam
1909 3169 2274 3234 rebellando

190 3266 211 3296 ‘
232 3258 477 3345 saepius
540 3280 657 3323 nos
729 3256 1085 3331 sollicitant,
1148 3278 1424 3341 quonam
1487 3254 1677 3317 modo
1743 3268 2048 3340 perpetua
2118 3278 2272 3342 pace

192 3354 213 3383 ‘
236 3345 478 3430 quietos
535 3344 948 3409 obtineamus
1060 3341 1175 3405 Dii
1232 3339 1616 3404 immortales
1675 3338 1765 3402 ita
1813 3361 1924 3402 vos
1981 3353 2274 3427 potentes

192 3440 213 3469 ‘
234 3430 418 3495 huius
451 3428 698 3495 consilii
726 3430 1031 3505 fecerunt,
1064 3440 1155 3503 ut,
1186 3427 1269 3490 sit
1304 3425 1560 3489 Latium
1591 3424 1846 3501 deinde,
1878 3448 1960 3489 an
2001 3448 2132 3489 non
2170 3428 2271 3503 sit,

194 3526 213 3557 ‘
238 3518 303 3581 in
336 3530 539 3581 vestra
569 3538 765 3579 manu
802 3514 1145 3603 posuerint.
1238 3512 1463 3598 Itaque
1504 3532 1727 3597 pacem
1755 3512 1952 3590 vobis,
1985 3512 2160 3598 quod
2187 3513 2274 3577 ad

193 3613 215 3643 ‘
238 3602 495 3667 Latinos
536 3603 781 3677 attinet,
818 3623 1037 3689 parare
1080 3600 1151 3663 in
1192 3610 1593 3698 perpetuum,
1630 3596 1732 3661 vel
1775 3598 2132 3677 saeviendo,
2169 3600 2272 3664 vel

193 3700 218 3728 ‘
241 3690 256 3703 ⁰
344 3688 633 3765 nascendo,
662 3688 944 3775 potestis.
1035 3685 1250 3749 Vult1s
1292 3682 1635 3748 crudeliter
1677 3684 2003 3750 consulere
2049 3686 2117 3750 in
2159 3687 2274 3752 de-

197 3786 217 3815 ‘
307 3790 396 3839 tos
423 3775 523 3840 vic
667 3797 748 3839 ue
770 3774 800 3836 Ρ
887 3772 1075 3838 Licet
1102 3772 1313 3836 delere
1349 3792 1538 3835 omne
1571 3769 1848 3849 Latium,
1881 3784 2082 3837 vastas
2121 3774 2272 3839 inde

196 3871 217 3901 ‘
238 3860 599 3926 solitudines
650 3868 853 3937 ace're,
886 3857 1057 3923 unde
1087 3856 1301 3922 sociali
1330 3880 1365 3921 e
1527 3856 1587 3922 'o
1615 3858 1904 3922 exercitu
1930 3881 2046 3945 per
2072 3860 2274 3923 multa

197 3958 215 3988 ‘
236 3946 394 4012 bella
420 3968 775 4034 magnaque
806 3967 992 4031 saepe
1024 3944 1120 4007 usi
1150 3944 1314 4008 estis.
1368 3878 1611 4007 &7³5¹th
1641 3943 1936 4030 exemplo
1965 3945 2276 4007 maiorum

260 4200 293 4249 9
322 4186 485 4243 Prius,
505 4200 653 4248 quam
675 4220 687 4232 .
712 4218 725 4231 .
750 4220 763 4231 .
784 4184 1039 4245 royarent]
1077 4182 1193 4231 Sub.
1260 4196 1411 4243 quum
1434 4184 1605 4231 consul
1623 4182 1778 4229 maior
1799 4185 1925 4228 esset
1947 4179 2206 4237 Camillus,
2223 4186 2272 4229 et

194 4251 417 4307 consules,
447 4264 574 4309 quae
618 4262 713 4295 vox
756 4248 805 4295 in
844 4246 1077 4302 Camillo,
1110 4246 1197 4307 qui
1262 4246 1502 4306 populum
1525 4258 1676 4292 novos
1698 4244 1920 4291 consules
1940 4250 2140 4303 rogaret.

198 4312 357 4362 consul
386 4320 505 4369 erat,
528 4313 670 4369 latet3
700 4311 789 4359 nisi
825 4310 967 4358 malin
986 4316 1195 4369 reparet,
1745 4388 1794 4430 n
1825 4368 1866 4430 h
1899 4374 1936 4429 2
