3000 4784
806 237 997 304 LIB.
1044 237 1199 305 VII.
1268 238 1599 306 CAP.·2.
2123 248 2249 307 401

120 437 145 471 ²
164 368 385 519 scrigto
432 368 561 434 iam
584 369 684 464 ‘ad
726 372 1051 439 tibicinem
1092 387 1304 452 cantu,
1346 388 1652 461 motuque
1689 376 2068 462 congruenti
2107 399 2250 464 per·
2271 396 2338 445 U.
2361 397 2420 446 c.
2447 406 2554 457 39¹·

118 500 144 547 3
163 477 273 541 age
316 468 442 521 ant.
534 455 756 521 Livius
777 472 922 545 post
948 458 1191 546 aliquot
1206 482 1425 538 annos,
1452 462 1566 547 qui
1595 463 1674 526 ab
1696 462 1920 526 saturis
1937 484 2126 527 ausus
2153 477 2251 528 est
2268 462 2329 511 A·
2365 463 2421 511 C·
2449 458 2558 522 361·

160 541 393 629 primus
430 557 807 629 argumento
848 545 1127 611 fabulam
1166 568 1390 623 serere,
1422 547 1626 633 (idem
1671 548 1928 625 scilicet,
1961 549 2030 613 id
2073 550 2250 638 quod

160 650 373 693 omnes
411 642 547 693 tum
592 643 793 708 erant,
825 653 1083 696 suorum
1122 634 1477 697 carminum
1517 633 1722 720 actor)
1761 634 2014 711 dicitur,
2047 659 2249 723 quum

160 715 401 802 saepius
427 728 757 801 revocatus
784 740 1005 782 vocem
1034 718 1403 796 obtudisset,
1434 721 1624 785 venia
1636 722 1839 807 petita
1865 744 2136 808 puerum
2166 722 2250 787 ad

115 830 145 873 4
160 801 511 865 canendum
540 814 687 867 ante
718 802 1045 869 tibicinem
1076 828 1277 891 quum
1322 807 1658 885 statuisset,
1691 808 2010 873 canticum
2045 810 2248 895 egisse

158 886 475 973 aliquanto
518 889 717 975 magis
744 889 1001 975 vigente
1044 902 1243 967 motu,
1277 892 1431 977 quia
1455 892 1618 956 nihil
1647 895 1819 958 vocis
1863 916 2012 959 usus
2041 896 2247 982 impe-

114 996 139 1044 5
155 972 383 1051 diebat.
475 971 638 1039 Inde
698 975 782 1039 ad
839 998 1100 1041 manum
1156 978 1393 1043 cantari
1457 978 1868 1045 histrionibus
1925 994 2244 1069 coeptum,

112 1076 142 1127 6
157 1058 563 1147 diverbiaque
608 1074 858 1126 tantum
895 1062 1175 1149 ipsorum
1197 1064 1337 1129 voci
1381 1064 1618 1129 relicta.
1709 1065 2058 1153 Postquam
2101 1067 2244 1155 lege

156 1144 271 1209 hac
287 1145 639 1211 fabularum
659 1149 739 1213 ab
768 1148 897 1213 risu
928 1171 999 1212 ac
1023 1148 1229 1215 soluto
1258 1151 1399 1215 ioco
1414 1172 1518 1215 res
1545 1152 1942 1229 avocabatur,
1963 1165 2028 1217 et
2055 1152 2246 1218 ludus

156 1232 221 1295 in
233 1246 428 1297 artem
438 1232 769 1333 paullatim
781 1247 1055 1299 verterat
1066 1259 1083 1312 ;
1124 1235 1441 1313 inventust,
1454 1236 1866 1302 histrionibus
1873 1238 2244 1304 fabellarum

154 1330 299 1383 actu
340 1318 582 1397 rehct0,
629 1320 766 1407 ipsa
814 1320 983 1386 inter
1028 1342 1097 1387 se
1140 1344 1316 1387 more
1372 1324 1637 1410 antiquo
1681 1323 1951 1388 ridicula
1999 1324 2248 1391 intexta

112 1420 139 1473 7
155 1406 431 1469 versibus
454 1406 735 1471 iactitare
758 1408 1004 1495 coepit:
1054 1430 1218 1494 quae
1239 1407 1389 1473 inde
1409 1409 1643 1474 exodia
1668 1424 1892 1495 postea
1911 1411 2244 1497 appellata,

108 1508 136 1555 8
152 1505 397 1556 consert
481 1515 563 1557 ue
619 1492 863 1557 fabellis
919 1494 1317 1580 potissimum
1389 1494 1704 1559 Atellanis
1771 1511 1936 1562 sunt.
2051 1498 2246 1573 Quod

230 1600 351 1641 nus
385 1577 453 1642 lu
499 1601 679 1643 orum
716 1580 795 1643 ab
830 1579 1012 1645 Oscis
1041 1593 1373 1666 acceptum
1405 1583 1614 1646 tenuit
1659 1582 1972 1661 iuventus,
2006 1608 2126 1649 nec
2165 1586 2246 1650 ab

198 1664 558 1729 isti-ionibus
616 1664 817 1752 pollui
874 1688 1057 1752 passa
1112 1679 1225 1730 est.
1319 1667 1419 1732 Eo
1470 1668 1832 1734 institutum
1891 1684 2125 1749 manet,
2175 1684 2248 1736 ut
2267 1686 2487 1737 Exodis:

104 1762 392 1825 9actores
414 1750 855 1817 Atellanarum
886 1774 1006 1817 nec
1029 1752 1199 1817 tribu
1228 1765 1621 1833 moveantur,
1652 1768 1720 1821 et
1747 1756 2083 1844 stipendia,
2110 1770 2248 1823 tan-
2266 1752 2540 1847 Atellanae.

148 2004 213 2053 tis
234 2009 284 2052 et
302 2001 445 2053 variis
464 2006 608 2053 rebus
629 2004 859 2055 refertum
876 2010 995 2054 erat.
1042 2004 1165 2055 Dra-

149 2066 383 2117 maticum
422 2068 536 2128 fuit,
566 2074 624 2117 ut
662 2070 791 2118 clare
830 2085 892 2118 ex
930 2070 1025 2117 hoc
1060 2070 1168 2119 loco

150 2137 303 2194 patet.
368 2134 510 2181 Μαῖα·
542 2138 708 2181 autem
746 2133 829 2181 hic
862 2133 1168 2195 intelligendi

150 2200 265 2245 sunt
280 2196 553 2245 modulatio
568 2198 810 2259 quaedam
828 2212 888 2246 ac
906 2196 1169 2259 descriptio

149 2265 325 2309 cantus
351 2266 611 2322 motusque
632 2276 889 2323 corporum
911 2262 1170 2309 affectibus

149 2324 387 2373 dramatis
417 2338 699 2386 congruens.
768 2325 905 2373 Dum
931 2324 1080 2387 igitur
1099 2324 1169 2373 di-

150 2386 221 2436 cit
242 2387 414 2436 Livius
432 2390 658 2450 impletas
676 2390 827 2437 modis
850 2396 1067 2448 saturas,
1088 2403 1173 2437 eas

151 2453 259 2500 vult
278 2451 409 2501 iusta
430 2451 659 2513 descripti
691 2453 756 2500 ad
783 2450 1035 2501 tibicinem
1058 2467 1170 2501 can-

148 2520 231 2563 tus
268 2520 527 2577 motusque
560 2514 897 2564 modulatione
932 2516 1171 2575 conditas,

148 2594 291 2627 suam
344 2580 591 2641 quandam
654 2579 1004 2642 perfectionem
1058 2579 1169 2628 atti-

154 2752 159 2757 .
216 2722 243 2755 α
278 2709 479 2768 Livius]
540 2706 711 2757 Livius
740 2707 1067 2767 Andronicus,
1096 2706 1171 2756 M.

148 2770 282 2820 Livii
301 2770 589 2821 Salinatoris
608 2771 827 2830 libertus,
848 2771 1065 2821 fabulam
1088 2772 1171 2821 do-

147 2851 261 2884 cere
296 2834 459 2911 coepit
492 2835 551 2884 C.
579 2834 793 2884 Claudio
822 2836 1065 2891 Centone,
1098 2834 1171 2884 M.

146 2900 443 3012 Sempgomo
459 2898 711 2948 Tuditano
727 2899 862 2949 Coss.
880 2914 1011 2947 anno
1034 2899 1100 2949 U.
1112 2899 1169 2948 C.

186 2978 260 3012 12.
344 2976 461 3012 nv·

146 2976 175 3025 ⁵
212 3042 243 3089 3
278 3029 361 3075 Ab
381 3028 591 3086 saturis]
618 3026 831 3076 Relictis
852 3026 1041 3086 saturis,
1058 3042 1169 3075 con-

142 3096 349 3141 nectere
370 3092 591 3140 fabulam
614 3106 677 3139 ex
701 3091 845 3139 variis
864 3090 1069 3151 actibus,
1087 3091 1171 3153 qui

142 3162 321 3204 tamen
343 3170 515 3205 omnes
542 3156 607 3203 ad
634 3169 787 3204 unum
810 3160 861 3203 et
882 3154 1013 3203 idem
1034 3170 1171 3217 argu-

142 3226 397 3277 mentum,
428 3218 531 3268 sive
560 3234 713 3267 unam
742 3218 987 3281 quandam
1022 3220 1171 3266 actio-

142 3282 571 3395 nemimem
579 3282 899 3394 lfictori-entur.
955 3282 1173 3361 Adverte

142 3362 233 3395 ver
384 3363 547 3397 serere
632 3362 660 3395 e
693 3362 797 3395 esse
826 3360 859 3395 a
877 3363 1002 3405 sero,
1021 3362 1174 3405 m,

138 3418 355 3470 sertum,
388 3411 523 3472 quod
560 3410 711 3473 plane
749 3410 992 3459 diversum
1030 3416 1103 3459 est
1142 3424 1175 3457 a

142 3476 301 3524 verbo
332 3491 458 3527 sero.
476 3476 595 3534 sevi,
622 3481 801 3533 ntum,
828 3474 959 3522 idem
994 3473 1172 3536 signifi-

141 3545 297 3589 cante
342 3539 475 3601 quod
518 3540 712 3587 semino.
758 3537 921 3587 Cam.
1000 3540 1173 3587 Serere

140 3604 229 3651 hic
250 3603 413 3668 ⁸idem
448 3603 579 3664 quod
616 3618 879 3653 conserere.
920 3602 1029 3651 infr.
1060 3618 1174 3650 xxv.

208 3748 243 3791 4
280 3730 571 3791 Canticum]
604 3732 863 3780 Canticum
883 3732 945 3779 ab
967 3744 1066 3779 uno
1086 3730 1173 3779 ho-

138 3796 285 3845 mine
326 3796 594 3844 canebatur
630 3795 695 3842 ad
733 3794 947 3843 tibicinis
986 3795 1173 3843 modos.

140 3858 329 3915 Quum
363 3865 533 3908 autem
572 3858 823 3907 tibicinem
865 3864 977 3920 post
1007 3864 1175 3907 actum

138 3938 401 3985 quemque
417 3922 647 3973 cecinisse
662 3928 901 3985 appareat
917 3937 978 3970 ex
996 3921 1055 3971 iis
1072 3938 1171 3971 ver-

136 3988 237 4046 bis,
251 3986 437 4048 quibus
451 3988 659 4036 Plautus
675 3986 725 4035 in
747 3987 991 4035 Pseudolo
1006 3992 1173 4035 actum

136 4052 369 4113 primum
416 4051 682 4110 concludit,
714 4050 963 4099 canticum
1000 4050 1173 4099 subiici

134 4116 355 4165 solitum
390 4130 495 4165 esse
528 4114 705 4177 cuique
731 4114 1013 4163 comoediae
1041 4114 1173 4163 actui

1230 2012 1286 2055 ut
1318 2005 1565 2057 histrionis
1595 2004 1972 2069 gesticulationi‚
1998 2024 2125 2071 quae
2157 2010 2250 2059 sal-

1232 2072 1383 2119 tando
1418 2071 1567 2119 fiebat
1605 2075 1656 2119 et
1695 2071 1889 2133 loquaci
1931 2087 2099 2131 manu,
2139 2089 2250 2121 can-

1232 2134 1383 2183 tando
1436 2134 1841 2196 responderetur:
1897 2147 2051 2196 quum
2104 2143 2252 2185 antea

1232 2197 1367 2246 idem
1404 2203 1455 2245 et
1493 2203 1706 2257 caneret,
1743 2203 1795 2245 et
1837 2199 2052 2247 saltaret.
2090 2200 2250 2250 Canv.

1236 2262 1415 2323 Itaque
1430 2269 1636 2310 cantare
1650 2263 1718 2309 ad
1729 2263 1873 2310 tibias
1890 2267 1980 2320 est,
1993 2261 2093 2310 alio
2103 2263 2253 2312 tibias

1234 2324 1483 2374 animante
1523 2338 1719 2373 carmen
1739 2338 1874 2373 voce
1905 2325 2142 2375 accinere.
2188 2328 2250 2375 cf.

1235 2390 1435 2439 Sueton.
1460 2388 1617 2451 Calig.
1641 2398 1718 2451 54.

1308 2451 1340 2501 6
1377 2454 1644 2513 Diverbia]
1717 2454 2010 2503 Divo-rhium
2058 2454 2252 2515 dicitur,

1236 2517 1433 2578 quando
1463 2516 1638 2565 diversi
1673 2518 1820 2565 verba
1850 2516 2065 2566 facium:
2101 2534 2159 2566 ac
2181 2518 2252 2566 ni-

1234 2580 1305 2629 hil
1339 2580 1475 2629 aliud
1509 2586 1600 2639 est,
1626 2595 1774 2642 quam
1809 2586 1948 2629 actus
1979 2586 2030 2629 et
2062 2596 2254 2641 scenae,

1235 2658 1297 2693 ex
1320 2644 1497 2706 quibus
1519 2644 1680 2707 ipsum
1701 2644 1900 2693 fabulae
1932 2659 2108 2707 corpus
2140 2661 2252 2694 con-

1234 2714 1346 2757 stat.
1415 2708 1699 2771 Opponitur
1740 2708 1887 2756 choro
1941 2714 1992 2757 et
2047 2709 2252 2758 cantico.

1237 2772 1398 2822 Caev,
1436 2773 1676 2822 Diam-bia
1693 2777 1856 2834 partes
1873 2772 2254 2821 comoediarium

1237 2851 1358 2895 esse,
1392 2835 1443 2884 in
1476 2836 1656 2898 quibus
1687 2837 1852 2898 plures
1885 2850 2120 2898 personae
2151 2852 2254 2886 ver-

1236 2906 1422 2960 santur,
1441 2902 1636 2949 cantica
1655 2900 1709 2948 in
1725 2900 1904 2962 quibus
1922 2916 2024 2951 una
2041 2906 2256 2961 tantum,

1234 2970 1409 3013 auctor
1429 2970 1504 3013 est
1529 2964 1811 3014 Diomedes.

1304 3040 1330 3091 7
1366 3031 1506 3088 Quae
1525 3028 1664 3091 inde]
1710 3031 1864 3088 Unde,
1882 3030 2014 3091 quod
2035 3030 2088 3078 in
2111 3031 2252 3082 codd.

1236 3093 1528 3153 quibusdam
1601 3098 1691 3153 est,
1761 3094 1978 3155 reposuit
2039 3094 2253 3143 Bekker.

1238 3156 1434 3205 Exodia
1454 3156 1526 3205 ita
1547 3156 1696 3216 dicta,
1719 3157 1794 3204 vel
1819 3158 1934 3231 quia
1956 3158 2256 3219 singulorum

1238 3220 1562 3268 diverbiorum
1607 3220 1692 3267 fini
1737 3219 2132 3277 subiiciebantur‚
2175 3222 2256 3269 vel

1236 3283 1355 3351 quia
1402 3290 1652 3331 extremae
1694 3282 1894 3331 fabulae
1944 3284 2112 3331 semel.
2159 3284 2256 3333 Ca·

1237 3360 1444 3395 saeuos.

1302 3410 1333 3458 8
1366 3411 1636 3471 Atellanis]
1682 3410 1765 3459 Ita
1797 3410 1958 3460 dictae
1989 3412 2054 3459 ab
2087 3413 2257 3461 Atella

1239 3474 1477 3524 Oscorum
1519 3474 1733 3533 civitate,
1765 3473 1990 3537 Capuam
2037 3475 2164 3525 inter
2206 3482 2256 3525 et

1238 3537 1508 3600 Neapolim
1543 3537 1650 3587 sita.
1717 3538 1847 3587 Osca
1867 3554 2061 3600 quoque
2091 3539 2257 3603 lingua

1238 3604 1524 3665 agebantur,
1555 3608 1816 3665 postquam
1843 3602 1974 3652 Osca
2003 3618 2122 3667 gens
2153 3618 2258 3655 esse

1240 3666 1476 3715 desierat:
1513 3666 1646 3714 unde
1675 3666 1960 3717 dicebantur
1983 3668 2096 3717 Osci
2117 3670 2222 3719 Iudi
2237 3690 2254 3719 .-

1237 3731 1423 3795 quippe
1446 3730 1692 3780 Samnites
1707 3732 1928 3792 quamvis
1951 3732 2106 3783 Oscos
2125 3734 2256 3783 devi-

1238 3799 1406 3843 cerant
1427 3800 1477 3843 et
1493 3794 1822 3857 Campaniam
1843 3811 2039 3847 omnem
2063 3804 2257 3859 praeter

1239 3858 1510 3908 Sidicinum
1533 3874 1701 3922 agrum
1724 3859 1775 3909 in
1799 3875 1937 3910 suam
1961 3866 2257 3925 potestatem

1237 3924 1540 3986 redegerant,
1561 3924 1622 3972 cf.
1648 3925 1836 3974 Strabo.
1860 3941 1904 3973 v.
1924 3940 1972 3987 p.
1991 3937 2105 3987 237,
2129 3926 2258 3975 Osca

1238 3992 1404 4037 tamen
1423 3987 1592 4050 lingua
1605 3990 1886 4049 utebantur,
1907 3988 1970 4038 ef.
1985 3989 2096 4038 inst.
2110 4004 2160 4038 x.
2177 4004 2257 4039 ⁴20.

1237 4050 1287 4100 in
1312 4066 1460 4114 quam
1484 4052 1594 4114 ipsa
1615 4052 1796 4101 Latina
1814 4052 2002 4101 radices
2111 4058 2202 4102 rat.

1301 4132 1333 4179 9
1363 4119 1569 4166 Actor-es
1589 4118 1960 4176 Atellanarum]
2077 4130 2132 4164 os
2153 4116 2258 4177 qui-

138 4179 419 4229 verisimile
442 4184 531 4229 est.
596 4180 747 4228 Porro
769 4180 1013 4228 canticum
1034 4195 1179 4241 were
1243 4180 1359 4229 dem
1380 4196 1443 4229 es·
1462 4181 1722 4291 {aproni-so
1741 4193 1906 4228 versus
1932 4179 2160 4227 recitasse
2185 4194 2261 4227 ar-

136 4250 221 4293 est
260 4243 692 4306 gesticulationem
726 4241 921 4293 cantico
954 4242 1178 4292 conveni-

136 4314 321 4357 entem
346 4322 593 4371 peragere.
628 4308 791 4357 Cam.

210 4384 241 4432 5
280 4374 371 4420 Ad
388 4388 589 4421 manum
611 4373 833 4432 cantari]
872 4372 1180 4431 Institutum,

234 4454 395 4499 VOL-
431 4456 473 4498 1.

1245 4244 1451 4292 biti-atur
1537 4242 1691 4292 iebhr.
1725 4242 1791 4291 iii.
1821 4258 1870 4306 p.
1901 4254 2006 4305 127,
2039 4242 2264 4293 similiter

1242 4313 1393 4369 atque
1414 4307 1543 4366 illos,
1565 4322 1686 4369 quos
1713 4307 1862 4355 hodie
1885 4306 2066 4355 Italica
2093 4306 2264 4369 lingua

1243 4372 1598 4434 improvisam-⁸·
1615 4375 1872 4418 vocantur:
1899 4369 2030 4418 idem
2048 4386 2109 4419 ex
2125 4374 2263 4421 Atel-

1795 4432 1916 4495 nd
