3000 4784
740 226 931 295 LIB.
981 226 1171 293 VIII.
1238 226 1461 293 CAP.
1512 234 1571 292 3.
1973 254 1982 261 ·
2085 234 2209 294 451

132 368 530 443 ‘abnuerenss
561 366 751 429 armis
784 364 1189 430 coercenentss
1277 364 1606 430 Adversus
1642 364 1800 430 haec
1841 388 1942 430 res
2027 388 2213 429 nsum
2235 380 2303 433 U.
2327 384 2386 433 c.
2409 399 2520 445 4¹4·

132 474 349 539 inceps
378 452 617 529 datum,
650 452 805 540 quia
829 450 1013 515 fateri
1047 451 1321 539 pigebat,
1352 451 1423 515 in
1456 463 1771 538 potestate
1807 474 1921 516 sua
2009 451 2214 517 atinos
2232 447 2292 495 A.
2327 448 2387 497 0·
2411 450 2522 508 33⁸·

132 540 241 601 Lam
291 559 437 602 non
492 560 648 616 esse,
704 538 1160 623 timebantque,
1212 560 1297 602 ne
1354 537 1682 624 arguendo
1739 537 2168 603 abalienarent
2189 562 2206 602 ε
2231 510 2542 624 {Jnll'fflfflm

132 623 638 711 ³Campanorum
685 622 873 688 aliam
920 623 1353 688 conditionem
1398 646 1552 701 esse,
1594 624 1707 711 qui
1754 646 1886 688 non
1931 624 2208 702 foedere,
2228 653 2336 685 rum
2358 653 2442 687 an-

132 709 269 773 ³sed
296 732 415 795 per
440 710 853 787 deditionem,
878 709 947 773 in
976 709 1171 774 fidem
1193 709 1549 775 venissent:
1583 710 1798 797 itaque
1828 709 2208 797 Campanos,
2229 716 2358 763 009⁸·

132 804 271 859 ‘seu
298 795 518 873 velint,
549 818 659 861 seu
690 795 917 872 nolint,
949 795 1291 882 quieturos.
1383 794 1464 859 In
1490 795 1748 861 foedere
1779 796 2013 861 Latino
2047 796 2212 860 nihil

132 888 309 957 esse,
348 904 481 968 quo
524 881 781 958 bellare,
826 904 973 946 cum
1058 881 1246 946 uibus
1291 881 1409 968 ipsi
1452 880 1674 959 velint,
1717 882 2210 969 prohibeantur.'

132 967 313 1041 Quod
341 989 716 1055 responsum
744 968 909 1031 sicut
938 966 1030 1031 du
1072 968 1166 1031 ios
1199 966 1534 1044 Samnites,
1554 967 1867 1054 quidnam
1893 969 2208 1033 facturum
2353 980 2412 1040 3.

132 1052 481 1117 Romanum
510 1064 862 1129 censerent,
891 1052 1152 1129 dimisit,
1176 1054 1267 1117 ita
1290 1050 1656 1139 Campanos
1684 1066 1860 1118 metu
1890 1054 2208 1119 abaliena-

132 1138 237 1215 rit3
286 1138 573 1215 LatinoS,
602 1138 779 1203 velut
816 1138 979 1202 nihil
1017 1138 1145 1203 iam
1182 1161 1315 1203 non
1350 1138 1848 1203 concedentibus
1879 1138 2204 1217 Romanis,
2227 1164 2392 1214 Latini
2413 1181 2493 1215 00.

132 1224 447 1289 erociores
494 1224 661 1289 fecit.
752 1224 1001 1311 Itaque,
1054 1246 1171 1311 per
1330 1224 1495 1289 ciem
1549 1224 1846 1289 adversus
1893 1224 2207 1290 Samnites
2225 1230 2358 1277 culte
2381 1230 2518 1278 moli-

132 1311 253 1375 >elli
293 1311 561 1397 parandi
591 1310 811 1375 crebra
846 1310 1115 1375 concilia
1150 1310 1221 1373 in
1271 1310 1528 1387 'cente8,
1559 1311 1852 1375 omnibus
1889 1310 2208 1375 consulta·-
2224 1298 2372 1403 ffiuf
2392 1294 2492 1341 ¹³⁰¹·

133 1396 385 1461 ionibus
432 1398 600 1461 inter
643 1419 711 1460 se
760 1396 1083 1483 principes
1132 1395 1381 1461 occulte
1435 1395 1804 1461 Romanum
1848 1398 2209 1484 coquebant
2227 1371 2402 1471 nomin

132 1483 361 1547 >ellum
442 1481 619 1547 Huic
648 1505 739 1568 qu
824 1504 906 1547 ue
938 1481 1235 1546 adversus
1262 1493 1608 1547 servatores
1635 1504 1784 1547 suos
1812 1482 1980 1548 bello
2015 1481 2207 1548 Cam-

132 1590 307 1651 )anus
359 1568 596 1633 aderat.
691 1566 773 1632 Se
868 1588 1235 1653 quanquam
1284 1568 1502 1632 omnia
1546 1568 1628 1632 de
1681 1567 1994 1633 industria
2043 1567 2210 1633 cela-

132 1667 355 1732 ›sntur‚
388 1654 716 1741 priusque,
748 1674 940 1739 quam
972 1666 1379 1719 moverentur
1408 1652 1706 1730 Romani,
1739 1652 1878 1718 tolli
1911 1656 1991 1719 ab
2028 1667 2207 1741 teigo

132 1738 460 1805 Samnitem
505 1738 756 1803 hostem
791 1738 1129 1815 volebant3
1178 1750 1389 1805 tamen
1434 1762 1553 1826 per
1589 1738 1918 1826 quosdam,
1949 1740 2207 1828 privatis

132 1826 395 1912 iospitiis
446 1824 1145 1911 necessitudinibusque
1191 1825 1583 1903 coniunctos,
1632 1825 1870 1890 indicia
1907 1825 2206 1892 coniura—

132 1912 295 1976 ionis
322 1912 465 1976 eius
496 1910 770 1975 Romam
800 1923 1196 1987 emanarunt,
1227 1910 1539 1997 iussisque
1580 1924 1726 1976 ante
1764 1924 2014 1998 tempus
2053 1934 2208 1976 con-

132 1997 343 2063 tulibus
402 1996 695 2062 abdicare
754 2018 823 2060 se
880 1996 1269 2081 magistratu,
1326 2018 1459 2096 quo
1505 1998 1810 2061 maturius
1860 1999 2010 2062 novi
2055 2020 2210 2062 con-

132 2082 271 2148 tules
314 2083 615 2149 adversus
659 2094 901 2146 tantam
945 2081 1182 2145 molem
1226 2080 1381 2145 belh
1424 2094 1810 2159 crearentur,
1841 2082 2065 2169 religio
2108 2084 2208 2146 in-

132 2170 309 2247 :essit,
340 2170 427 2235 ab
459 2169 555 2245 iis,
588 2189 862 2255 quorum
900 2166 1310 2231 imminutum
1349 2167 1688 2253 imperium
1727 2179 1910 2244 esset,
1949 2167 2209 2232 comitia

132 2255 341 2320 iaberi.
458 2254 685 2403 Itaque
758 2254 1197 2339 interregnum
1266 2252 1518 2317 initum.
1632 2251 1785 2317 Duo
1855 2252 2092 2318 interre

132 2338 379 2419 t'uerunt,
440 2339 537 2405 M.
625 2339 855 2404 alerius
909 2361 985 2403 ac
1036 2337 1133 2403 Μ.
1162 2337 1410 2403 Fabius.
1507 2338 1726 2403 Creati
1770 2338 2078 2417 consules,
2182 2386 2199 2403 .
2224 2349 2293 2401 U.
2315 2350 2375 2400 0.
2400 2364 2510 2414 4¹5·

134 2424 393 2493 Manlius
424 2425 789 2512 Torquatus
818 2425 1096 2501 tertium,
1126 2424 1200 2489 P.
1228 2423 1472 2489 Decius
1500 2423 1674 2489 Mus·
2221 2416 2284 2528 ᾗ
2301 2415 2510 2527 {⁸333-

197 2512 293 2577 Eo
336 2535 509 2577 anno
540 2511 1001 2588 Alexandrum,
1034 2509 1218 2597 Epiri
1260 2532 1495 2597 regem,
1535 2510 1604 2573 in
1649 2509 1895 2574 Italiam
1941 2511 2203 2577 classem
2221 2541 2330 2591 111.
2355 2542 2413 2590 p,
2430 2542 2530 2591 De-

136 2598 421 2683 tppulisse
467 2609 728 2662 constat.
826 2596 1023 2672 Quod
1068 2595 1325 2673 bellum,
1366 2596 1420 2659 si
1466 2595 1673 2681 prima
1717 2596 1864 2659 satis
1905 2619 2204 2684 prospera
2219 2606 2296 2656 cio
2317 2606 2454 2655 Con.

136 2682 387 2762 bissem,
449 2683 625 2747 haud
680 2681 877 2747 dubie
931 2682 1016 2748 ad
1074 2680 1400 2747 Romanos
1455 2681 1866 2768 pervenisset.
1955 2682 2204 2749 Eadem

136 2781 275 2834 letas
324 2792 541 2835 rerum
587 2767 817 2855 Magni
866 2767 1222 2834 Alexandri
1279 2778 1413 2832 est:
1480 2788 1693 2853 quem,
1745 2790 1955 2833 sorooe
2014 2769 2205 2835 huius

138 2867 334 2933 mum,
376 2856 449 2921 in
493 2854 619 2919 alio
662 2866 869 2919 tractu
914 2854 1101 2931 orbis,
1138 2853 1445 2919 invictum
1492 2852 1674 2918 bellis
1721 2854 2037 2934 iuvenem,
2077 2855 2204 2922 for-

142 2962 265 3007 una
292 2941 517 3007 morbo
545 2940 867 3006 exstinxit.

175 3192 205 3242 6
227 3196 355 3253 Quia
364 3196 527 3257 fateri
544 3194 767 3269 piyebat]
793 3194 979 3245 Contra
1002 3192 1121 3243 Nie-
1186 3200 1481 3255 temporum,
1497 3208 1624 3255 quse
1643 3192 1785 3241 annis
1804 3192 1954 3242 Urbis
1975 3192 2202 3242 conditae

142 3257 281 3306 ›uhrio
313 3260 481 3322 placet
512 3258 582 3307 ih.
612 3274 662 3320 p.
691 3272 795 3307 ιω.
820 3263 871 3306 et
899 3273 1001 3321 sqq.
1024 3272 1123 3319 quo
1185 3262 1335 3318 atque
1367 3256 1509 3304 annis
1532 3255 1884 3319 olympiadum
1911 3270 1943 3303 a
1965 3254 2121 3304 Fabio
2150 3262 2202 3305 et

142 3334 329 3383 empore
344 3323 519 3373 foedus
540 3336 653 3370 cum
668 3320 858 3370 Latinis
874 3325 1122 3369 vetustum
1186 3320 1378 3369 Catone
1394 3320 1526 3367 vario
1543 3324 1722 3367 eventu
1740 3323 2104 3380 computantur,
2115 3321 2200 3367 ad-

142 3392 393 3435 enovatum
420 3392 527 3435 erat
556 3398 687 3448 supr.
711 3384 791 3435 vii.
820 3398 895 3442 12,
922 3383 1125 3433 Latinos
1186 3387 1388 3430 ventum
1432 3380 1718 3429 Archidami
1763 3381 2010 3443 Spartani,
2043 3382 2128 3443 qui
2169 3396 2201 3431 s

144 3462 223 3495 um
246 3449 487 3497 Romanis
508 3448 613 3511 pari
634 3448 739 3497 iure
755 3452 806 3497 et
820 3446 990 3509 aequis
1010 3461 1121 3495 con·
1187 3444 1465 3493 Tarentinis
1480 3444 1532 3492 in
1551 3444 1752 3492 Italiam
1768 3444 2010 3493 adductus
2024 3445 2202 3502 hient,

146 3509 371 3561 itionibus
398 3512 683 3562 societatem
704 3509 1027 3568 coniunxisse,
1047 3514 1120 3557 at-
1182 3508 1265 3557 hic
1309 3506 1704 3571 praetermisisse,
1741 3512 1892 3569 alque
1929 3506 2201 3558 Alexandri

146 3588 205 3621 ue
224 3574 295 3623 ita
316 3578 372 3625 in
384 3578 588 3638 foedere
608 3576 787 3623 Latino
806 3574 1121 3635 nihilsm'nc,
1184 3570 1568 3634 expeditionem,
1588 3569 1674 3632 qui
1695 3570 1868 3632 quinto
1896 3576 2007 3647 post
2028 3570 2200 3622 Archi·

146 3650 203 3685 ιω
230 3640 428 3699 bonore,
458 3654 569 3687 mm
598 3639 775 3701 quibus
800 3638 897 3699 ipsi
928 3638 1122 3693 vellent,
1185 3634 1385 3683 demum
1429 3648 1560 3682 anno
1601 3633 1870 3682 exercitum
1906 3649 1958 3683 m
1998 3634 2201 3685 Italiam

147 3702 495 3752 rohaennam.
1186 3698 1391 3757 tiuieeit,
1434 3710 1692 3759 perperam
1741 3698 1793 3745 in
1841 3697 1974 3747 hune
2014 3714 2200 3749 sunum

178 3774 205 3823 7
226 3766 303 3813 Eo
322 3767 483 3826 anno]
518 3763 620 3813 Hic
642 3778 813 3827 parum
838 3762 1121 3825 diligentem
1187 3761 1463 3810 coniecisse.
1503 3761 1566 3810 cf.
1595 3760 1644 3809 N
1649 3761 1802 3810 iebhr.
1837 3762 1887 3812 ii.
1918 3778 1966 3825 p.
2001 3762 2110 3825 566.
2149 3780 2201 3814 n.

148 3824 255 3875 iisse
272 3828 467 3877 Livium
490 3832 633 3891 putat
652 3827 807 3875 Henr.
822 3824 1123 3884 Dodwellus,
1193 3836 1329 3887 1251.
1352 3824 1417 3873 iii.
1442 3840 1489 3874 n.
1515 3838 1624 3889 293.

148 3889 573 3954 xpeditionemque
606 3889 876 3939 Alexandri
916 3888 1119 3951 Epiren-
1248 3890 1279 3938 8
1311 3890 1669 3947 Ales-andrum,
1689 3892 1840 3952 Epiri
1859 3894 2046 3953 rem]
2097 3890 2201 3940 Hic

148 3950 181 3999 is
198 3953 507 4005 reficiendam
534 3952 700 4017 potius
718 3968 822 4002 esse
853 3953 905 4001 in
935 3966 1120 4001 annum
1184 3957 1289 4001 erat
1310 3952 1596 4015 Olympiae,
1611 3953 1882 4002 Alexandri
1904 3954 2076 4015 Magni
2097 3966 2198 4005 m·-

148 4015 177 4063 b
196 4016 287 4065 hoc
309 4018 395 4079 qui
415 4034 547 4067 nunc
578 4016 738 4079 agitur
756 4022 1003 4075 octavum,
1022 4031 1120 4077 quo
1184 4015 1287 4073 tris,
1308 4016 1642 4127 statenssuam
1667 4014 1948 4078 Philippus,
1968 4031 2056 4063 rex
2089 4016 2198 4064 Mse-

150 4086 351 4129 iemorat
388 4080 561 4130 Livius
600 4079 709 4129 infr.
754 4090 827 4139 17.
872 4078 1121 4127 victoriam
1186 4078 1437 4139 eodemne,
1525 4079 1632 4141 piro
1673 4079 1772 4127 suis
1811 4080 1958 4127 armis
2004 4078 2200 4126 subdito

150 4142 381 4191 dexandri
403 4146 465 4193 de
488 4142 703 4194 Lucanis
728 4148 781 4191 et
808 4142 1122 4192 Samnitibus.
1187 4142 1499 4205 praefecerat.
1571 4143 1682 4191 Iam
1712 4156 1826 4189 vero
1862 4156 1895 4190 a
1922 4140 2202 4191 Tarentinis

151 4204 232 4252 fid.
254 4204 457 4257 Dissert.
480 4205 747 4257 doctissimi
770 4204 859 4253 viri
881 4206 944 4254 de
974 4205 1125 4268 cyclis
1189 4206 1292 4254 dux
1324 4206 1375 4255 in
1408 4205 1607 4255 ltaliam
1639 4204 1887 4267 stipendio
1912 4204 2095 4255 ascitus
2127 4205 2200 4253 fu-

150 4267 265 4317 tom.
286 4284 333 4317 x.
359 4270 386 4329 9
406 4281 481 4335 75.
504 4272 666 4321 θην.
711 4268 985 4317 Niebuhrio
1006 4282 1123 4330 quo-
1188 4276 1307 4319 erat.

154 4344 213 4377 ue
248 4331 435 4381 videtur
468 4332 664 4384 Livium
702 4332 905 4381 confusa
940 4332 1125 4379 ratione

1671 4396 1855 4478 (ιι-82
