3000 4784
889 207 1081 274 LIB.
1131 209 1252 276 IX.
1321 211 1546 278 CAP.
1591 217 1696 277 43.
2216 219 2337 279 551

224 342 519 408 millibus
548 343 825 409 hostium
854 345 1069 423 caesia,
1090 346 1345 432 signum
1374 347 1662 434 receptui
1691 346 1981 412 consules
2002 345 2334 424 dederant,
2357 361 2424 411 U.
2447 361 2508 410 c,
2531 371 2642 422 447·

222 428 748 517 colligebantque
778 430 847 494 in
878 454 1077 495 unum
1098 432 1331 518 copias,
1351 433 1419 496 in
1448 433 1654 498 vicem
1683 433 1852 498 inter
1877 456 1946 497 ee
1975 444 2328 520 gratantes:
2352 427 2413 479 A.
2447 426 2508 475 0·
2531 437 2644 487 3⁰⁵·

223 538 441 602 quum
483 529 745 603 repente
780 517 949 582 visae
993 518 1217 604 procul
1258 518 1538 583 hostium
1583 541 1784 584 novae
1827 518 2136 596 cohorteS,
2166 541 2332 605 quae

220 601 299 665 in
331 601 849 703 supplementum
876 603 1143 691 scriptae
1165 603 1436 682 fuerant,
1455 604 1852 692 integravere
1881 605 2164 670 caedem.
2254 603 2335 669 In

222 709 413 773 quae,
432 711 553 753 nec
570 711 747 754 iussu
762 689 1113 768 consulum,
1134 713 1254 754 nec
1270 691 1319 754 ε’
1368 714 1453 756 no
1475 706 1756 780 accepto,
1775 692 2044 756 victores
2060 691 2302 756 vadunt
2311 715 2330 767 3

148 802 203 854 7
227 783 251 815 ‘
282 774 454 838 malo
494 774 783 840 tirocinio
826 776 1246 841 imbuendum
1446 777 1688 856 nitem,’
1721 778 2132 843 clamitantes,
2223 775 2335 842 In-

222 859 505 947 dulgent
531 860 823 926 consules
850 861 1177 948 legionum
1206 863 1435 940 ardori,
1461 876 1535 928 ut
1563 866 1676 950 qui
1705 865 1900 952 probe
1932 865 2184 942 scirent,
2215 885 2334 930 no-

220 969 385 1010 vum
416 947 685 1012 militem
714 947 993 1012 hostium
1022 949 1193 1013 inter
1211 949 1532 1035 perculsos
1550 951 1701 1037 fuga
1719 963 2048 1015 veteranos
2078 973 2160 1015 ne
2191 963 2332 1015 ten-

224 1031 431 1097 tando
461 1033 725 1120 quidem
753 1035 901 1098 satis
930 1036 1261 1100 certamini
1280 1036 1433 1100 fore.
1527 1035 1595 1100 N
1597 1059 1672 1100 ec
1701 1060 1810 1102 eos
1841 1036 2058 1123 opinio
2086 1036 2328 1102 fefellit.

228 1118 485 1184 Omnes
516 1118 897 1185 Samnitium
926 1121 1167 1208 copiae,
1189 1134 1435 1186 veteres
1463 1145 1814 1209 novaeque,
1838 1135 2086 1186 montes
2115 1123 2335 1210 proxi<

220 1227 371 1270 mos
389 1205 543 1292 fuga
570 1206 845 1294 capiunt.
938 1206 1039 1272 Eo
1066 1219 1133 1272 et
1156 1207 1451 1272 Romana
1465 1208 1732 1295 erigitur
1758 1208 1926 1273 acies
1941 1232 1960 1285 ;
2006 1231 2128 1273 nec
2151 1208 2335 1296 quic-

276 1314 426 1356 uam
456 1292 607 1356 satis
634 1293 757 1357 tuti
784 1293 909 1358 loci
938 1293 1119 1358 victis
1146 1305 1259 1358 est.
1352 1291 1441 1358 Et
1468 1293 1552 1358 de
1581 1293 1766 1382 iugiS,
1798 1317 1961 1381 quae
2005 1307 2328 1381 ceperant,

218 1315 623 1456 ssunduntun
668 1379 795 1444 iam
842 1402 923 1444 ue
942 1402 1071 1444 una
1085 1402 1241 1444 voce
1260 1399 1481 1445 omnes
1497 1403 1720 1468 pacem
1737 1381 2058 1468 petebant.
2135 1380 2328 1458 Tum,

222 1465 427 1530 trium
462 1465 778 1530 mensium
908 1479 1125 1530 mento
1156 1465 1244 1529 im
1328 1479 1487 1543 rato,
1520 1479 1587 1530 et
1629 1489 1842 1532 annuo
1885 1466 2223 1553 stipendi0,
2255 1490 2330 1532 ac

220 1550 499 1637 singulis
524 1551 595 1614 in
624 1551 893 1616 militem
924 1551 1173 1629 tunic-ie,
1196 1488 1327 1617 adm
1308 1567 1600 1617 senatum
1628 1553 1802 1641 pacis
1831 1567 2106 1618 oratores
2135 1553 2326 1618 missi.

229 1637 579 1702 Cornelius
605 1637 675 1702 in
702 1636 959 1703 Samnio
988 1637 1263 1706 relictus,
1354 1637 1640 1704 Marcius
1667 1639 1751 1704 de
1776 1639 2077 1704 Hernicis
2105 1639 2330 1704 trium-

220 1724 439 1811 phans
466 1724 537 1788 in
572 1725 794 1789 urbem
823 1723 1051 1801 rediit;
1095 1737 1427 1811 statuaque
1458 1725 1770 1811 equestris
1799 1725 1868 1790 in
1896 1726 2032 1791 foro
2071 1725 2332 1792 decreta

222 1825 347 1888 est3
378 1833 545 1897 quae
580 1823 726 1875 ante
757 1809 1067 1897 templum
1117 1808 1399 1876 Castoris
1553 1811 1644 1876 ita
1693 1826 1806 1876 est.
1900 1811 2332 1878 Hernicorum

224 1898 435 1962 tribus
504 1897 773 1985 populis,
844 1895 1207 1974 Aletrinati,
1269 1833 1620 1976 Vel-3230,
1693 1898 2106 1976 Ferentinati,
2178 1900 2334 1986 quia

164 2002 205 2050 8
224 1983 613 2062 maluerunt,
644 2006 839 2084 quam
881 1982 1221 2061 civitatem,
1252 2006 1402 2048 suae
1432 1983 1606 2070 leges
1649 1985 1970 2050 redditae:
2019 1986 2332 2050 connubi-

223 2093 472 2156 umque
494 2069 664 2134 inter
679 2092 871 2157 ipsos,
894 2067 1069 2156 quod
1086 2069 1479 2156 aliquamdiu
1499 2070 1617 2134 soli
1641 2069 2067 2135 Hernicorum
2091 2070 2334 2137 habue-

165 2175 205 2224 9
224 2169 401 2234 runt,
419 2156 811 2243 permissum.
903 2156 1283 2255 AnagniniS,
1308 2156 1550 2242 quique
1579 2177 1754 2220 arma
1773 2155 2079 2219 Romanis
2097 2156 2332 2221 intule-

224 2256 394 2320 rant,
418 2243 637 2308 civitas
650 2243 787 2308 sine
810 2243 1093 2329 suffragii
1121 2240 1357 2306 latione
1380 2241 1554 2306 data:
1596 2241 1866 2306 concilia
1882 2240 2328 2328 connubiaque
2411 2265 2428 2282 ·

224 2329 565 2416 adempta:
644 2342 711 2393 et
760 2328 1243 2416 magistratibuS,
1290 2339 1737 2414 praeterquam
1787 2349 2104 2392 sacrorum
2150 2351 2336 2393 cura-

226 2416 429 2492 tione,
459 2415 887 2481 interdictum.

172 2559 206 2591 2
320 2501 572 2566 Eodem
612 2525 781 2566 anno
822 2501 1011 2566 aedes
1044 2500 1279 2566 Salutis
1312 2524 1353 2565 a
1396 2499 1473 2566 C.
1495 2500 1686 2566 Iunio
1733 2500 2024 2566 Bubulco
2069 2524 2330 2568 censore

224 2587 439 2653 locata
496 2601 609 2665 est,
660 2610 854 2675 quam
904 2586 1126 2652 consul
1184 2586 1353 2652 bello
1416 2585 1798 2652 Samnitium
1855 2600 2128 2653 voverat.
2223 2590 2330 2654 Ab

226 2674 461 2740 eodem
502 2674 870 2761 collegaque
901 2674 1039 2738 eius
1082 2672 1179 2739 M.
1202 2671 1461 2737 Valerio
1498 2673 1790 2738 Maximo
1820 2674 1956 2738 viae
1992 2697 2108 2760 per
2229 2697 2332 2740 ros

227 2760 489 2849 publica
516 2761 803 2847 impensa
827 2760 1047 2826 factae.
1141 2757 1229 2824 Et
1256 2780 1403 2823 cum
1440 2758 2074 2848 Carthaginiensibus
2101 2697 2330 2826 egffem
2348 2771 2653 2836 Carthagini-

2347 2852 2488 2886 enses
2506 2837 2574 2886 le-

1386 3011 1406 3045 1
1445 2999 1604 3046 Aedes
1635 2998 1848 3056 Salutis]
1893 2997 1956 3046 In
1991 2995 2120 3046 hanc
2156 2998 2331 3046 aedem

1318 3060 1375 3109 C.
1410 3061 1594 3109 Fabius
1635 3061 1857 3108 tabulam
1901 3060 2141 3122 depinxit,
2184 3067 2332 3122 atque

1317 3123 1433 3172 inde
1466 3140 1736 3186 cognomen
1770 3124 1978 3172 Pictoris
2006 3124 2098 3172 sibi
2117 3124 2334 3174 jndfflit.

1317 3187 1448 3236 Plin.
1476 3188 1545 3237 H.
1571 3189 1637 3235 N.
1663 3202 1811 3235 xxxv.
1839 3199 1879 3248 7.

1381 3265 1407 3297 α
1445 3253 1497 3298 0.
1523 3253 1672 3299 Iunio
1715 3251 1936 3298 Βαόιῖὶσο
1977 3251 2199 3310 censore]
2251 3251 2330 3299 Ab

227 3002 317 3044 tus
337 3001 413 3044 est
434 2995 537 3045 sine
558 2997 707 3045 dubio
731 3003 779 3045 et
802 2997 896 3045 hoc
922 2998 1032 3046 loco
1061 3003 1111 3048 et
1133 2995 1252 3046 alibi

228 3075 485 3108 caesorum
534 3060 747 3108 hostium
802 3077 1063 3110 numerus:
1120 3063 1253 3109 unde

228 3123 367 3172 enim
400 3123 460 3172 iis
488 3125 747 3185 quotannis
772 3125 1053 3174 suffecerint
1084 3130 1253 3173 tantae

230 3187 428 3249 copiae,
472 3193 529 3235 ut
569 3203 761 3263 semper
812 3190 947 3237 bella
985 3190 1253 3238 instaurare

228 3258 465 3314 possent3
496 3267 647 3314 quum
679 3252 773 3313 ipsi
806 3252 1038 3312 Romani,
1064 3253 1250 3301 amissis

229 3317 300 3364 ad
338 3315 578 3364 Furculas
620 3316 871 3365 Caudinas
914 3323 1144 3378 quattuor
1182 3317 1247 3364 le-

232 3379 481 3441 gionibus,
525 3380 707 3428 Pontio
748 3380 911 3428 iudice
960 3396 1049 3442 per
1096 3385 1253 3431 totam

229 3449 452 3495 aetatem
474 3459 579 3494 sese
606 3459 802 3493 movere
824 3459 922 3492 non
948 3444 1251 3507 potuissent?

232 3509 511 3633 srssoilllsleilo
535 3573 757 3620 tirocinio
782 3574 1094 3622 imbuendum
1114 3573 1250 3619 Sam—

232 3637 415 3695 nitem]
452 3635 501 3685 h.
525 3651 568 3684 e.
604 3636 810 3684 Tirones
843 3634 1087 3685 Samnites
1118 3635 1253 3682 haud

232 3701 441 3762 impune
494 3699 653 3762 prima
700 3699 947 3762 stipendia
998 3700 1254 3748 merituros

231 3779 499 3877 cmg-svm
540 3829 667 3890 loyes
701 3828 944 3886 redditae]
989 3828 1039 3876 h.
1070 3842 1113 3874 e.
1150 3825 1251 3887 Op-

232 3892 360 3966 timo
391 3892 497 3940 iure
525 3891 796 3953 municipia
823 3891 955 3940 facta
984 3895 1099 3940 sunt
1131 3891 1253 3938 haec

234 3957 675 4082 opgxffdamn‘nis]
726 4019 798 4067 Hi
831 4033 945 4066 cum
980 4016 1257 4067 Caeritibus

234 4090 287 4134 et
332 4083 543 4133 Aricinis
584 4100 619 4132 a
658 4084 807 4131 Festo
855 4088 1254 4140 annumerantur,

234 4155 293 4196 ut
328 4148 435 4196 eius
465 4147 655 4209 generis
686 4146 1029 4207 municipales,
1050 4160 1256 4206 quorum

238 4211 411 4260 civitas
464 4211 691 4260 universa
742 4210 795 4258 in
850 4209 1099 4276 civitatem
1156 4209 1256 4256 Ro-

236 4291 439 4325 manam
482 4281 695 4325 venerat.
747 4275 809 4324 cf.
850 4273 901 4323 N
904 4271 1081 4322 iebhr.'
1100 4273 1167 4322 iii.
1207 4288 1255 4320 n.

238 4352 353 4402 45⁵-

1314 3314 1408 3361 hoc
1438 3329 1636 3362 censore
1669 3315 1727 3362 L.
1745 3313 1991 3361 Antonius
2022 3319 2196 3361 senatu
2227 3329 2328 3362 mo-

1318 3382 1398 3426 tus
1426 3383 1518 3436 est,
1539 3379 1684 3440 quod,
1704 3391 1848 3440 quan
1872 3379 2112 3438 viryinem
2141 3379 2197 3424 in
2227 3393 2329 3426 ma-

1317 3443 1598 3490 trimonium
1618 3443 1847 3497 citaverat,
1867 3441 2173 3502 repudiasset
2191 3443 2331 3491 nullo

1317 3507 1581 3554 amicorum
1601 3507 1656 3552 in
1677 3505 1931 3552 omilium
1947 3505 2177 3552 adhibito.
2213 3504 2330 3553 val.

1317 3569 1457 3618 Max.
1475 3568 1525 3616 ii.
1548 3583 1595 3632 9.
1660 3569 1940 3629 Repudium
1958 3566 2158 3616 omnino
2175 3567 2332 3616 diver-

1318 3647 1425 3680 sum
1440 3649 1473 3682 a
1489 3634 1693 3681 divortio
1706 3636 1823 3679 erat.
1861 3631 1961 3679 Illo
1977 3631 2110 3680 enim
2126 3631 2333 3695 nuptiae

1312 3713 1408 3760 per
1455 3698 1816 3744 conventionem
1864 3697 1920 3743 in
1967 3711 2169 3744 manum
2221 3697 2332 3745 sub-

1317 3761 1449 3808 latae
1465 3765 1596 3818 sunt,
1611 3759 1706 3807 hoc
1728 3758 1860 3806 idem
1877 3759 2009 3820 quod
2027 3761 2334 3823 differ-reatin

1317 3830 1434 3873 erat.
1516 3824 1690 3880 Quum
1733 3837 1864 3882 vero,
1907 3823 1992 3884 qui
2039 3839 2136 3886 per
2185 3841 2332 3874 coen»-

1312 3891 1531 3950 ptt'onem
1578 3902 1781 3936 uxorem
1830 3888 2055 3946 duxerat,
2103 3887 2334 3936 adhibitis

1320 3951 1536 4014 quinque
1573 3951 1780 4000 testibus
1815 3966 1906 4014 per
1937 3966 2019 3999 aes
2062 3949 2334 4010 libramque

1320 4015 1411 4064 sibi
1468 4016 1608 4064 illam
1657 4014 1997 4076 mancipasset,
2047 4011 2086 4058 si
2137 4013 2334 4072 quando

1320 4095 1430 4128 eam
1462 4081 1727 4140 repudiare
1761 4077 1929 4134 vellet,
1965 4083 2072 4122 tum
2106 4074 2338 4124 adhibitis

1322 4144 1528 4191 totidem
1546 4142 1750 4190 testibus
1765 4155 1874 4188 eam
1891 4141 2220 4200 emancipare,
2237 4139 2339 4187 sive

1323 4222 1351 4254 e
1386 4221 1534 4253 manu
1571 4205 1780 4260 mittere,
1813 4203 2036 4251 debebat.
2075 4202 2282 4252 Nicbhr.
2305 4201 2338 4252 i.

1322 4287 1371 4320 n.
1395 4267 1506 4330 635.
1575 4267 1690 4317 Gaii
1717 4267 1838 4315 Inst.
1861 4265 1894 4315 i.
1925 4280 1942 4312 1
1959 4281 1998 4316 ι.
