3000 4784
360 361 421 414 U.
444 363 505 413 C.
527 364 637 426 458.

348 429 411 479 A.
444 427 506 479 C.
529 443 638 492 294.

458 963 561 1026 35.

354 1048 554 1098 Bellum

354 1113 507 1162 Atilio
527 1127 627 1161 non

354 1177 511 1227 iat-ile.

670 219 799 284 596
1444 210 1668 276 TITI
1719 209 1992 276 LIVII

674 351 923 429 milites,
953 349 1231 416 refiactis
1256 349 1510 426 foribus,
1541 371 1774 435 paucos
1813 370 2030 434 graves
2067 359 2272 414 aetate
2307 363 2420 414 aut
2447 351 2772 416 invalidos

678 439 1032 515 inveniunt,
1079 436 1441 523 relictaque,
1490 457 1654 521 quae
1699 435 1974 535 migratu
2017 434 2298 500 difficilia
2345 451 2574 503 essent.
2673 437 2776 502 Ea

674 525 960 613 direpta3
1020 536 1087 589 et
1134 547 1171 588 c
1298 524 1459 587 itum
1511 543 1592 586 ex
1643 523 1906 608 captivis
1955 534 2068 599 est,
2120 525 2444 588 communi
2495 525 2774 590 consilio

672 611 917 700 aliquot
942 612 1109 677 circa
1134 545 1321 674 ussggs
1350 609 1657 675 conscisse
1919 632 1938 684 ;
1975 631 2118 673 suos
2145 610 2350 695 prima
2369 611 2596 698 vigilia
2624 635 2776 699 pro-

674 699 907 764 sectos:
962 697 1238 772 credere,
1284 695 1555 760 eandem
1605 695 1676 758 in
1783 696 1859 758 iis
1905 695 2166 760 urbibus
2207 697 2628 762 solitudinem
2673 700 2776 761 in-

678 797 987 849 venturos.
1078 783 1287 847 Dictis
1326 783 1716 869 captivorum
1753 781 1914 846 fides
1951 783 2236 846 exstitit:
2279 783 2546 848 desertis
2583 784 2776 872 oppi-

676 871 774 935 dis
802 869 1021 936 consul
1048 869 1304 958 potitur.

765 956 974 1022 Alteri
1016 955 1259 1021 consuli
1304 953 1399 1020 M.
1424 955 1630 1019 Atilio
1672 975 2075 1042 nequaqnam
2117 967 2248 1020 tam
2289 955 2472 1021 facile
2521 957 2772 1022 bellum

676 1043 814 1108 fuit.
910 1043 1133 1120 Quum
1168 1043 1251 1108 ad
1280 1041 1616 1106 Luceriam
1651 1041 1912 1106 duceret
1948 1040 2248 1128 legiones,
2281 1065 2476 1130 quam
2517 1066 2558 1108 o
2605 1067 2774 1130 pug-

678 1131 817 1195 nari
846 1131 925 1195 ab
959 1129 1342 1196 Samnitibus
1370 1129 1672 1205 audierat,
1704 1127 1786 1192 ad
1813 1127 2009 1192 finem
2038 1126 2428 1194 Lucerinum
2465 1131 2532 1195 ei
2619 1131 2772 1196 ostis

680 1218 901 1283 obvius
942 1217 1079 1282 fuit.
1169 1215 1269 1281 Ibi
1310 1216 1405 1280 ira
1439 1215 1603 1278 vires
1647 1215 1956 1301 aequavit.
2045 1214 2368 1280 Proelium
2405 1218 2662 1282 varium
2703 1230 2769 1282 et

680 1325 911 1392 anceps
948 1303 1105 1368 fuit:
1154 1301 1391 1368 tristius
1434 1313 1646 1366 tamen
1691 1315 1925 1366 eventu
1965 1300 2310 1378 Romanis3
2357 1315 2424 1368 et
2467 1305 2629 1390 quia
2671 1305 2770 1368 in·

678 1391 843 1456 sueti
871 1403 1052 1456 erant
1078 1389 1266 1466 vinci,
1298 1400 1365 1453 et
1391 1387 1545 1475 quia
1571 1388 1993 1474 digredientes
2031 1388 2249 1475 magis,
2325 1413 2476 1454 uam
2513 1391 2584 1454 in
2629 1391 2770 1478 ipso

680 1478 1041 1555 certamine,
1072 1488 1421 1553 senserunt,
1452 1487 1762 1563 quantum
1792 1474 1862 1538 in
1895 1497 2010 1539 sua
2041 1489 2218 1562 parte
2255 1499 2299 1563 p
2325 1499 2398 1541 us
2423 1477 2768 1542 vulnerum

680 1587 755 1629 ac
792 1563 1003 1629 caedis
1038 1563 1272 1628 fuisset.
1362 1560 1591 1647 Itaque
1634 1561 1686 1625 is
1729 1573 1928 1625 terror
1969 1561 2039 1625 in
2075 1562 2291 1627 castris
2327 1576 2524 1642 ortus,
2557 1565 2678 1651 qui
2715 1564 2766 1628 si

680 1663 1036 1738 pugnantes
1085 1650 1371 1750 cepisset,
1423 1647 1688 1734 insignis
1737 1659 1996 1735 accepta
2041 1647 2251 1713 clades
2299 1649 2478 1714 foret.
2589 1650 2808 1720 Tamo

680 1759 934 1824 quoque
972 1735 1236 1801 solliclta
1272 1757 1402 1799 nox
1435 1734 1557 1798 fuit
1599 1735 1724 1798 iam
1767 1735 2126 1799 invasurum
2171 1747 2374 1800 castra
2409 1736 2768 1801 Samnitem

678 1821 1097 1897 credentibus,
1150 1834 1260 1885 ant
1353 1821 1514 1884 rima
1560 1820 1702 1885 luce
1753 1831 1900 1885 'cum
1947 1821 2288 1887 victoribus
2343 1824 2770 1889 conserendas

680 1929 917 1972 manus.
1010 1905 1232 1971 Minus
1280 1843 1495 1984 cladis,
1549 1920 1838 1972 ceterum
1881 1930 2010 1972 non
2059 1907 2202 2009 plus
2251 1909 2633 1987 animorum,
2687 1911 2768 1976 ad

676 1993 887 2059 hostes
942 2005 1094 2060 erat.
1187 1993 1319 2058 Ubi
1374 1993 1652 2080 primum
1717 1993 1946 2071 illuxit,
1997 1995 2168 2060 ablre
2225 1995 2360 2060 sine
2417 1998 2766 2062 certamine

676 2080 961 2169 cupiunt.
1056 2079 1186 2145 Sed
1212 2080 1317 2144 via
1342 2103 1489 2156 una,
1521 2091 1589 2144 et
1615 2103 1692 2146 ea
1716 2080 1854 2167 ipsa
1880 2095 2127 2168 praeter
2153 2081 2382 2160 hostes,
2413 2097 2588 2148 erat:
2639 2107 2766 2173 qua

678 2168 959 2256 ingressi,
989 2168 1331 2254 praebuere
1360 2167 1636 2255 speciem
1663 2179 1836 2232 recta
1868 2167 2266 2234 tendentium
2301 2169 2382 2234 ad
2417 2183 2626 2235 castra
2655 2195 2766 2258 op-

677 2254 1035 2342 pugnanda.
1131 2251 1374 2319 Consul
1414 2275 1590 2318 arma
1625 2275 1850 2342 capere
1889 2253 2120 2320 milites
2157 2255 2352 2333 iubet,
2382 2268 2451 2322 et
2481 2258 2670 2345 sequi
2697 2281 2764 2322 se

682 2355 859 2406 extra
884 2340 1151 2405 vallum:
1194 2339 1433 2428 legatis,
1466 2341 1751 2418 tribunis,
1774 2340 2104 2428 praefectis
2131 2342 2444 2408 sociorum
2471 2344 2798 2432 imperat,1

682 2427 855 2515 quod
886 2426 1056 2514 apud
1085 2449 1403 2514 quemque
1432 2427 1598 2492 {acto
1627 2450 1666 2492 o
1711 2449 1785 2491 us
1813 2440 1924 2492 est.
2019 2428 2262 2494 Omnes
2289 2430 2622 2509 affirmant,
2663 2441 2762 2496 ‘se

682 2522 704 2553 ‘
722 2513 983 2601 quidem
1012 2514 1225 2579 omnia
1249 2513 1542 2592 facturos,
1571 2447 1712 2578 sed²
1713 2513 1986 2578 militum
2013 2515 2221 2580 iacere
2243 2517 2504 2582 animos.
2597 2519 2766 2584 Tota

680 2609 705 2640 ⁶
724 2612 911 2665 nocte
941 2601 1105 2666 inter
1130 2600 1393 2665 vulnera
1419 2612 1485 2665 et
1517 2599 1790 2687 gemitus
1817 2601 2221 2666 morientium
2247 2603 2580 2690 vigilatum
2607 2627 2758 2670 esse.

684 2695 706 2726 ‘
731 2685 799 2752 Si
844 2701 991 2752 ante
1041 2687 1249 2753 lucem
1300 2686 1383 2752 ad
1430 2701 1632 2752 castra
1671 2699 1932 2752 ventum
1981 2688 2161 2767 foret,
2215 2701 2462 2755 tantum
2513 2693 2760 2778 pavoris

682 2781 706 2812 ‘
724 2773 933 2852 fuisse,
965 2787 1037 2839 ut
1062 2774 1345 2838 relicturi
1372 2774 1552 2861 signa
1575 2773 1848 2838 fuerint:
1897 2797 2068 2839 nunc
2097 2775 2338 2862 pudore
2366 2800 2405 2841 a
2431 2777 2584 2865 filga
2609 2801 2762 2843 con-

682 2869 705 2898 ‘
724 2859 946 2936 tineri;
991 2859 1275 2946 alioquin
1301 2882 1417 2946 pro
1444 2861 1627 2924 victis
1655 2860 1828 2924 esse!
1892 2860 2076 2937 Quae
2105 2863 2218 2927 ubi
2245 2864 2464 2928 consul
2493 2865 2758 2952 aceepit,

676 2944 929 3009 sibimet
963 2945 1083 3032 ipsi
1121 2945 1604 3010 circumeundos
1643 2945 2177 3034 alloquendosque
2207 2949 2442 3016 milites
2467 2963 2652 3028 ratus,
2683 2967 2758 3016 ut

678 3031 761 3095 ad
800 3053 1084 3120 quosque
1130 3045 1407 3110 venerat,
1454 3046 1822 3099 cunctantes
1867 3055 2040 3098 arma
2083 3058 2159 3099 ca
2238 3057 2308 3100 re
2355 3037 2752 3126 increpabat:

680 3127 699 3156 ‘
726 3117 905 3194 Quid
948 3132 1282 3197 cessarent,
1318 3119 2047 3207 tergiversarenturque?
2206 3136 2408 3188 ostem
2451 3125 2518 3189 in
2563 3139 2760 3192 castra

682 3215 701 3246 ‘
722 3219 1079 3283 venturum,
1109 3205 1231 3270 nisi
1273 3205 1365 3270 illi
1408 3217 1588 3271 extra
1626 3221 1826 3272 castra
1859 3208 2173 3274 exissent:
2221 3222 2288 3274 et
2323 3233 2442 3298 pro
2475 3213 2758 3278 tentoriis

682 3301 704 3331 ‘
724 3293 851 3358 suis
932 3305 1294 3380 ugnaturos,
1338 3293 1392 3356 si
1438 3315 1556 3394 pro
1585 3293 1748 3358 vallo
1793 3293 2052 3361 nollent.
2143 3295 2424 3361 Armatis
2461 3321 2536 3363 ac
2575 3299 2760 3364 dimi·

684 3388 707 3417 ‘
726 3381 895 3444 canti
940 3403 1015 3445 us
1036 3378 1295 3444 dubiam
1315 3381 1640 3444 victoriam
1669 3403 1823 3445 esse.
1889 3380 2022 3457 Qui
2048 3382 2260 3447 nudus
2287 3397 2478 3472 atque
2506 3385 2796 3451 inermi&

682 3475 702 3504 ‘
724 3466 969 3532 hostem
998 3479 1267 3544 maneat,
1292 3467 1352 3532 ei
1381 3480 1494 3531 aut
1521 3479 1808 3546 mortem,
1833 3481 1940 3532 aut
1961 3469 2325 3534 servitutem
2399 3473 2756 3538 atiendam)

682 3549 863 3615 Haec
892 3552 1165 3640 iurganti
1200 3553 1678 3641 increpantique
1712 3554 2215 3641 respondebant:
2267 3566 2288 3595 ‘
2372 3559 2658 3626 onfectos
2691 3585 2753 3625 se

682 3645 705 3674 ‘
723 3659 938 3723 pugna
964 3638 1257 3704 hesterna
1283 3663 1452 3706 esse:
1494 3663 1616 3706 nec
1643 3639 1872 3704 virium
1901 3641 2258 3728 quicquam,
2289 3667 2410 3709 nec
2437 3649 2752 3734 sanguinis

683 3730 705 3761 ‘
724 3744 1061 3810 superesse.
1175 3725 1489 3791 Maiorem
1556 3726 2030 3792 multitudinem
2095 3728 2372 3794 hostium
2435 3755 2748 3820 apparere,

682 3820 702 3849 ‘
723 3833 915 3900 quam
949 3809 1151 3897 pridie
1178 3811 1405 3876 fuerit!
1492 3813 1670 3878 Inter
1705 3813 1865 3878 haec
1905 3816 2448 3903 appropinquabat
2487 3841 2747 3906 agmen3

698 4003 1148 4104 ⁴9ssamquoque]
1190 4036 1684 4100 Etiamsiminuspe-
1748 4039 2748 4106 niainsociosusurpahangqnaeistiin

676 4102 818 4150 riculi
854 4107 961 4150 tum
994 4101 1158 4162 fuerit,
1195 4115 1341 4164 quam
1380 4101 1420 4150 si
1460 4101 1502 4151 is
1533 4107 1686 4152 terror
1748 4104 1890 4154 cives.
1923 4105 2086 4156 Caav.

674 4171 948 4226 pugnantes
967 4166 1187 4226 cepisset.
1220 4167 1380 4215 cmv.
1811 4183 1841 4216 α
1876 4171 2090 4218 Dubiam
2126 4171 2376 4220 victos-hm
2409 4175 2533 4234 sess]
2589 4174 2749 4223 Victo-

736 4241 765 4302 ‚¹
802 4229 1100 4288 qut'eoeu'e]
1142 4229 1407 4303 Praefectis
1426 4230 1681 4280 sociorum.
1745 4231 1868 4280 riam
1911 4233 2092 4296 spei-ari
2129 4249 2298 4312 posse:
2323 4298 2334 4308 ¹
2347 4241 2401 4283 at
2431 4236 2472 4283 si
2504 4237 2748 4312 quiescant

672 4289 1292 4414 {iffissniifflmm’
1204 4297 1682 4405 mtegram?
1744 4303 2451 4412 2253&AEme
2473 4307 2747 4352 ”mmm
