<?xml version="1.0" encoding="UTF-8"?>
<!DOCTYPE html PUBLIC "-//W3C//DTD XHTML 1.0 Transitional//EN"
    "http://www.w3.org/TR/xhtml1/DTD/xhtml1-transitional.dtd">
<html xmlns="http://www.w3.org/1999/xhtml" xml:lang="en" lang="en">
 <head>
  <title>
</title>
<meta http-equiv="Content-Type" content="text/html;charset=utf-8" />
  <meta name='ocr-system' content='tesseract 3.04.00' />
  <meta name='ocr-capabilities' content='ocr_page ocr_carea ocr_par ocr_line ocrx_word'/>
</head>
<body>
  <div class='ocr_page' id='page_1' title='image "./tliviipatavinih10unkngoog_0485.png"; bbox 0 0 3000 4784; ppageno 0'>
   <div class='ocr_carea' id='block_1_1' title="bbox 879 230 2356 301">
    <p class='ocr_par' dir='ltr' id='par_1_1' title="bbox 879 230 2356 301">
     <span class='ocr_line' id='line_1_1' title="bbox 879 230 2356 301; baseline 0.001 -5"><span class='ocrx_word' id='word_1_1' title='bbox 879 230 1072 297; x_wconf 89' lang='lat' dir='ltr'><strong>LIB.</strong></span> <span class='ocrx_word' id='word_1_2' title='bbox 1121 230 1308 297; x_wconf 90' lang='lat' dir='ltr'><strong>VIII.</strong></span> <span class='ocrx_word' id='word_1_3' title='bbox 1378 232 1602 297; x_wconf 88' lang='lat' dir='ltr'><strong>CAP.</strong></span> <span class='ocrx_word' id='word_1_4' title='bbox 1657 233 1754 297; x_wconf 87' lang='grc'><strong>17.</strong></span> <span class='ocrx_word' id='word_1_5' title='bbox 2233 238 2356 301; x_wconf 84' lang='grc'><strong>471</strong></span> 
     </span>
    </p>
   </div>
   <div class='ocr_carea' id='block_1_2' title="bbox 183 368 2677 3209">
    <p class='ocr_par' dir='ltr' id='par_1_2' title="bbox 183 368 2677 2003">
     <span class='ocr_line' id='line_1_2' title="bbox 204 368 2661 457; baseline 0.003 -24"><span class='ocrx_word' id='word_1_6' title='bbox 204 368 485 457; x_wconf 84' lang='lat' dir='ltr'><strong>Itaque</strong></span> <span class='ocrx_word' id='word_1_7' title='bbox 531 390 827 455; x_wconf 86' lang='lat' dir='ltr'><strong>aggerem</strong></span> <span class='ocrx_word' id='word_1_8' title='bbox 866 382 931 434; x_wconf 91' lang='lat' dir='ltr'><strong>et</strong></span> <span class='ocrx_word' id='word_1_9' title='bbox 972 370 1189 435; x_wconf 84' lang='lat' dir='ltr'><strong>vineas</strong></span> <span class='ocrx_word' id='word_1_10' title='bbox 1236 370 1385 455; x_wconf 87' lang='lat' dir='ltr'><strong>egit,</strong></span> <span class='ocrx_word' id='word_1_11' title='bbox 1430 382 1764 456; x_wconf 86' lang='lat' dir='ltr'><strong>turresque</strong></span> <span class='ocrx_word' id='word_1_12' title='bbox 1811 390 1992 433; x_wconf 82' lang='lat' dir='ltr'><strong>muro</strong></span> <span class='ocrx_word' id='word_1_13' title='bbox 2035 368 2352 435; x_wconf 80' lang='lat' dir='ltr'><strong>admovit:</strong></span> <span class='ocrx_word' id='word_1_14' title='bbox 2379 388 2444 437; x_wconf 90' lang='lat' dir='ltr'><strong>U.</strong></span> <span class='ocrx_word' id='word_1_15' title='bbox 2469 390 2526 438; x_wconf 78' lang='grc' dir='ltr'><strong>ο.</strong></span> <span class='ocrx_word' id='word_1_16' title='bbox 2551 406 2661 451; x_wconf 75' lang='lat'><strong>4⁴20.</strong></span> 
     </span>
     <span class='ocr_line' id='line_1_3' title="bbox 210 453 2660 542; baseline -0.001 -23"><span class='ocrx_word' id='word_1_17' title='bbox 210 477 529 541; x_wconf 79' lang='lat' dir='ltr'><strong>quarum</strong></span> <span class='ocrx_word' id='word_1_18' title='bbox 568 478 755 519; x_wconf 88' lang='lat' dir='ltr'><strong>usum</strong></span> <span class='ocrx_word' id='word_1_19' title='bbox 783 456 943 519; x_wconf 82' lang='lat' dir='ltr'><strong>forte</strong></span> <span class='ocrx_word' id='word_1_20' title='bbox 984 455 1197 521; x_wconf 86' lang='lat' dir='ltr'><strong>oblata</strong></span> <span class='ocrx_word' id='word_1_21' title='bbox 1222 454 1662 542; x_wconf 81' lang='lat' dir='ltr'><strong>opportunitas</strong></span> <span class='ocrx_word' id='word_1_22' title='bbox 1699 455 2054 542; x_wconf 84' lang='lat' dir='ltr'><strong>praevertit.</strong></span> <span class='ocrx_word' id='word_1_23' title='bbox 2149 455 2216 519; x_wconf 86' lang='grc' dir='ltr'><strong>Ν</strong></span> <span class='ocrx_word' id='word_1_24' title='bbox 2219 478 2353 520; x_wconf 88' lang='lat' dir='ltr'><strong>am·</strong></span> <span class='ocrx_word' id='word_1_25' title='bbox 2375 453 2430 501; x_wconf 73' lang='lat' dir='ltr'><strong>A.</strong></span> <span class='ocrx_word' id='word_1_26' title='bbox 2467 454 2524 503; x_wconf 81' lang='lat' dir='ltr'><strong>C·</strong></span> <span class='ocrx_word' id='word_1_27' title='bbox 2551 468 2660 517; x_wconf 75' lang='lat'><strong>33²·</strong></span> 
     </span>
     <span class='ocr_line' id='line_1_4' title="bbox 213 540 2436 628; baseline 0.001 -24"><span class='ocrx_word' id='word_1_28' title='bbox 213 564 371 627; x_wconf 87' lang='lat' dir='ltr'><strong>que</strong></span> <span class='ocrx_word' id='word_1_29' title='bbox 412 541 511 605; x_wconf 89' lang='lat' dir='ltr'><strong>M.</strong></span> <span class='ocrx_word' id='word_1_30' title='bbox 538 540 791 620; x_wconf 81' lang='lat' dir='ltr'><strong>Fabius,</strong></span> <span class='ocrx_word' id='word_1_31' title='bbox 822 542 1107 628; x_wconf 86' lang='lat' dir='ltr'><strong>captivus</strong></span> <span class='ocrx_word' id='word_1_32' title='bbox 1140 540 1487 618; x_wconf 89' lang='lat' dir='ltr'><strong>Romanus,</strong></span> <span class='ocrx_word' id='word_1_33' title='bbox 1510 564 1730 627; x_wconf 91' lang='lat' dir='ltr'><strong>quum,</strong></span> <span class='ocrx_word' id='word_1_34' title='bbox 1753 564 1870 628; x_wconf 88' lang='lat' dir='ltr'><strong>per</strong></span> <span class='ocrx_word' id='word_1_35' title='bbox 1897 540 2348 628; x_wconf 81' lang='lat' dir='ltr'><strong>negligentiam</strong></span> <span class='ocrx_word' id='word_1_36' title='bbox 2429 619 2436 625; x_wconf 35' lang='lat'>‚</span> 
     </span>
     <span class='ocr_line' id='line_1_5' title="bbox 214 626 2350 715; baseline 0.001 -25"><span class='ocrx_word' id='word_1_37' title='bbox 214 628 591 691; x_wconf 85' lang='lat' dir='ltr'><strong>custodum</strong></span> <span class='ocrx_word' id='word_1_38' title='bbox 618 628 779 693; x_wconf 85' lang='lat' dir='ltr'><strong>festo</strong></span> <span class='ocrx_word' id='word_1_39' title='bbox 818 626 1221 691; x_wconf 83' lang='lat' dir='ltr'><strong>die-vinculis</strong></span> <span class='ocrx_word' id='word_1_40' title='bbox 1258 627 1481 713; x_wconf 88' lang='lat' dir='ltr'><strong>ruptis,</strong></span> <span class='ocrx_word' id='word_1_41' title='bbox 1512 650 1628 713; x_wconf 90' lang='lat' dir='ltr'><strong>per</strong></span> <span class='ocrx_word' id='word_1_42' title='bbox 1657 650 1910 692; x_wconf 90' lang='lat' dir='ltr'><strong>murum</strong></span> <span class='ocrx_word' id='word_1_43' title='bbox 1947 628 2118 691; x_wconf 86' lang='lat' dir='ltr'><strong>inter</strong></span> <span class='ocrx_word' id='word_1_44' title='bbox 2155 650 2350 715; x_wconf 87' lang='lat' dir='ltr'><strong>opera</strong></span> 
     </span>
     <span class='ocr_line' id='line_1_6' title="bbox 220 712 2344 813; baseline 0.001 -37"><span class='ocrx_word' id='word_1_45' title='bbox 220 712 715 791; x_wconf 86' lang='lat' dir='ltr'><strong>Romanorum,</strong></span> <span class='ocrx_word' id='word_1_46' title='bbox 766 713 1031 813; x_wconf 84' lang='lat' dir='ltr'><strong>religata</strong></span> <span class='ocrx_word' id='word_1_47' title='bbox 1080 713 1165 777; x_wconf 89' lang='lat' dir='ltr'><strong>ad</strong></span> <span class='ocrx_word' id='word_1_48' title='bbox 1220 712 1483 799; x_wconf 79' lang='lat' dir='ltr'><strong>pinnam</strong></span> <span class='ocrx_word' id='word_1_49' title='bbox 1541 715 1708 779; x_wconf 87' lang='lat' dir='ltr'><strong>muri</strong></span> <span class='ocrx_word' id='word_1_50' title='bbox 1765 728 1928 779; x_wconf 88' lang='lat' dir='ltr'><strong>reste</strong></span> <span class='ocrx_word' id='word_1_51' title='bbox 1985 736 2344 801; x_wconf 84' lang='lat' dir='ltr'><strong>suspensus,</strong></span> 
     </span>
     <span class='ocr_line' id='line_1_7' title="bbox 218 799 2344 886; baseline 0.001 -24"><span class='ocrx_word' id='word_1_52' title='bbox 218 800 545 863; x_wconf 86' lang='lat' dir='ltr'><strong>manibus</strong></span> <span class='ocrx_word' id='word_1_53' title='bbox 610 822 677 864; x_wconf 90' lang='lat' dir='ltr'><strong>se</strong></span> <span class='ocrx_word' id='word_1_54' title='bbox 736 800 1125 875; x_wconf 77' lang='lat' dir='ltr'><strong>demisisset3</strong></span> <span class='ocrx_word' id='word_1_55' title='bbox 1201 799 1481 885; x_wconf 85' lang='lat' dir='ltr'><strong>perpulit</strong></span> <span class='ocrx_word' id='word_1_56' title='bbox 1539 801 2004 886; x_wconf 82' lang='lat' dir='ltr'><strong>imperatorem,</strong></span> <span class='ocrx_word' id='word_1_57' title='bbox 2066 813 2138 863; x_wconf 94' lang='lat' dir='ltr'><strong>ut</strong></span> <span class='ocrx_word' id='word_1_58' title='bbox 2195 802 2344 865; x_wconf 89' lang='lat' dir='ltr'><strong>vino</strong></span> 
     </span>
     <span class='ocr_line' id='line_1_8' title="bbox 222 884 2677 973; baseline 0.002 -24"><span class='ocrx_word' id='word_1_59' title='bbox 222 884 583 971; x_wconf 79' lang='lat' dir='ltr'><strong>epulisque</strong></span> <span class='ocrx_word' id='word_1_60' title='bbox 602 887 839 973; x_wconf 88' lang='lat' dir='ltr'><strong>sopitos</strong></span> <span class='ocrx_word' id='word_1_61' title='bbox 856 886 1067 951; x_wconf 89' lang='lat' dir='ltr'><strong>hostes</strong></span> <span class='ocrx_word' id='word_1_62' title='bbox 1084 886 1558 971; x_wconf 79' lang='lat' dir='ltr'><strong>aggrederetur:</strong></span> <span class='ocrx_word' id='word_1_63' title='bbox 1609 908 1726 950; x_wconf 90' lang='lat' dir='ltr'><strong>nec</strong></span> <span class='ocrx_word' id='word_1_64' title='bbox 1745 886 1978 949; x_wconf 90' lang='lat' dir='ltr'><strong>maiore</strong></span> <span class='ocrx_word' id='word_1_65' title='bbox 1997 887 2341 951; x_wconf 79' lang='lat' dir='ltr'><strong>certamine</strong></span> <span class='ocrx_word' id='word_1_66' title='bbox 2359 900 2506 950; x_wconf 73' lang='lat' dir='ltr'><strong>Cales</strong></span> <span class='ocrx_word' id='word_1_67' title='bbox 2525 902 2677 953; x_wconf 69' lang='lat' dir='ltr'><strong>Auno-</strong></span> 
     </span>
     <span class='ocr_line' id='line_1_9' title="bbox 224 968 2636 1057; baseline 0.002 -22"><span class='ocrx_word' id='word_1_68' title='bbox 224 972 417 1057; x_wconf 86' lang='lat' dir='ltr'><strong>capti</strong></span> <span class='ocrx_word' id='word_1_69' title='bbox 436 994 583 1035; x_wconf 90' lang='lat' dir='ltr'><strong>cum</strong></span> <span class='ocrx_word' id='word_1_70' title='bbox 602 974 757 1036; x_wconf 87' lang='lat' dir='ltr'><strong>urbe</strong></span> <span class='ocrx_word' id='word_1_71' title='bbox 782 973 1079 1036; x_wconf 86' lang='lat' dir='ltr'><strong>Ausones</strong></span> <span class='ocrx_word' id='word_1_72' title='bbox 1100 983 1268 1048; x_wconf 88' lang='lat' dir='ltr'><strong>sunt,</strong></span> <span class='ocrx_word' id='word_1_73' title='bbox 1294 993 1486 1057; x_wconf 89' lang='lat' dir='ltr'><strong>quam</strong></span> <span class='ocrx_word' id='word_1_74' title='bbox 1509 971 1642 1035; x_wconf 87' lang='lat' dir='ltr'><strong>acie</strong></span> <span class='ocrx_word' id='word_1_75' title='bbox 1665 972 1786 1035; x_wconf 90' lang='lat' dir='ltr'><strong>fusi</strong></span> <span class='ocrx_word' id='word_1_76' title='bbox 1810 984 2006 1037; x_wconf 86' lang='lat' dir='ltr'><strong>erant.</strong></span> <span class='ocrx_word' id='word_1_77' title='bbox 2097 972 2344 1037; x_wconf 90' lang='lat' dir='ltr'><strong>Praeda</strong></span> <span class='ocrx_word' id='word_1_78' title='bbox 2357 980 2476 1013; x_wconf 68' lang='lat'><strong>”⁰¹¹¹</strong></span> <span class='ocrx_word' id='word_1_79' title='bbox 2499 968 2636 1041; x_wconf 64' lang='lat'>091³}-</span> 
     </span>
     <span class='ocr_line' id='line_1_10' title="bbox 202 1028 2630 1144; baseline 0.002 -24"><span class='ocrx_word' id='word_1_80' title='bbox 202 1068 433 1143; x_wconf 85' lang='lat' dir='ltr'><strong>-capta</strong></span> <span class='ocrx_word' id='word_1_81' title='bbox 462 1058 687 1144; x_wconf 85' lang='lat' dir='ltr'><strong>ingens</strong></span> <span class='ocrx_word' id='word_1_82' title='bbox 726 1072 857 1123; x_wconf 85' lang='lat' dir='ltr'><strong>est:</strong></span> <span class='ocrx_word' id='word_1_83' title='bbox 906 1056 1348 1144; x_wconf 87' lang='lat' dir='ltr'><strong>praesidioque</strong></span> <span class='ocrx_word' id='word_1_84' title='bbox 1394 1058 1690 1144; x_wconf 89' lang='lat' dir='ltr'><strong>imposito</strong></span> <span class='ocrx_word' id='word_1_85' title='bbox 1733 1056 1996 1121; x_wconf 86' lang='lat' dir='ltr'><strong>Calibus</strong></span> <span class='ocrx_word' id='word_1_86' title='bbox 2039 1058 2338 1125; x_wconf 79' lang='lat' dir='ltr'><strong>reductae</strong></span> <span class='ocrx_word' id='word_1_87' title='bbox 2355 1028 2476 1141; x_wconf 45' lang='grc' dir='ltr'><strong>ἔξω</strong></span> <span class='ocrx_word' id='word_1_88' title='bbox 2499 1046 2592 1092; x_wconf 72' lang='lat'><strong>0³1&gt;</strong></span> <span class='ocrx_word' id='word_1_89' title='bbox 2593 1046 2630 1079; x_wconf 57' lang='grc' dir='ltr'><strong>ι’</strong></span> 
     </span>
     <span class='ocr_line' id='line_1_11' title="bbox 232 1142 2654 1243; baseline 0 -36"><span class='ocrx_word' id='word_1_90' title='bbox 232 1142 525 1208; x_wconf 81' lang='lat' dir='ltr'><strong>Romam</strong></span> <span class='ocrx_word' id='word_1_91' title='bbox 555 1144 855 1243; x_wconf 77' lang='lat' dir='ltr'><strong>legiones.</strong></span> <span class='ocrx_word' id='word_1_92' title='bbox 952 1143 1196 1208; x_wconf 87' lang='lat' dir='ltr'><strong>Consul</strong></span> <span class='ocrx_word' id='word_1_93' title='bbox 1224 1166 1305 1207; x_wconf 84' lang='lat' dir='ltr'><strong>ex</strong></span> <span class='ocrx_word' id='word_1_94' title='bbox 1324 1142 1868 1208; x_wconf 86' lang='lat' dir='ltr'><strong>senatusconsulto</strong></span> <span class='ocrx_word' id='word_1_95' title='bbox 1900 1144 2334 1229; x_wconf 84' lang='lat' dir='ltr'><strong>triumphavit:</strong></span> <span class='ocrx_word' id='word_1_96' title='bbox 2357 1156 2654 1219; x_wconf 76' lang='lat' dir='ltr'><strong>Triumphat</strong></span> 
     </span>
     <span class='ocr_line' id='line_1_12' title="bbox 230 1220 2600 1316; baseline 0.001 -23"><span class='ocrx_word' id='word_1_97' title='bbox 230 1242 325 1305; x_wconf 89' lang='lat' dir='ltr'><strong>et,</strong></span> <span class='ocrx_word' id='word_1_98' title='bbox 384 1252 471 1293; x_wconf 87' lang='lat' dir='ltr'><strong>ne</strong></span> <span class='ocrx_word' id='word_1_99' title='bbox 532 1230 771 1295; x_wconf 81' lang='lat' dir='ltr'><strong>Aulius</strong></span> <span class='ocrx_word' id='word_1_100' title='bbox 821 1252 1047 1316; x_wconf 83' lang='lat' dir='ltr'><strong>expers</strong></span> <span class='ocrx_word' id='word_1_101' title='bbox 1088 1228 1325 1315; x_wconf 89' lang='lat' dir='ltr'><strong>gloriae</strong></span> <span class='ocrx_word' id='word_1_102' title='bbox 1382 1242 1564 1305; x_wconf 90' lang='lat' dir='ltr'><strong>esset,</strong></span> <span class='ocrx_word' id='word_1_103' title='bbox 1611 1229 1761 1292; x_wconf 85' lang='lat' dir='ltr'><strong>iussi</strong></span> <span class='ocrx_word' id='word_1_104' title='bbox 1819 1228 2006 1293; x_wconf 89' lang='lat' dir='ltr'><strong>ambo</strong></span> <span class='ocrx_word' id='word_1_105' title='bbox 2049 1231 2338 1295; x_wconf 88' lang='lat' dir='ltr'><strong>consules</strong></span> <span class='ocrx_word' id='word_1_106' title='bbox 2356 1220 2429 1295; x_wconf 57' lang='grc' dir='ltr'><strong>ῌ·</strong></span> <span class='ocrx_word' id='word_1_107' title='bbox 2450 1222 2600 1271; x_wconf 57' lang='grc' dir='ltr'><strong>νὼ·</strong></span> 
     </span>
     <span class='ocr_line' id='line_1_13' title="bbox 232 1298 2466 1381; baseline 0 -2"><span class='ocrx_word' id='word_1_108' title='bbox 232 1316 545 1380; x_wconf 85' lang='lat' dir='ltr'><strong>adversus</strong></span> <span class='ocrx_word' id='word_1_109' title='bbox 578 1316 891 1381; x_wconf 85' lang='lat' dir='ltr'><strong>Sidicinos</strong></span> <span class='ocrx_word' id='word_1_110' title='bbox 919 1316 1153 1380; x_wconf 88' lang='lat' dir='ltr'><strong>ducere</strong></span> <span class='ocrx_word' id='word_1_111' title='bbox 1181 1316 1550 1380; x_wconf 87' lang='lat' dir='ltr'><strong>exercitum.</strong></span> <span class='ocrx_word' id='word_1_112' title='bbox 1641 1314 2045 1379; x_wconf 86' lang='lat' dir='ltr'><strong>Dictatorum</strong></span> <span class='ocrx_word' id='word_1_113' title='bbox 2075 1328 2224 1380; x_wconf 86' lang='lat' dir='ltr'><strong>ante</strong></span> <span class='ocrx_word' id='word_1_114' title='bbox 2255 1339 2338 1380; x_wconf 86' lang='lat' dir='ltr'><strong>ex</strong></span> <span class='ocrx_word' id='word_1_115' title='bbox 2353 1298 2466 1333; x_wconf 62' lang='grc' dir='ltr'><strong>’Μ’</strong></span> 
     </span>
     <span class='ocr_line' id='line_1_14' title="bbox 230 1400 2654 1485; baseline -0.001 -19"><span class='ocrx_word' id='word_1_116' title='bbox 230 1402 789 1467; x_wconf 84' lang='lat' dir='ltr'><strong>senatusconsulto</strong></span> <span class='ocrx_word' id='word_1_117' title='bbox 819 1402 1217 1467; x_wconf 87' lang='lat' dir='ltr'><strong>comitiorum</strong></span> <span class='ocrx_word' id='word_1_118' title='bbox 1249 1401 1688 1465; x_wconf 88' lang='lat' dir='ltr'><strong>habendorum</strong></span> <span class='ocrx_word' id='word_1_119' title='bbox 1711 1422 1898 1465; x_wconf 88' lang='lat' dir='ltr'><strong>causa</strong></span> <span class='ocrx_word' id='word_1_120' title='bbox 1925 1400 2229 1465; x_wconf 84' lang='lat' dir='ltr'><strong>dixerunt</strong></span> <span class='ocrx_word' id='word_1_121' title='bbox 2257 1400 2334 1466; x_wconf 91' lang='lat' dir='ltr'><strong>L.</strong></span> <span class='ocrx_word' id='word_1_122' title='bbox 2356 1407 2585 1485; x_wconf 55' lang='lat' dir='ltr'><strong>Dictstpr</strong></span> <span class='ocrx_word' id='word_1_123' title='bbox 2596 1412 2654 1463; x_wconf 82' lang='lat' dir='ltr'><strong>L.</strong></span> 
     </span>
     <span class='ocr_line' id='line_1_15' title="bbox 234 1474 2611 1587; baseline 0.001 -36"><span class='ocrx_word' id='word_1_124' title='bbox 234 1488 598 1551; x_wconf 89' lang='lat' dir='ltr'><strong>Aemilium</strong></span> <span class='ocrx_word' id='word_1_125' title='bbox 652 1487 1137 1552; x_wconf 86' lang='lat' dir='ltr'><strong>Mamercinum.</strong></span> <span class='ocrx_word' id='word_1_126' title='bbox 1230 1485 1293 1551; x_wconf 90' lang='lat' dir='ltr'><strong>Is</strong></span> <span class='ocrx_word' id='word_1_127' title='bbox 1346 1488 1712 1573; x_wconf 85' lang='lat' dir='ltr'><strong>magistrum</strong></span> <span class='ocrx_word' id='word_1_128' title='bbox 1757 1510 1792 1551; x_wconf 91' lang='lat' dir='ltr'><strong>e</strong></span> <span class='ocrx_word' id='word_1_129' title='bbox 1843 1486 2046 1550; x_wconf 89' lang='lat' dir='ltr'><strong>uitum</strong></span> <span class='ocrx_word' id='word_1_130' title='bbox 2103 1486 2184 1562; x_wconf 73' lang='lat' dir='ltr'><strong>Q.</strong></span> <span class='ocrx_word' id='word_1_131' title='bbox 2209 1474 2611 1587; x_wconf 62' lang='lat' dir='ltr'><strong>Pu-¹1²J⁶¹¹(³3¹¹¹¹¹⁸·</strong></span> 
     </span>
     <span class='ocr_line' id='line_1_16' title="bbox 232 1554 2644 1664; baseline 0.001 -27"><span class='ocrx_word' id='word_1_132' title='bbox 232 1573 491 1637; x_wconf 90' lang='lat' dir='ltr'><strong>blilium</strong></span> <span class='ocrx_word' id='word_1_133' title='bbox 511 1573 849 1638; x_wconf 87' lang='lat' dir='ltr'><strong>Philonem</strong></span> <span class='ocrx_word' id='word_1_134' title='bbox 866 1574 1047 1639; x_wconf 78' lang='lat' dir='ltr'><strong>dixit.</strong></span> <span class='ocrx_word' id='word_1_135' title='bbox 1117 1573 1445 1637; x_wconf 80' lang='lat' dir='ltr'><strong>Dictatore</strong></span> <span class='ocrx_word' id='word_1_136' title='bbox 1464 1572 1722 1636; x_wconf 90' lang='lat' dir='ltr'><strong>comitia</strong></span> <span class='ocrx_word' id='word_1_137' title='bbox 1742 1574 1828 1637; x_wconf 92' lang='lat' dir='ltr'><strong>ha</strong></span> <span class='ocrx_word' id='word_1_138' title='bbox 1869 1585 2037 1651; x_wconf 86' lang='lat' dir='ltr'><strong>ente,</strong></span> <span class='ocrx_word' id='word_1_139' title='bbox 2050 1574 2338 1639; x_wconf 88' lang='lat' dir='ltr'><strong>consules</strong></span> <span class='ocrx_word' id='word_1_140' title='bbox 2356 1574 2425 1650; x_wconf 52' lang='lat' dir='ltr'><strong>A]</strong></span> <span class='ocrx_word' id='word_1_141' title='bbox 2451 1574 2510 1651; x_wconf 54' lang='lat' dir='ltr'><strong>C:</strong></span> <span class='ocrx_word' id='word_1_142' title='bbox 2533 1554 2644 1664; x_wconf 59' lang='lat'><strong>{3}</strong></span> 
     </span>
     <span class='ocr_line' id='line_1_17' title="bbox 230 1658 2656 1745; baseline 0.002 -22"><span class='ocrx_word' id='word_1_143' title='bbox 230 1660 435 1725; x_wconf 87' lang='lat' dir='ltr'><strong>creati</strong></span> <span class='ocrx_word' id='word_1_144' title='bbox 454 1676 603 1723; x_wconf 88' lang='lat' dir='ltr'><strong>sunt</strong></span> <span class='ocrx_word' id='word_1_145' title='bbox 625 1659 703 1724; x_wconf 89' lang='lat' dir='ltr'><strong>T.</strong></span> <span class='ocrx_word' id='word_1_146' title='bbox 730 1659 1054 1735; x_wconf 88' lang='lat' dir='ltr'><strong>Veturius,</strong></span> <span class='ocrx_word' id='word_1_147' title='bbox 1081 1658 1186 1745; x_wconf 89' lang='lat' dir='ltr'><strong>Sp.</strong></span> <span class='ocrx_word' id='word_1_148' title='bbox 1210 1658 1592 1723; x_wconf 86' lang='lat' dir='ltr'><strong>Postumius.</strong></span> <span class='ocrx_word' id='word_1_149' title='bbox 1687 1658 1824 1723; x_wconf 86' lang='lat' dir='ltr'><strong>Etsi</strong></span> <span class='ocrx_word' id='word_1_150' title='bbox 1848 1658 1998 1723; x_wconf 91' lang='lat' dir='ltr'><strong>belli</strong></span> <span class='ocrx_word' id='word_1_151' title='bbox 2017 1682 2159 1745; x_wconf 88' lang='lat' dir='ltr'><strong>pars</strong></span> <span class='ocrx_word' id='word_1_152' title='bbox 2188 1682 2334 1725; x_wconf 91' lang='lat' dir='ltr'><strong>cum</strong></span> <span class='ocrx_word' id='word_1_153' title='bbox 2353 1664 2414 1714; x_wconf 88' lang='lat' dir='ltr'><strong>T·</strong></span> <span class='ocrx_word' id='word_1_154' title='bbox 2431 1666 2656 1727; x_wconf 81' lang='lat' dir='ltr'><strong>Veturio,</strong></span> 
     </span>
     <span class='ocr_line' id='line_1_18' title="bbox 236 1730 2631 1843; baseline 0 -32"><span class='ocrx_word' id='word_1_155' title='bbox 236 1746 545 1811; x_wconf 87' lang='lat' dir='ltr'><strong>Sidicinis</strong></span> <span class='ocrx_word' id='word_1_156' title='bbox 586 1747 893 1821; x_wconf 84' lang='lat' dir='ltr'><strong>restabat3</strong></span> <span class='ocrx_word' id='word_1_157' title='bbox 942 1759 1176 1822; x_wconf 87' lang='lat' dir='ltr'><strong>tamen,</strong></span> <span class='ocrx_word' id='word_1_158' title='bbox 1214 1758 1287 1809; x_wconf 89' lang='lat' dir='ltr'><strong>ut</strong></span> <span class='ocrx_word' id='word_1_159' title='bbox 1328 1745 1641 1809; x_wconf 89' lang='lat' dir='ltr'><strong>beneficio</strong></span> <span class='ocrx_word' id='word_1_160' title='bbox 1680 1746 2126 1831; x_wconf 87' lang='lat' dir='ltr'><strong>praevenirent</strong></span> <span class='ocrx_word' id='word_1_161' title='bbox 2169 1746 2336 1811; x_wconf 88' lang='lat' dir='ltr'><strong>desi·</strong></span> <span class='ocrx_word' id='word_1_162' title='bbox 2353 1730 2437 1803; x_wconf 73' lang='lat'><strong>⁸¹3·</strong></span> <span class='ocrx_word' id='word_1_163' title='bbox 2457 1730 2631 1843; x_wconf 57' lang='grc' dir='ltr'>Ῑὲωω·</span> 
     </span>
     <span class='ocr_line' id='line_1_19' title="bbox 183 1808 2610 1919; baseline 0.001 -24"><span class='ocrx_word' id='word_1_164' title='bbox 183 1854 217 1901; x_wconf 87' lang='lat'><em>8</em></span> <span class='ocrx_word' id='word_1_165' title='bbox 233 1831 492 1895; x_wconf 89' lang='lat' dir='ltr'><strong>derium</strong></span> <span class='ocrx_word' id='word_1_166' title='bbox 548 1832 770 1919; x_wconf 81' lang='lat' dir='ltr'><strong>plebis,</strong></span> <span class='ocrx_word' id='word_1_167' title='bbox 823 1832 903 1896; x_wconf 94' lang='lat' dir='ltr'><strong>de</strong></span> <span class='ocrx_word' id='word_1_168' title='bbox 956 1831 1203 1896; x_wconf 90' lang='lat' dir='ltr'><strong>colonia</strong></span> <span class='ocrx_word' id='word_1_169' title='bbox 1262 1830 1641 1895; x_wconf 90' lang='lat' dir='ltr'><strong>deducenda</strong></span> <span class='ocrx_word' id='word_1_170' title='bbox 1696 1830 1884 1895; x_wconf 88' lang='lat' dir='ltr'><strong>Cales</strong></span> <span class='ocrx_word' id='word_1_171' title='bbox 1942 1831 2330 1898; x_wconf 82' lang='lat' dir='ltr'><strong>retulerunt:</strong></span> <span class='ocrx_word' id='word_1_172' title='bbox 2351 1808 2451 1842; x_wconf 80' lang='lat' dir='ltr'><strong>nuo</strong></span> <span class='ocrx_word' id='word_1_173' title='bbox 2517 1810 2610 1845; x_wconf 59' lang='grc' dir='ltr'><strong>ω’</strong></span> 
     </span>
     <span class='ocr_line' id='line_1_20' title="bbox 232 1916 2336 2003; baseline 0.001 -22"><span class='ocrx_word' id='word_1_174' title='bbox 232 1918 535 2003; x_wconf 83' lang='lat' dir='ltr'><strong>factoque</strong></span> <span class='ocrx_word' id='word_1_175' title='bbox 578 1916 1136 1994; x_wconf 88' lang='lat' dir='ltr'><strong>senatusconsulto,</strong></span> <span class='ocrx_word' id='word_1_176' title='bbox 1171 1930 1241 1981; x_wconf 92' lang='lat' dir='ltr'><strong>ut</strong></span> <span class='ocrx_word' id='word_1_177' title='bbox 1270 1917 1401 1982; x_wconf 90' lang='lat' dir='ltr'><strong>duo</strong></span> <span class='ocrx_word' id='word_1_178' title='bbox 1442 1916 1642 1982; x_wconf 85' lang='lat' dir='ltr'><strong>millia</strong></span> <span class='ocrx_word' id='word_1_179' title='bbox 1717 1917 2006 2003; x_wconf 88' lang='lat' dir='ltr'><strong>uingenti</strong></span> <span class='ocrx_word' id='word_1_180' title='bbox 2047 1918 2336 1983; x_wconf 84' lang='lat' dir='ltr'><strong>homines</strong></span> 
     </span>
    </p>

    <p class='ocr_par' dir='ltr' id='par_1_3' title="bbox 235 1941 2336 2241">
     <span class='ocr_line' id='line_1_21' title="bbox 235 1941 2336 2091; baseline 0.001 -23"><span class='ocrx_word' id='word_1_181' title='bbox 235 2026 319 2068; x_wconf 89' lang='lat' dir='ltr'><strong>eo</strong></span> <span class='ocrx_word' id='word_1_182' title='bbox 370 2004 811 2081; x_wconf 87' lang='lat' dir='ltr'><strong>scriberentur,</strong></span> <span class='ocrx_word' id='word_1_183' title='bbox 840 2004 1215 2091; x_wconf 29' lang='lat' dir='ltr'><strong>‚triumviros</strong></span> <span class='ocrx_word' id='word_1_184' title='bbox 1258 2003 1544 2067; x_wconf 86' lang='lat' dir='ltr'><strong>coloniae</strong></span> <span class='ocrx_word' id='word_1_185' title='bbox 1597 1941 2012 2067; x_wconf 37' lang='lat' dir='ltr'><strong>deducendae</strong></span> <span class='ocrx_word' id='word_1_186' title='bbox 2057 2027 2208 2091; x_wconf 85' lang='lat' dir='ltr'><strong>agro</strong></span> <span class='ocrx_word' id='word_1_187' title='bbox 2257 2028 2336 2070; x_wconf 87' lang='lat' dir='ltr'><strong>ue</strong></span> 
     </span>
     <span class='ocr_line' id='line_1_22' title="bbox 236 2028 2332 2241; baseline 0.001 -88"><span class='ocrx_word' id='word_1_188' title='bbox 236 2090 597 2241; x_wconf 49' lang='grc' dir='ltr'>(ὲὶἔέἀυιιᾱο</span> <span class='ocrx_word' id='word_1_189' title='bbox 662 2102 1037 2155; x_wconf 86' lang='lat' dir='ltr'><strong>creaverunt</strong></span> <span class='ocrx_word' id='word_1_190' title='bbox 1118 2090 1205 2153; x_wconf 88' lang='lat' dir='ltr'><strong>K.</strong></span> <span class='ocrx_word' id='word_1_191' title='bbox 1240 2088 1553 2166; x_wconf 89' lang='lat' dir='ltr'><strong>Duilium‚</strong></span> <span class='ocrx_word' id='word_1_192' title='bbox 1635 2088 1713 2152; x_wconf 87' lang='lat' dir='ltr'><strong>T.</strong></span> <span class='ocrx_word' id='word_1_193' title='bbox 1754 2088 2153 2168; x_wconf 83' lang='lat' dir='ltr'><strong>Quinctium,</strong></span> <span class='ocrx_word' id='word_1_194' title='bbox 2209 2028 2332 2155; x_wconf 77' lang='lat' dir='ltr'><strong>qM.</strong></span> 
     </span>
    </p>

    <p class='ocr_par' dir='ltr' id='par_1_4' title="bbox 329 2198 2552 2348">
     <span class='ocr_line' id='line_1_23' title="bbox 376 2198 527 2239; baseline 0 0"><span class='ocrx_word' id='word_1_195' title='bbox 376 2198 527 2239; x_wconf 85' lang='lat' dir='ltr'><strong>mm.</strong></span> 
     </span>
     <span class='ocr_line' id='line_1_24' title="bbox 329 2260 2552 2348; baseline 0.001 -23"><span class='ocrx_word' id='word_1_196' title='bbox 329 2262 501 2327; x_wconf 81' lang='lat' dir='ltr'><strong>Novi</strong></span> <span class='ocrx_word' id='word_1_197' title='bbox 544 2262 777 2326; x_wconf 89' lang='lat' dir='ltr'><strong>deinde</strong></span> <span class='ocrx_word' id='word_1_198' title='bbox 822 2262 1129 2339; x_wconf 74' lang='lat' dir='ltr'><strong>consules,</strong></span> <span class='ocrx_word' id='word_1_199' title='bbox 1162 2285 1201 2325; x_wconf 87' lang='lat' dir='ltr'><strong>a</strong></span> <span class='ocrx_word' id='word_1_200' title='bbox 1233 2262 1552 2325; x_wconf 89' lang='lat' dir='ltr'><strong>veteribus</strong></span> <span class='ocrx_word' id='word_1_201' title='bbox 1594 2260 1880 2325; x_wconf 83' lang='lat' dir='ltr'><strong>exercitu</strong></span> <span class='ocrx_word' id='word_1_202' title='bbox 1924 2275 2203 2348; x_wconf 86' lang='lat' dir='ltr'><strong>accept0,</strong></span> <span class='ocrx_word' id='word_1_203' title='bbox 2234 2262 2335 2327; x_wconf 87' lang='lat' dir='ltr'><strong>in·</strong></span> <span class='ocrx_word' id='word_1_204' title='bbox 2454 2272 2552 2335; x_wconf 89' lang='grc'><strong>17.</strong></span> 
     </span>
    </p>

    <p class='ocr_par' dir='ltr' id='par_1_5' title="bbox 237 2346 2330 2436">
     <span class='ocr_line' id='line_1_25' title="bbox 237 2346 2330 2436; baseline 0 -23"><span class='ocrx_word' id='word_1_205' title='bbox 237 2349 431 2436; x_wconf 85' lang='lat' dir='ltr'><strong>gressi</strong></span> <span class='ocrx_word' id='word_1_206' title='bbox 480 2348 757 2413; x_wconf 83' lang='lat' dir='ltr'><strong>hostium</strong></span> <span class='ocrx_word' id='word_1_207' title='bbox 804 2348 982 2425; x_wconf 86' lang='lat' dir='ltr'><strong>fines,</strong></span> <span class='ocrx_word' id='word_1_208' title='bbox 1120 2346 1400 2435; x_wconf 88' lang='lat' dir='ltr'><strong>pulando</strong></span> <span class='ocrx_word' id='word_1_209' title='bbox 1452 2368 1652 2433; x_wconf 87' lang='lat' dir='ltr'><strong>usque</strong></span> <span class='ocrx_word' id='word_1_210' title='bbox 1703 2346 1784 2410; x_wconf 83' lang='lat' dir='ltr'><strong>ad</strong></span> <span class='ocrx_word' id='word_1_211' title='bbox 1842 2348 2094 2413; x_wconf 89' lang='lat' dir='ltr'><strong>moenia</strong></span> <span class='ocrx_word' id='word_1_212' title='bbox 2139 2361 2330 2435; x_wconf 90' lang='lat' dir='ltr'><strong>atque</strong></span> 
     </span>
    </p>

    <p class='ocr_par' dir='ltr' id='par_1_6' title="bbox 238 2433 2328 2534">
     <span class='ocr_line' id='line_1_26' title="bbox 238 2433 2328 2534; baseline 0.001 -37"><span class='ocrx_word' id='word_1_213' title='bbox 238 2436 461 2499; x_wconf 88' lang='lat' dir='ltr'><strong>urbem</strong></span> <span class='ocrx_word' id='word_1_214' title='bbox 488 2448 930 2534; x_wconf 84' lang='lat' dir='ltr'><strong>pervenerunt.</strong></span> <span class='ocrx_word' id='word_1_215' title='bbox 1060 2435 1143 2511; x_wconf 91' lang='lat' dir='ltr'><strong>bi,</strong></span> <span class='ocrx_word' id='word_1_216' title='bbox 1164 2433 1335 2521; x_wconf 86' lang='lat' dir='ltr'><strong>quia,</strong></span> <span class='ocrx_word' id='word_1_217' title='bbox 1359 2433 1607 2520; x_wconf 83' lang='lat' dir='ltr'><strong>ingenti</strong></span> <span class='ocrx_word' id='word_1_218' title='bbox 1637 2434 1922 2498; x_wconf 85' lang='lat' dir='ltr'><strong>exercitu</strong></span> <span class='ocrx_word' id='word_1_219' title='bbox 1945 2448 2328 2521; x_wconf 87' lang='lat' dir='ltr'><strong>comparat0,</strong></span> 
     </span>
    </p>

    <p class='ocr_par' dir='ltr' id='par_1_7' title="bbox 242 2519 2326 2607">
     <span class='ocr_line' id='line_1_27' title="bbox 242 2519 2326 2607; baseline 0 -23"><span class='ocrx_word' id='word_1_220' title='bbox 242 2520 507 2585; x_wconf 87' lang='lat' dir='ltr'><strong>Sidicim</strong></span> <span class='ocrx_word' id='word_1_221' title='bbox 527 2535 593 2584; x_wconf 89' lang='lat' dir='ltr'><strong>et</strong></span> <span class='ocrx_word' id='word_1_222' title='bbox 613 2521 733 2607; x_wconf 85' lang='lat' dir='ltr'><strong>ipsi</strong></span> <span class='ocrx_word' id='word_1_223' title='bbox 752 2543 867 2607; x_wconf 88' lang='lat' dir='ltr'><strong>pro</strong></span> <span class='ocrx_word' id='word_1_224' title='bbox 896 2535 1181 2585; x_wconf 86' lang='lat' dir='ltr'><strong>extrema</strong></span> <span class='ocrx_word' id='word_1_225' title='bbox 1202 2544 1312 2606; x_wconf 89' lang='lat' dir='ltr'><strong>spe</strong></span> <span class='ocrx_word' id='word_1_226' title='bbox 1336 2519 1699 2584; x_wconf 89' lang='lat' dir='ltr'><strong>dimicaturi</strong></span> <span class='ocrx_word' id='word_1_227' title='bbox 1717 2520 1906 2583; x_wconf 86' lang='lat' dir='ltr'><strong>enixe</strong></span> <span class='ocrx_word' id='word_1_228' title='bbox 1923 2519 2326 2599; x_wconf 83' lang='lat' dir='ltr'><strong>videbantur,</strong></span> 
     </span>
    </p>

    <p class='ocr_par' dir='ltr' id='par_1_8' title="bbox 236 2604 2326 2672">
     <span class='ocr_line' id='line_1_28' title="bbox 236 2604 2326 2672; baseline 0 -1"><span class='ocrx_word' id='word_1_229' title='bbox 236 2620 305 2671; x_wconf 89' lang='lat' dir='ltr'><strong>et</strong></span> <span class='ocrx_word' id='word_1_230' title='bbox 336 2606 661 2671; x_wconf 88' lang='lat' dir='ltr'><strong>Samnium</strong></span> <span class='ocrx_word' id='word_1_231' title='bbox 690 2607 857 2671; x_wconf 65' lang='lat' dir='ltr'><strong>fama</strong></span> <span class='ocrx_word' id='word_1_232' title='bbox 884 2620 1019 2672; x_wconf 90' lang='lat' dir='ltr'><strong>erat</strong></span> <span class='ocrx_word' id='word_1_233' title='bbox 1047 2606 1285 2671; x_wconf 89' lang='lat' dir='ltr'><strong>conciri</strong></span> <span class='ocrx_word' id='word_1_234' title='bbox 1314 2606 1395 2669; x_wconf 89' lang='lat' dir='ltr'><strong>ad</strong></span> <span class='ocrx_word' id='word_1_235' title='bbox 1434 2604 1708 2669; x_wconf 88' lang='lat' dir='ltr'><strong>bellum:</strong></span> <span class='ocrx_word' id='word_1_236' title='bbox 1757 2606 2028 2669; x_wconf 89' lang='lat' dir='ltr'><strong>dictator</strong></span> <span class='ocrx_word' id='word_1_237' title='bbox 2065 2606 2142 2669; x_wconf 87' lang='lat' dir='ltr'><strong>ab</strong></span> <span class='ocrx_word' id='word_1_238' title='bbox 2172 2630 2326 2671; x_wconf 90' lang='lat' dir='ltr'><strong>con-</strong></span> 
     </span>
    </p>

    <p class='ocr_par' dir='ltr' id='par_1_9' title="bbox 236 2690 2595 2776">
     <span class='ocr_line' id='line_1_29' title="bbox 236 2690 2595 2776; baseline -0.001 -19"><span class='ocrx_word' id='word_1_239' title='bbox 236 2692 475 2757; x_wconf 86' lang='lat' dir='ltr'><strong>sulibus</strong></span> <span class='ocrx_word' id='word_1_240' title='bbox 501 2715 583 2756; x_wconf 88' lang='lat' dir='ltr'><strong>ex</strong></span> <span class='ocrx_word' id='word_1_241' title='bbox 613 2693 985 2757; x_wconf 87' lang='lat' dir='ltr'><strong>auctoritate</strong></span> <span class='ocrx_word' id='word_1_242' title='bbox 1015 2707 1269 2756; x_wconf 86' lang='lat' dir='ltr'><strong>senatus</strong></span> <span class='ocrx_word' id='word_1_243' title='bbox 1298 2692 1506 2756; x_wconf 89' lang='lat' dir='ltr'><strong>dictus</strong></span> <span class='ocrx_word' id='word_1_244' title='bbox 1535 2692 1608 2755; x_wconf 92' lang='lat' dir='ltr'><strong>P.</strong></span> <span class='ocrx_word' id='word_1_245' title='bbox 1637 2690 1974 2755; x_wconf 88' lang='lat' dir='ltr'><strong>Cornelius</strong></span> <span class='ocrx_word' id='word_1_246' title='bbox 2007 2690 2282 2756; x_wconf 87' lang='lat' dir='ltr'><strong>Rufinus</strong></span> <span class='ocrx_word' id='word_1_247' title='bbox 2303 2718 2318 2767; x_wconf 92' lang='lat'><strong>;</strong></span> <span class='ocrx_word' id='word_1_248' title='bbox 2341 2700 2397 2775; x_wconf 61' lang='lat'><strong>13.</strong></span> <span class='ocrx_word' id='word_1_249' title='bbox 2414 2701 2595 2776; x_wconf 55' lang='lat' dir='ltr'><strong>Corne-</strong></span> 
     </span>
    </p>

    <p class='ocr_par' dir='ltr' id='par_1_10' title="bbox 238 2768 2608 2877">
     <span class='ocr_line' id='line_1_30' title="bbox 238 2768 2608 2877; baseline 0 -35"><span class='ocrx_word' id='word_1_250' title='bbox 238 2778 533 2864; x_wconf 88' lang='lat' dir='ltr'><strong>magister</strong></span> <span class='ocrx_word' id='word_1_251' title='bbox 574 2778 863 2864; x_wconf 88' lang='lat' dir='ltr'><strong>equitum</strong></span> <span class='ocrx_word' id='word_1_252' title='bbox 908 2778 1003 2842; x_wconf 94' lang='lat' dir='ltr'><strong>M.</strong></span> <span class='ocrx_word' id='word_1_253' title='bbox 1028 2778 1369 2843; x_wconf 78' lang='lat' dir='ltr'><strong>AntoniuS.</strong></span> <span class='ocrx_word' id='word_1_254' title='bbox 1464 2777 1720 2863; x_wconf 77' lang='lat' dir='ltr'><strong>Religio</strong></span> <span class='ocrx_word' id='word_1_255' title='bbox 1764 2777 1998 2841; x_wconf 89' lang='lat' dir='ltr'><strong>deinde</strong></span> <span class='ocrx_word' id='word_1_256' title='bbox 2044 2777 2319 2857; x_wconf 88' lang='lat' dir='ltr'><strong>incessit,</strong></span> <span class='ocrx_word' id='word_1_257' title='bbox 2339 2768 2436 2877; x_wconf 51' lang='lat'><strong>{3³</strong></span> <span class='ocrx_word' id='word_1_258' title='bbox 2455 2768 2608 2816; x_wconf 47' lang='grc' dir='ltr'><strong>ώσω</strong></span> 
     </span>
    </p>

    <p class='ocr_par' dir='ltr' id='par_1_11' title="bbox 192 2864 2429 3037">
     <span class='ocr_line' id='line_1_31' title="bbox 238 2864 2429 2951; baseline 0 -22"><span class='ocrx_word' id='word_1_259' title='bbox 238 2866 390 2929; x_wconf 86' lang='lat' dir='ltr'><strong>vitio</strong></span> <span class='ocrx_word' id='word_1_260' title='bbox 419 2888 526 2929; x_wconf 89' lang='lat' dir='ltr'><strong>eos</strong></span> <span class='ocrx_word' id='word_1_261' title='bbox 564 2877 837 2929; x_wconf 85' lang='lat' dir='ltr'><strong>creatos:</strong></span> <span class='ocrx_word' id='word_1_262' title='bbox 887 2865 1381 2950; x_wconf 81' lang='lat' dir='ltr'><strong>magistratuque</strong></span> <span class='ocrx_word' id='word_1_263' title='bbox 1416 2886 1483 2928; x_wconf 88' lang='lat' dir='ltr'><strong>se</strong></span> <span class='ocrx_word' id='word_1_264' title='bbox 1521 2864 2005 2928; x_wconf 85' lang='lat' dir='ltr'><strong>abdicaverunt:</strong></span> <span class='ocrx_word' id='word_1_265' title='bbox 2055 2878 2140 2941; x_wconf 89' lang='lat' dir='ltr'><strong>et,</strong></span> <span class='ocrx_word' id='word_1_266' title='bbox 2172 2866 2326 2951; x_wconf 87' lang='lat' dir='ltr'><strong>quia</strong></span> <span class='ocrx_word' id='word_1_267' title='bbox 2415 2866 2429 2879; x_wconf 85' lang='lat'><strong>‘</strong></span> 
     </span>
     <span class='ocr_line' id='line_1_32' title="bbox 192 2950 2324 3037; baseline 0 -22"><span class='ocrx_word' id='word_1_268' title='bbox 192 2950 591 3037; x_wconf 87' lang='lat' dir='ltr'><strong>9pestilentia</strong></span> <span class='ocrx_word' id='word_1_269' title='bbox 637 2952 925 3015; x_wconf 89' lang='lat' dir='ltr'><strong>insecuta</strong></span> <span class='ocrx_word' id='word_1_270' title='bbox 964 2964 1079 3026; x_wconf 87' lang='lat' dir='ltr'><strong>est,</strong></span> <span class='ocrx_word' id='word_1_271' title='bbox 1125 2950 1301 3014; x_wconf 90' lang='lat' dir='ltr'><strong>velut</strong></span> <span class='ocrx_word' id='word_1_272' title='bbox 1350 2950 1644 3014; x_wconf 88' lang='lat' dir='ltr'><strong>omnibus</strong></span> <span class='ocrx_word' id='word_1_273' title='bbox 1695 2972 1772 3013; x_wconf 89' lang='lat' dir='ltr'><strong>eo</strong></span> <span class='ocrx_word' id='word_1_274' title='bbox 1816 2950 1970 3015; x_wconf 88' lang='lat' dir='ltr'><strong>vitio</strong></span> <span class='ocrx_word' id='word_1_275' title='bbox 2017 2952 2324 3017; x_wconf 88' lang='lat' dir='ltr'><strong>contactis</strong></span> 
     </span>
    </p>

    <p class='ocr_par' dir='ltr' id='par_1_12' title="bbox 239 3035 2627 3122">
     <span class='ocr_line' id='line_1_33' title="bbox 239 3035 2627 3122; baseline 0.001 -22"><span class='ocrx_word' id='word_1_276' title='bbox 239 3036 544 3122; x_wconf 86' lang='lat' dir='ltr'><strong>auspiciis,</strong></span> <span class='ocrx_word' id='word_1_277' title='bbox 576 3059 675 3101; x_wconf 91' lang='lat' dir='ltr'><strong>res</strong></span> <span class='ocrx_word' id='word_1_278' title='bbox 711 3036 791 3100; x_wconf 90' lang='lat' dir='ltr'><strong>ad</strong></span> <span class='ocrx_word' id='word_1_279' title='bbox 830 3036 1265 3121; x_wconf 84' lang='lat' dir='ltr'><strong>interregnum</strong></span> <span class='ocrx_word' id='word_1_280' title='bbox 1306 3036 1515 3100; x_wconf 88' lang='lat' dir='ltr'><strong>rediit.</strong></span> <span class='ocrx_word' id='word_1_281' title='bbox 1609 3035 1715 3099; x_wconf 94' lang='lat' dir='ltr'><strong>Ab</strong></span> <span class='ocrx_word' id='word_1_282' title='bbox 1759 3036 2124 3122; x_wconf 87' lang='lat' dir='ltr'><strong>interregno</strong></span> <span class='ocrx_word' id='word_1_283' title='bbox 2159 3039 2320 3102; x_wconf 90' lang='lat' dir='ltr'><strong>inito</strong></span> <span class='ocrx_word' id='word_1_284' title='bbox 2341 3050 2409 3099; x_wconf 90' lang='lat' dir='ltr'><strong>U.</strong></span> <span class='ocrx_word' id='word_1_285' title='bbox 2433 3050 2492 3099; x_wconf 85' lang='lat' dir='ltr'><strong>C.</strong></span> <span class='ocrx_word' id='word_1_286' title='bbox 2516 3067 2627 3113; x_wconf 77' lang='lat'><strong>422.</strong></span> 
     </span>
    </p>

    <p class='ocr_par' dir='ltr' id='par_1_13' title="bbox 238 3115 2625 3209">
     <span class='ocr_line' id='line_1_34' title="bbox 238 3115 2625 3209; baseline 0 -22"><span class='ocrx_word' id='word_1_287' title='bbox 238 3144 352 3209; x_wconf 87' lang='lat' dir='ltr'><strong>per</strong></span> <span class='ocrx_word' id='word_1_288' title='bbox 406 3122 699 3209; x_wconf 90' lang='lat' dir='ltr'><strong>quintum</strong></span> <span class='ocrx_word' id='word_1_289' title='bbox 758 3120 1015 3185; x_wconf 90' lang='lat' dir='ltr'><strong>demum</strong></span> <span class='ocrx_word' id='word_1_290' title='bbox 1074 3122 1454 3207; x_wconf 87' lang='lat' dir='ltr'><strong>interregem</strong></span> <span class='ocrx_word' id='word_1_291' title='bbox 1515 3120 1609 3186; x_wconf 92' lang='lat' dir='ltr'><strong>M.</strong></span> <span class='ocrx_word' id='word_1_292' title='bbox 1644 3120 1974 3186; x_wconf 81' lang='lat' dir='ltr'><strong>Valerium</strong></span> <span class='ocrx_word' id='word_1_293' title='bbox 2037 3121 2316 3187; x_wconf 83' lang='lat' dir='ltr'><strong>Corvum</strong></span> <span class='ocrx_word' id='word_1_294' title='bbox 2339 3115 2398 3161; x_wconf 81' lang='lat' dir='ltr'><strong>A.</strong></span> <span class='ocrx_word' id='word_1_295' title='bbox 2431 3116 2490 3163; x_wconf 77' lang='lat' dir='ltr'><strong>C·</strong></span> <span class='ocrx_word' id='word_1_296' title='bbox 2515 3130 2625 3178; x_wconf 83' lang='lat'><strong>³30·</strong></span> 
     </span>
    </p>
   </div>
   <div class='ocr_carea' id='block_1_3' title="bbox 240 3180 2645 3292">
    <p class='ocr_par' dir='ltr' id='par_1_14' title="bbox 240 3180 2645 3292">
     <span class='ocr_line' id='line_1_35' title="bbox 240 3180 2645 3292; baseline 0.002 -21"><span class='ocrx_word' id='word_1_297' title='bbox 240 3209 428 3273; x_wconf 85' lang='lat' dir='ltr'><strong>creati</strong></span> <span class='ocrx_word' id='word_1_298' title='bbox 494 3207 783 3272; x_wconf 89' lang='lat' dir='ltr'><strong>consules</strong></span> <span class='ocrx_word' id='word_1_299' title='bbox 855 3207 935 3271; x_wconf 89' lang='lat' dir='ltr'><strong>A.</strong></span> <span class='ocrx_word' id='word_1_300' title='bbox 975 3206 1311 3271; x_wconf 88' lang='lat' dir='ltr'><strong>Cornelius</strong></span> <span class='ocrx_word' id='word_1_301' title='bbox 1378 3208 1610 3271; x_wconf 87' lang='lat' dir='ltr'><strong>iterum</strong></span> <span class='ocrx_word' id='word_1_302' title='bbox 1679 3221 1746 3270; x_wconf 88' lang='lat' dir='ltr'><strong>et</strong></span> <span class='ocrx_word' id='word_1_303' title='bbox 1814 3208 1936 3271; x_wconf 88' lang='lat' dir='ltr'><strong>Cn.</strong></span> <span class='ocrx_word' id='word_1_304' title='bbox 1972 3207 2313 3274; x_wconf 88' lang='lat' dir='ltr'><strong>Domitius.</strong></span> <span class='ocrx_word' id='word_1_305' title='bbox 2336 3180 2645 3292; x_wconf 42' lang='lat' dir='ltr'><strong>1211anssae</strong></span> 
     </span>
    </p>
   </div>
   <div class='ocr_carea' id='block_1_4' title="bbox 2335 3306 2630 3358">
    <p class='ocr_par' dir='ltr' id='par_1_15' title="bbox 2335 3306 2630 3358">
     <span class='ocr_line' id='line_1_36' title="bbox 2335 3306 2630 3358; baseline 0.014 -3"><span class='ocrx_word' id='word_1_306' title='bbox 2335 3306 2474 3355; x_wconf 88' lang='lat' dir='ltr'><strong>mitio</strong></span> <span class='ocrx_word' id='word_1_307' title='bbox 2494 3308 2630 3358; x_wconf 73' lang='lat' dir='ltr'><strong>cosa.</strong></span> 
     </span>
    </p>
   </div>
   <div class='ocr_carea' id='block_1_5' title="bbox 238 3453 2316 3585">
    <p class='ocr_par' dir='ltr' id='par_1_16' title="bbox 238 3453 2316 3585">
     <span class='ocr_line' id='line_1_37' title="bbox 300 3453 2316 3519; baseline -0.004 -10"><span class='ocrx_word' id='word_1_308' title='bbox 300 3462 329 3509; x_wconf 89' lang='lat'><strong>8</strong></span> <span class='ocrx_word' id='word_1_309' title='bbox 361 3460 557 3509; x_wconf 72' lang='lat' dir='ltr'><strong>Colonia</strong></span> <span class='ocrx_word' id='word_1_310' title='bbox 575 3460 853 3509; x_wconf 62' lang='lat' dir='ltr'><strong>aeduam</strong></span> <span class='ocrx_word' id='word_1_311' title='bbox 874 3458 1038 3519; x_wconf 71' lang='lat' dir='ltr'><strong>Cales]</strong></span> <span class='ocrx_word' id='word_1_312' title='bbox 1076 3458 1239 3517; x_wconf 78' lang='lat' dir='ltr'><strong>Quae,</strong></span> <span class='ocrx_word' id='word_1_313' title='bbox 1303 3458 1449 3515; x_wconf 71' lang='lat' dir='ltr'><strong>sule-s,</strong></span> <span class='ocrx_word' id='word_1_314' title='bbox 1490 3460 1579 3503; x_wconf 86' lang='lat' dir='ltr'><strong>aut</strong></span> <span class='ocrx_word' id='word_1_315' title='bbox 1621 3453 1905 3515; x_wconf 81' lang='lat' dir='ltr'><strong>magistratu</strong></span> <span class='ocrx_word' id='word_1_316' title='bbox 1945 3456 2196 3517; x_wconf 84' lang='lat' dir='ltr'><strong>abeuntes,</strong></span> <span class='ocrx_word' id='word_1_317' title='bbox 2239 3474 2316 3507; x_wconf 85' lang='lat' dir='ltr'><strong>co-</strong></span> 
     </span>
     <span class='ocr_line' id='line_1_38' title="bbox 238 3519 2314 3585; baseline -0.001 -12"><span class='ocrx_word' id='word_1_318' title='bbox 238 3530 465 3585; x_wconf 83' lang='lat' dir='ltr'><strong>tauquam</strong></span> <span class='ocrx_word' id='word_1_319' title='bbox 486 3524 799 3585; x_wconf 79' lang='lat' dir='ltr'><strong>praesidium,</strong></span> <span class='ocrx_word' id='word_1_320' title='bbox 819 3538 988 3583; x_wconf 79' lang='lat' dir='ltr'><strong>agrum</strong></span> <span class='ocrx_word' id='word_1_321' title='bbox 1012 3524 1237 3570; x_wconf 80' lang='lat' dir='ltr'><strong>Falerna-</strong></span> <span class='ocrx_word' id='word_1_322' title='bbox 1304 3520 1442 3567; x_wconf 83' lang='lat' dir='ltr'><strong>mitia</strong></span> <span class='ocrx_word' id='word_1_323' title='bbox 1478 3519 1890 3579; x_wconf 82' lang='lat' dir='ltr'><strong>subrogandorum</strong></span> <span class='ocrx_word' id='word_1_324' title='bbox 1927 3521 2182 3569; x_wconf 84' lang='lat' dir='ltr'><strong>consulum</strong></span> <span class='ocrx_word' id='word_1_325' title='bbox 2216 3538 2314 3571; x_wconf 90' lang='lat' dir='ltr'><strong>non</strong></span> 
     </span>
    </p>
   </div>
   <div class='ocr_carea' id='block_1_6' title="bbox 234 3581 2314 4411">
    <p class='ocr_par' dir='ltr' id='par_1_17' title="bbox 234 3581 2314 4218">
     <span class='ocr_line' id='line_1_39' title="bbox 238 3581 2314 3647; baseline -0.001 -11"><span class='ocrx_word' id='word_1_326' title='bbox 238 3596 355 3646; x_wconf 73' lang='lat' dir='ltr'><strong>tem,</strong></span> <span class='ocrx_word' id='word_1_327' title='bbox 386 3602 575 3635; x_wconf 83' lang='lat' dir='ltr'><strong>necnon</strong></span> <span class='ocrx_word' id='word_1_328' title='bbox 610 3587 735 3635; x_wconf 84' lang='lat' dir='ltr'><strong>viam</strong></span> <span class='ocrx_word' id='word_1_329' title='bbox 772 3587 900 3635; x_wconf 88' lang='lat' dir='ltr'><strong>inter</strong></span> <span class='ocrx_word' id='word_1_330' title='bbox 937 3586 1150 3633; x_wconf 81' lang='lat' dir='ltr'><strong>Romam</strong></span> <span class='ocrx_word' id='word_1_331' title='bbox 1188 3590 1239 3633; x_wconf 84' lang='lat' dir='ltr'><strong>et</strong></span> <span class='ocrx_word' id='word_1_332' title='bbox 1302 3584 1592 3631; x_wconf 86' lang='lat' dir='ltr'><strong>habuerunt.</strong></span> <span class='ocrx_word' id='word_1_333' title='bbox 1659 3581 1894 3629; x_wconf 83' lang='lat' dir='ltr'><strong>Similiter</strong></span> <span class='ocrx_word' id='word_1_334' title='bbox 1925 3588 2054 3644; x_wconf 80' lang='lat' dir='ltr'><strong>supr.</strong></span> <span class='ocrx_word' id='word_1_335' title='bbox 2079 3584 2140 3633; x_wconf 80' lang='lat' dir='ltr'><strong>vi.</strong></span> <span class='ocrx_word' id='word_1_336' title='bbox 2173 3598 2216 3647; x_wconf 87' lang='lat'><strong>5.</strong></span> <span class='ocrx_word' id='word_1_337' title='bbox 2247 3588 2314 3636; x_wconf 80' lang='lat' dir='ltr'><strong>Ut</strong></span> 
     </span>
     <span class='ocr_line' id='line_1_40' title="bbox 238 3648 2310 3715; baseline -0 -15"><span class='ocrx_word' id='word_1_338' title='bbox 238 3653 455 3715; x_wconf 78' lang='lat' dir='ltr'><strong>Capuam</strong></span> <span class='ocrx_word' id='word_1_339' title='bbox 486 3656 739 3699; x_wconf 83' lang='lat' dir='ltr'><strong>tutaretur.</strong></span> <span class='ocrx_word' id='word_1_340' title='bbox 808 3650 949 3697; x_wconf 84' lang='lat' dir='ltr'><strong>Haec</strong></span> <span class='ocrx_word' id='word_1_341' title='bbox 980 3665 1091 3697; x_wconf 79' lang='lat' dir='ltr'><strong>vero</strong></span> <span class='ocrx_word' id='word_1_342' title='bbox 1118 3648 1235 3696; x_wconf 90' lang='lat' dir='ltr'><strong>Nie-</strong></span> <span class='ocrx_word' id='word_1_343' title='bbox 1300 3652 1656 3696; x_wconf 74' lang='lat' dir='ltr'><strong>renovarentur</strong></span> <span class='ocrx_word' id='word_1_344' title='bbox 1685 3648 1927 3707; x_wconf 70' lang='lat' dir='ltr'><strong>auspicia,</strong></span> <span class='ocrx_word' id='word_1_345' title='bbox 1956 3663 2034 3695; x_wconf 74' lang='lat' dir='ltr'><strong>res</strong></span> <span class='ocrx_word' id='word_1_346' title='bbox 2066 3650 2133 3697; x_wconf 83' lang='lat' dir='ltr'><strong>ad</strong></span> <span class='ocrx_word' id='word_1_347' title='bbox 2161 3650 2310 3699; x_wconf 67' lang='lat' dir='ltr'><strong>inter-</strong></span> 
     </span>
     <span class='ocr_line' id='line_1_41' title="bbox 238 3708 2310 3777; baseline 0 -15"><span class='ocrx_word' id='word_1_348' title='bbox 238 3714 405 3762; x_wconf 85' lang='lat' dir='ltr'><strong>buhrio</strong></span> <span class='ocrx_word' id='word_1_349' title='bbox 424 3714 616 3762; x_wconf 76' lang='lat' dir='ltr'><strong>videtur</strong></span> <span class='ocrx_word' id='word_1_350' title='bbox 635 3713 703 3761; x_wconf 90' lang='lat' dir='ltr'><strong>iii.</strong></span> <span class='ocrx_word' id='word_1_351' title='bbox 727 3728 775 3774; x_wconf 88' lang='lat' dir='ltr'><strong>p.</strong></span> <span class='ocrx_word' id='word_1_352' title='bbox 804 3727 907 3777; x_wconf 86' lang='lat'><strong>199.</strong></span> <span class='ocrx_word' id='word_1_353' title='bbox 930 3715 1115 3761; x_wconf 77' lang='lat' dir='ltr'><strong>colonia</strong></span> <span class='ocrx_word' id='word_1_354' title='bbox 1141 3712 1235 3773; x_wconf 88' lang='lat' dir='ltr'><strong>pri-</strong></span> <span class='ocrx_word' id='word_1_355' title='bbox 1300 3726 1504 3772; x_wconf 62' lang='lat' dir='ltr'><strong>regnum</strong></span> <span class='ocrx_word' id='word_1_356' title='bbox 1541 3711 1700 3758; x_wconf 73' lang='lat' dir='ltr'><strong>rediit.</strong></span> <span class='ocrx_word' id='word_1_357' title='bbox 1767 3708 2102 3771; x_wconf 79' lang='lat' dir='ltr'><strong>Interregnum</strong></span> <span class='ocrx_word' id='word_1_358' title='bbox 2141 3718 2310 3763; x_wconf 84' lang='lat' dir='ltr'><strong>autem</strong></span> 
     </span>
     <span class='ocr_line' id='line_1_42' title="bbox 238 3771 2310 3838; baseline 0 -12"><span class='ocrx_word' id='word_1_359' title='bbox 238 3794 317 3826; x_wconf 86' lang='lat' dir='ltr'><strong>ma</strong></span> <span class='ocrx_word' id='word_1_360' title='bbox 334 3780 513 3826; x_wconf 72' lang='lat' dir='ltr'><strong>Latina</strong></span> <span class='ocrx_word' id='word_1_361' title='bbox 532 3778 697 3835; x_wconf 64' lang='lat' dir='ltr'><strong>fuisse,</strong></span> <span class='ocrx_word' id='word_1_362' title='bbox 718 3792 845 3837; x_wconf 79' lang='lat' dir='ltr'><strong>quae</strong></span> <span class='ocrx_word' id='word_1_363' title='bbox 872 3781 983 3838; x_wconf 85' lang='lat' dir='ltr'><strong>post</strong></span> <span class='ocrx_word' id='word_1_364' title='bbox 1006 3776 1236 3824; x_wconf 89' lang='lat' dir='ltr'><strong>Latinum</strong></span> <span class='ocrx_word' id='word_1_365' title='bbox 1300 3789 1399 3822; x_wconf 90' lang='lat' dir='ltr'><strong>non</strong></span> <span class='ocrx_word' id='word_1_366' title='bbox 1426 3773 1657 3832; x_wconf 87' lang='lat' dir='ltr'><strong>inibatur,</strong></span> <span class='ocrx_word' id='word_1_367' title='bbox 1677 3771 1768 3821; x_wconf 85' lang='lat' dir='ltr'><strong>nisi</strong></span> <span class='ocrx_word' id='word_1_368' title='bbox 1795 3776 1990 3834; x_wconf 84' lang='lat' dir='ltr'><strong>quando</strong></span> <span class='ocrx_word' id='word_1_369' title='bbox 2017 3776 2142 3823; x_wconf 86' lang='lat' dir='ltr'><strong>nulli</strong></span> <span class='ocrx_word' id='word_1_370' title='bbox 2171 3784 2310 3827; x_wconf 80' lang='lat' dir='ltr'><strong>erant</strong></span> 
     </span>
     <span class='ocr_line' id='line_1_43' title="bbox 234 3836 2309 3901; baseline 0.001 -12"><span class='ocrx_word' id='word_1_371' title='bbox 234 3856 407 3890; x_wconf 83' lang='lat' dir='ltr'><strong>nomen</strong></span> <span class='ocrx_word' id='word_1_372' title='bbox 434 3842 581 3889; x_wconf 82' lang='lat' dir='ltr'><strong>armis</strong></span> <span class='ocrx_word' id='word_1_373' title='bbox 606 3840 844 3889; x_wconf 82' lang='lat' dir='ltr'><strong>Romanis</strong></span> <span class='ocrx_word' id='word_1_374' title='bbox 875 3841 1121 3888; x_wconf 85' lang='lat' dir='ltr'><strong>subditum</strong></span> <span class='ocrx_word' id='word_1_375' title='bbox 1156 3842 1236 3887; x_wconf 85' lang='lat' dir='ltr'><strong>de-</strong></span> <span class='ocrx_word' id='word_1_376' title='bbox 1299 3838 1350 3886; x_wconf 90' lang='lat' dir='ltr'><strong>in</strong></span> <span class='ocrx_word' id='word_1_377' title='bbox 1366 3836 1619 3899; x_wconf 77' lang='lat' dir='ltr'><strong>republica</strong></span> <span class='ocrx_word' id='word_1_378' title='bbox 1637 3837 1828 3885; x_wconf 83' lang='lat' dir='ltr'><strong>curules</strong></span> <span class='ocrx_word' id='word_1_379' title='bbox 1849 3839 2167 3901; x_wconf 76' lang='lat' dir='ltr'><strong>magistratus.</strong></span> <span class='ocrx_word' id='word_1_380' title='bbox 2217 3838 2309 3891; x_wconf 65' lang='lat' dir='ltr'><strong>Par&#39;·</strong></span> 
     </span>
     <span class='ocr_line' id='line_1_44' title="bbox 238 3901 2308 3965; baseline -0 -12"><span class='ocrx_word' id='word_1_381' title='bbox 238 3908 379 3954; x_wconf 82' lang='lat' dir='ltr'><strong>ducta</strong></span> <span class='ocrx_word' id='word_1_382' title='bbox 402 3905 511 3963; x_wconf 74' lang='lat' dir='ltr'><strong>fuit,</strong></span> <span class='ocrx_word' id='word_1_383' title='bbox 542 3920 607 3953; x_wconf 80' lang='lat' dir='ltr'><strong>sc.</strong></span> <span class='ocrx_word' id='word_1_384' title='bbox 640 3920 703 3952; x_wconf 85' lang='lat' dir='ltr'><strong>ex</strong></span> <span class='ocrx_word' id='word_1_385' title='bbox 737 3903 1033 3961; x_wconf 82' lang='lat' dir='ltr'><strong>Quiritibus,</strong></span> <span class='ocrx_word' id='word_1_386' title='bbox 1052 3904 1237 3951; x_wconf 85' lang='lat' dir='ltr'><strong>civibus</strong></span> <span class='ocrx_word' id='word_1_387' title='bbox 1298 3902 1423 3949; x_wconf 86' lang='lat' dir='ltr'><strong>tricii</strong></span> <span class='ocrx_word' id='word_1_388' title='bbox 1453 3901 1650 3963; x_wconf 89' lang='lat' dir='ltr'><strong>quidem</strong></span> <span class='ocrx_word' id='word_1_389' title='bbox 1685 3901 1898 3961; x_wconf 82' lang='lat' dir='ltr'><strong>coibant,</strong></span> <span class='ocrx_word' id='word_1_390' title='bbox 1931 3909 1982 3951; x_wconf 83' lang='lat' dir='ltr'><strong>et</strong></span> <span class='ocrx_word' id='word_1_391' title='bbox 2013 3920 2101 3965; x_wconf 86' lang='lat' dir='ltr'><strong>per</strong></span> <span class='ocrx_word' id='word_1_392' title='bbox 2132 3920 2182 3951; x_wconf 83' lang='lat' dir='ltr'><strong>se</strong></span> <span class='ocrx_word' id='word_1_393' title='bbox 2215 3904 2308 3965; x_wconf 81' lang='lat' dir='ltr'><strong>ipsi</strong></span> 
     </span>
     <span class='ocr_line' id='line_1_45' title="bbox 237 3964 2308 4053; baseline -0.001 -36"><span class='ocrx_word' id='word_1_394' title='bbox 237 3969 619 4031; x_wconf 78' lang='lat' dir='ltr'><strong>municipalibus,</strong></span> <span class='ocrx_word' id='word_1_395' title='bbox 636 3974 687 4015; x_wconf 87' lang='lat' dir='ltr'><strong>et</strong></span> <span class='ocrx_word' id='word_1_396' title='bbox 706 3968 849 4017; x_wconf 83' lang='lat' dir='ltr'><strong>sociis</strong></span> <span class='ocrx_word' id='word_1_397' title='bbox 868 3982 1025 4053; x_wconf 45' lang='lat' dir='ltr'><strong>aeq=uo</strong></span> <span class='ocrx_word' id='word_1_398' title='bbox 1044 3968 1237 4015; x_wconf 83' lang='lat' dir='ltr'><strong>foedere</strong></span> <span class='ocrx_word' id='word_1_399' title='bbox 1297 3965 1550 4027; x_wconf 80' lang='lat' dir='ltr'><strong>auspicato</strong></span> <span class='ocrx_word' id='word_1_400' title='bbox 1568 3964 1854 4027; x_wconf 82' lang='lat' dir='ltr'><strong>interregem</strong></span> <span class='ocrx_word' id='word_1_401' title='bbox 1877 3968 2161 4027; x_wconf 85' lang='lat' dir='ltr'><strong>prodebant.</strong></span> <span class='ocrx_word' id='word_1_402' title='bbox 2208 3968 2308 4015; x_wconf 63' lang='lat' dir='ltr'><strong>Itae</strong></span> 
     </span>
     <span class='ocr_line' id='line_1_46' title="bbox 238 4029 2308 4093; baseline -0.001 -13"><span class='ocrx_word' id='word_1_403' title='bbox 238 4032 405 4081; x_wconf 81' lang='lat' dir='ltr'><strong>iunctis</strong></span> <span class='ocrx_word' id='word_1_404' title='bbox 435 4031 735 4093; x_wconf 70' lang='lat' dir='ltr'><strong>conscripta:</strong></span> <span class='ocrx_word' id='word_1_405' title='bbox 770 4047 961 4080; x_wconf 87' lang='lat' dir='ltr'><strong>necnon</strong></span> <span class='ocrx_word' id='word_1_406' title='bbox 990 4046 1049 4078; x_wconf 90' lang='lat' dir='ltr'><strong>eo</strong></span> <span class='ocrx_word' id='word_1_407' title='bbox 1081 4030 1233 4079; x_wconf 80' lang='lat' dir='ltr'><strong>consi-</strong></span> <span class='ocrx_word' id='word_1_408' title='bbox 1298 4044 1394 4090; x_wconf 85' lang='lat' dir='ltr'><strong>que</strong></span> <span class='ocrx_word' id='word_1_409' title='bbox 1424 4044 1551 4077; x_wconf 86' lang='lat' dir='ltr'><strong>nova</strong></span> <span class='ocrx_word' id='word_1_410' title='bbox 1582 4030 1730 4090; x_wconf 83' lang='lat' dir='ltr'><strong>plane</strong></span> <span class='ocrx_word' id='word_1_411' title='bbox 1751 4034 1889 4077; x_wconf 83' lang='lat' dir='ltr'><strong>erant</strong></span> <span class='ocrx_word' id='word_1_412' title='bbox 1913 4029 2127 4089; x_wconf 86' lang='lat' dir='ltr'><strong>auspicia</strong></span> <span class='ocrx_word' id='word_1_413' title='bbox 2163 4030 2308 4078; x_wconf 85' lang='lat' dir='ltr'><strong>inter-</strong></span> 
     </span>
     <span class='ocr_line' id='line_1_47' title="bbox 236 4092 2310 4153; baseline -0.001 -9"><span class='ocrx_word' id='word_1_414' title='bbox 236 4096 301 4144; x_wconf 84' lang='lat' dir='ltr'><strong>lio</strong></span> <span class='ocrx_word' id='word_1_415' title='bbox 322 4098 544 4153; x_wconf 82' lang='lat' dir='ltr'><strong>deducta,</strong></span> <span class='ocrx_word' id='word_1_416' title='bbox 566 4101 621 4143; x_wconf 85' lang='lat' dir='ltr'><strong>ut</strong></span> <span class='ocrx_word' id='word_1_417' title='bbox 645 4096 767 4144; x_wconf 87' lang='lat' dir='ltr'><strong>fines</strong></span> <span class='ocrx_word' id='word_1_418' title='bbox 788 4097 1042 4143; x_wconf 85' lang='lat' dir='ltr'><strong>Romanos</strong></span> <span class='ocrx_word' id='word_1_419' title='bbox 1067 4100 1237 4141; x_wconf 84' lang='lat' dir='ltr'><strong>contra</strong></span> <span class='ocrx_word' id='word_1_420' title='bbox 1296 4092 1419 4153; x_wconf 83' lang='lat' dir='ltr'><strong>regis</strong></span> <span class='ocrx_word' id='word_1_421' title='bbox 1440 4111 1455 4151; x_wconf 69' lang='grc' dir='ltr'>ς</span> <span class='ocrx_word' id='word_1_422' title='bbox 1504 4098 1554 4140; x_wconf 86' lang='lat' dir='ltr'><strong>et</strong></span> <span class='ocrx_word' id='word_1_423' title='bbox 1586 4092 1725 4141; x_wconf 86' lang='lat' dir='ltr'><strong>nulla</strong></span> <span class='ocrx_word' id='word_1_424' title='bbox 1755 4108 1816 4139; x_wconf 84' lang='lat' dir='ltr'><strong>ex</strong></span> <span class='ocrx_word' id='word_1_425' title='bbox 1853 4098 1992 4153; x_wconf 86' lang='lat' dir='ltr'><strong>parte</strong></span> <span class='ocrx_word' id='word_1_426' title='bbox 2031 4092 2310 4153; x_wconf 81' lang='lat' dir='ltr'><strong>pendebant</strong></span> 
     </span>
     <span class='ocr_line' id='line_1_48' title="bbox 236 4154 2308 4218; baseline -0.001 -11"><span class='ocrx_word' id='word_1_427' title='bbox 236 4176 367 4209; x_wconf 80' lang='lat' dir='ltr'><strong>anna</strong></span> <span class='ocrx_word' id='word_1_428' title='bbox 384 4159 675 4208; x_wconf 83' lang='lat' dir='ltr'><strong>Samnitium</strong></span> <span class='ocrx_word' id='word_1_429' title='bbox 698 4159 924 4207; x_wconf 83' lang='lat' dir='ltr'><strong>firmaret.</strong></span> <span class='ocrx_word' id='word_1_430' title='bbox 1298 4158 1361 4203; x_wconf 86' lang='lat' dir='ltr'><strong>ab</strong></span> <span class='ocrx_word' id='word_1_431' title='bbox 1380 4154 1609 4217; x_wconf 84' lang='lat' dir='ltr'><strong>auspiciis</strong></span> <span class='ocrx_word' id='word_1_432' title='bbox 1629 4156 1993 4218; x_wconf 81' lang='lat' dir='ltr'><strong>magistratuum</strong></span> <span class='ocrx_word' id='word_1_433' title='bbox 2027 4154 2141 4201; x_wconf 87' lang='lat' dir='ltr'><strong>anni</strong></span> <span class='ocrx_word' id='word_1_434' title='bbox 2172 4171 2308 4216; x_wconf 84' lang='lat' dir='ltr'><strong>prae-</strong></span> 
     </span>
    </p>

    <p class='ocr_par' dir='ltr' id='par_1_18' title="bbox 237 4216 2312 4411">
     <span class='ocr_line' id='line_1_49' title="bbox 296 4216 2312 4287; baseline 0 -18"><span class='ocrx_word' id='word_1_435' title='bbox 296 4238 325 4287; x_wconf 92' lang='lat'><strong>9</strong></span> <span class='ocrx_word' id='word_1_436' title='bbox 356 4224 491 4273; x_wconf 77' lang='lat' dir='ltr'><strong>Velut</strong></span> <span class='ocrx_word' id='word_1_437' title='bbox 508 4224 751 4282; x_wconf 70' lang='lat' dir='ltr'><strong>omnibus]</strong></span> <span class='ocrx_word' id='word_1_438' title='bbox 777 4221 895 4269; x_wconf 89' lang='lat' dir='ltr'><strong>Non</strong></span> <span class='ocrx_word' id='word_1_439' title='bbox 915 4222 1063 4269; x_wconf 86' lang='lat' dir='ltr'><strong>modo</strong></span> <span class='ocrx_word' id='word_1_440' title='bbox 1083 4220 1233 4269; x_wconf 80' lang='lat' dir='ltr'><strong>dicta-</strong></span> <span class='ocrx_word' id='word_1_441' title='bbox 1298 4218 1546 4267; x_wconf 81' lang='lat' dir='ltr'><strong>cedentis:</strong></span> <span class='ocrx_word' id='word_1_442' title='bbox 1584 4225 1634 4266; x_wconf 84' lang='lat' dir='ltr'><strong>et</strong></span> <span class='ocrx_word' id='word_1_443' title='bbox 1655 4218 1694 4266; x_wconf 87' lang='lat' dir='ltr'><strong>si</strong></span> <span class='ocrx_word' id='word_1_444' title='bbox 1716 4218 1832 4279; x_wconf 90' lang='lat' dir='ltr'><strong>quid</strong></span> <span class='ocrx_word' id='word_1_445' title='bbox 1860 4217 1910 4265; x_wconf 90' lang='lat' dir='ltr'><strong>in</strong></span> <span class='ocrx_word' id='word_1_446' title='bbox 1941 4217 2017 4265; x_wconf 89' lang='lat' dir='ltr'><strong>his</strong></span> <span class='ocrx_word' id='word_1_447' title='bbox 2039 4216 2140 4265; x_wconf 77' lang='lat' dir='ltr'><strong>vitii</strong></span> <span class='ocrx_word' id='word_1_448' title='bbox 2168 4224 2312 4285; x_wconf 70' lang='lat' dir='ltr'><strong>esset,</strong></span> 
     </span>
     <span class='ocr_line' id='line_1_50' title="bbox 237 4280 2309 4347; baseline -0.001 -12"><span class='ocrx_word' id='word_1_449' title='bbox 237 4287 346 4335; x_wconf 82' lang='lat' dir='ltr'><strong>toris</strong></span> <span class='ocrx_word' id='word_1_450' title='bbox 374 4287 455 4335; x_wconf 81' lang='lat' dir='ltr'><strong>sed</strong></span> <span class='ocrx_word' id='word_1_451' title='bbox 487 4286 741 4334; x_wconf 87' lang='lat' dir='ltr'><strong>consulum</strong></span> <span class='ocrx_word' id='word_1_452' title='bbox 774 4285 1029 4347; x_wconf 86' lang='lat' dir='ltr'><strong>auspiciis:</strong></span> <span class='ocrx_word' id='word_1_453' title='bbox 1068 4285 1234 4345; x_wconf 83' lang='lat' dir='ltr'><strong>itaque</strong></span> <span class='ocrx_word' id='word_1_454' title='bbox 1296 4282 1420 4331; x_wconf 90' lang='lat' dir='ltr'><strong>nihil</strong></span> <span class='ocrx_word' id='word_1_455' title='bbox 1453 4284 1518 4331; x_wconf 84' lang='lat' dir='ltr'><strong>ad</strong></span> <span class='ocrx_word' id='word_1_456' title='bbox 1543 4281 1632 4331; x_wconf 82' lang='lat' dir='ltr'><strong>illa</strong></span> <span class='ocrx_word' id='word_1_457' title='bbox 1652 4282 1746 4331; x_wconf 89' lang='lat' dir='ltr'><strong>hoc</strong></span> <span class='ocrx_word' id='word_1_458' title='bbox 1771 4280 1940 4329; x_wconf 88' lang='lat' dir='ltr'><strong>vitium</strong></span> <span class='ocrx_word' id='word_1_459' title='bbox 1962 4280 2202 4343; x_wconf 84' lang='lat' dir='ltr'><strong>pertinere</strong></span> <span class='ocrx_word' id='word_1_460' title='bbox 2223 4299 2309 4345; x_wconf 88' lang='lat' dir='ltr'><strong>po-</strong></span> 
     </span>
     <span class='ocr_line' id='line_1_51' title="bbox 240 4348 1436 4411; baseline -0.004 -12"><span class='ocrx_word' id='word_1_461' title='bbox 240 4356 317 4399; x_wconf 77' lang='lat' dir='ltr'><strong>aut</strong></span> <span class='ocrx_word' id='word_1_462' title='bbox 351 4366 400 4399; x_wconf 77' lang='lat' dir='ltr'><strong>se</strong></span> <span class='ocrx_word' id='word_1_463' title='bbox 432 4350 781 4399; x_wconf 78' lang='lat' dir='ltr'><strong>abdicaverunt</strong></span> <span class='ocrx_word' id='word_1_464' title='bbox 806 4348 1092 4411; x_wconf 78' lang='lat' dir='ltr'><strong>magistratu</strong></span> <span class='ocrx_word' id='word_1_465' title='bbox 1122 4363 1232 4396; x_wconf 88' lang='lat' dir='ltr'><strong>con·</strong></span> <span class='ocrx_word' id='word_1_466' title='bbox 1298 4351 1436 4394; x_wconf 84' lang='lat' dir='ltr'><strong>terat.</strong></span> 
     </span>
    </p>
   </div>
  </div>
 </body>
</html>
