3000 4784
353 455 507 505 Urbis
528 471 640 504 con·

351 521 542 568 dandae
551 536 661 568 con-

351 584 514 632 silium
533 585 662 646 capi-

351 653 456 697 unt.

349 1946 540 1994 Remus
560 1961 592 1994 a

345 2011 492 2058 fratre
515 2011 638 2060 occi-

347 2073 494 2124 ditur.

347 2362 510 2410 Roma
519 2365 660 2412 cond.

349 2427 430 2474 01.
459 2427 584 2476 VII.
609 2426 642 2476 i.
680 2443 694 2456 ·

347 2489 408 2538 A.
425 2491 482 2539 C.
512 2503 617 2554 751.

683 149 762 206 10
1455 141 1680 207 ΤΙΤῙ
1740 141 2010 210 LIVII

677 300 894 365 regem
936 278 1326 355 salutassent,
1359 290 1575 343 secuta
1609 301 1691 343 ex
1724 277 1901 342 omni
1931 276 2337 342 multitudine
2368 278 2779 342 consentiens

677 388 803 429 vox
833 379 1039 430 ratum
1069 388 1306 430 nomen
1335 365 1801 465 imperiumque
1832 364 1967 452 regi
1996 365 2225 430 effecit.

764 450 866 517 Ita
894 451 1221 517 Numitori
1244 451 1498 516 Albana
1526 473 1827 538 permissa
1854 474 1943 528 re,
1978 449 2328 516 Romulum
2359 451 2776 538 Remumque

678 562 761 603 cu
804 538 914 603 ido
944 561 1016 603 ce
1061 540 1132 616 it,
1163 539 1232 603 in
1261 539 1336 603 iis
1365 537 1537 615 lociS,
1570 538 1681 602 ubi
1703 537 1993 625 expositi,
2025 538 2263 624 ubique
2292 537 2545 602 educati
2567 551 2775 614 erant,

678 649 756 690 ur
798 627 851 690 is
879 649 1000 691 con
1047 625 1267 690 endae.
1361 624 1448 689 Et
1487 636 1812 712 supererat
1840 624 2182 689 multitudo
2213 624 2611 689 Albanorum
2640 624 2776 688 La-

679 713 1120 798 tinorumque:
1165 711 1246 776 ad
1275 711 1344 776 id
1371 724 1653 798 pastores
1681 735 1811 798 quo
1856 734 1937 776 ue
1969 723 2375 789 accesserant,
2453 711 2520 774 ui
2549 733 2779 776 omnes

676 799 859 863 facile
904 822 1081 886 spem
1135 798 1436 876 facerent,
1490 821 1750 885 parvam
1892 799 2058 875 bam,
2111 820 2375 885 parvum
2524 798 2815 880 vinium·

723 909 826 950 rae
875 908 952 950 ea
998 886 1174 963 urbe,
1228 907 1392 972 quae
1444 885 1845 962 conderetur,
1897 884 2047 949 fore.
2142 883 2495 949 Intervenit
2532 883 2775 948 deinde

676 909 777 1036 iiis
834 972 1320 1060 cogitationibus
1392 972 1631 1035 avitum
1691 969 1948 1048 malum,
2009 971 2192 1057 regni
2256 970 2509 1057 cupid0,
2576 983 2777 1057 atque

678 1059 829 1122 inde
887 1058 1146 1124 foedum
1213 1069 1536 1123 certamen
1595 1070 1881 1122 coortum
1938 1079 1977 1120 a
2032 1058 2180 1122 satis
2238 1058 2377 1122 miti
2480 1057 2775 1145 rincipio.

685 1145 1010 1221 Quoniam
1041 1145 1281 1232 gemini
1321 1157 1549 1222 essent,
1582 1167 1700 1209 nec
1744 1143 1964 1208 aetatis
2006 1145 2391 1209 verecundia
2480 1145 2493 1159 ’
2564 1144 2777 1208 rimen

677 1232 884 1297 facere
977 1245 1161 1310 osset,
1214 1245 1286 1297 ut
1331 1232 1442 1308 dii,
1486 1254 1759 1319 quorum
1798 1229 2033 1296 tutelae
2070 1253 2147 1295 ea
2191 1230 2332 1295 loca
2380 1243 2607 1308 essent,
2657 1254 2775 1295 au-

675 1320 871 1469 gum&
928 1257 1232 1406 iegerent,
1287 1319 1400 1406 qui
1457 1341 1696 1384 nomen
1746 1340 1946 1382 novae
2005 1317 2149 1382 urbi
2194 1317 2392 1395 daret,
2446 1318 2559 1404 qui
2616 1340 2777 1382 con-

727 1407 875 1470 'tam
919 1406 1186 1494 imperio
1227 1418 1494 1492 regeret,
1534 1403 1851 1469 Palatium
1888 1403 2219 1482 Romulus,
2266 1403 2509 1468 Remus
2549 1404 2777 1468 Aven-

677 1493 882 1556 tinum
935 1493 1016 1556 ad
1066 1491 1578 1578 inaugurandum
1630 1489 1870 1578 templa
1917 1491 2195 1578 capiunt.
2302 1490 2507 1554 Priori
2560 1489 2775 1556 Remo
2792 1518 2827 1565 8

673 1578 1009 1664 augurium
1056 1578 1300 1642 venisse
1347 1578 1566 1654 fertur,
1620 1599 1732 1642 sex
1778 1576 2094 1654 vultures;
2148 1577 2423 1664 iamque,
2476 1577 2775 1642 nuntiato

675 1665 958 1751 augurio,
1006 1687 1206 1752 quum
1264 1663 1505 1750 duplex
1556 1685 1857 1728 numerus
1911 1661 2191 1727 Romulo
2248 1687 2313 1728 se
2374 1663 2773 1748 ostendisset,

677 1755 1018 1838 utrumque
1070 1773 1287 1838 regem
1339 1773 1454 1816 sua
1498 1749 1842 1815 multitudo
1893 1750 2429 1814 consalutaverat:
2484 1763 2770 1837 tempore
2790 1767 2823 1816 9

677 1836 770 1900 illi
819 1849 1181 1925 praecepto,
1235 1850 1302 1901 at
1357 1837 1438 1900 hi‘
1485 1859 1752 1901 numero
1810 1836 2041 1914 avium,
2095 1858 2363 1922 regnum
2414 1836 2768 1901 trahebant.

677 1922 860 2001 Inde,
920 1946 1067 1988 cum
1127 1923 1535 1988 altercatione
1595 1923 1931 2010 congressi,
1994 1923 2337 1988 certamine
2396 1924 2629 1987 irarum
2688 1922 2774 1987 ad

675 2009 936 2075 caedem
966 2023 1331 2075 vertuntur:
1380 2010 1470 2074 ibi
1499 2011 1568 2074 in
1599 2010 1785 2075 turba
1810 2010 1971 2074 ictus
1997 2009 2240 2076 Remus
2268 2009 2516 2074 cecidit.
2608 2009 2775 2074 Vul-

675 2097 879 2182 gatior
921 2097 1090 2162 fama
1132 2109 1245 2175 est,
1287 2096 1563 2162 ludibrio
1590 2095 1796 2160 fratris
1827 2095 2107 2161 Remum
2150 2119 2347 2160 novos
2387 2096 2769 2161 transiluisse
2796 2124 2816 2157 1

679 2205 890 2248 muros
919 2208 934 2247 ε
1016 2184 1166 2248 inde
1245 2184 1324 2248 ab
1391 2183 1551 2248 irato
1617 2182 1915 2260 Romulo,
2024 2205 2175 2247 uum
2232 2182 2441 2247 verbis
2512 2206 2601 2269 qu
2690 2205 2769 2247 ue

677 2269 1060 2357 increpitans
1135 2270 1487 2346 adiecisset,
1580 2278 1599 2307 ‘
1632 2267 1737 2333 Sic
1818 2269 1969 2332 dein
2016 2292 2072 2346 e,
2201 2269 2523 2356 uicunque
2603 2205 2771 2333 ffius

681 2365 700 2394 ‘
723 2356 1028 2421 transiliet
1079 2357 1332 2421 moenia
1382 2357 1563 2433 mea,’
1622 2355 2041 2420 interfectum.
2188 2368 2254 2419 ta
2309 2355 2477 2420 solus
2533 2356 2772 2442 potitus

676 2444 944 2593 imfferio
997 2443 1351 2520 Romulus;
1418 2443 1677 2509 condita
1737 2443 1884 2507 urbs
1933 2440 2279 2506 conditoris
2344 2443 2603 2506 nomine
2662 2465 2771 2530 ap-
2790 2473 2817 2506 α

721 2554 756 2594 e
807 2542 930 2595 ata.

675 2554 718 2617 p
759 2616 1076 2682 Palatium
1122 2617 1418 2705 primum,
1465 2617 1533 2680 in
1581 2639 1710 2703 quo
1758 2617 1891 2702 ipse
1944 2628 2081 2680 erat
2126 2614 2449 2693 educatus,
2503 2615 2764 2680 muniit:
2790 2633 2821 2681 3

736 2755 767 2802 8
796 2755 1016 2816 Templa]
1055 2753 1323 2814 Templum
1355 2751 1609 2800 dicebatur
1640 2757 1691 2799 et
1756 2751 1961 2812 Dionys.
1992 2749 2023 2798 i.
2052 2749 2132 2810 86,
2156 2751 2235 2812 87,
2265 2749 2348 2812 qui
2381 2749 2531 2798 etiam
2566 2751 2769 2800 Faustu-

671 2818 884 2879 spatium
907 2817 1154 2878 quoddam
1185 2815 1237 2863 in
1270 2831 1382 2864 aere
1412 2817 1476 2863 ab
1509 2830 1691 2877 augure
1753 2816 1859 2863 lum
1882 2816 2224 2862 obtruncatum
2248 2815 2383 2863 dicit.
2420 2815 2550 2864 Bur.

672 2881 948 2940 definitum,
968 2881 1096 2929 intra
1116 2879 1247 2940 quod
1279 2878 1499 2940 auspicia
1527 2884 1693 2941 capta·
1822 2893 1849 2926 *ι
1885 2879 2089 2928 Condita
2119 2881 2261 2938 urbs]
2318 2879 2398 2926 Ex
2432 2877 2637 2927 Catonis
2668 2893 2769 2928 sen-

673 2945 788 3002 bat3
821 2945 996 3006 etipse
1019 2945 1171 3001 locus,
1191 2943 1275 2991 ubi
1305 2943 1471 2991 sedem
1495 2948 1693 3004 ceperat
1756 2941 1928 3000 tentia,
1952 2943 2117 2990 Roma
2136 2942 2335 2991 condita
2360 2949 2432 2990 est
2464 2943 2582 3004 ipsis
2603 2943 2769 2992 Palili-

673 3007 736 3055 ad
771 3009 1016 3070 captanda
1046 3007 1278 3069 auspicia.
1342 3008 1387 3054 A
1418 3009 1593 3069 templo
1622 3007 1694 3055 ita
1756 3007 1864 3065 bus,
1885 3005 1950 3055 xi.
1972 3007 2091 3055 Kal.
2114 3007 2239 3055 Maii
2265 3007 2381 3055 anni
2406 3007 2607 3069 Olymp.
2625 3006 2706 3056 vii.
2732 3023 2768 3056 1.

671 3072 925 3120 intellecto
978 3072 1164 3119 dictum
1226 3076 1301 3120 est
1359 3072 1690 3133 contemplari.
1754 3077 1870 3118 ante
1891 3070 2141 3120 Christum
2168 3081 2273 3132 751.
2339 3071 2525 3120 Mirum
2556 3071 2771 3133 profecto

673 3137 834 3185 Cam.
908 3136 986 3185 cf:
1027 3136 1168 3184 Varr.
1208 3136 1272 3183 de
1311 3135 1370 3185 L.
1414 3135 1473 3183 L.
1522 3135 1598 3184 vii.
1644 3149 1688 3184 2.
1755 3134 1836 3182 hic
1872 3150 1972 3182 non
2010 3135 2249 3183 indicasse
2283 3134 2498 3195 Livium,
2533 3142 2653 3197 quot
2687 3151 2769 3184 an-

673 3201 808 3249 Cave
847 3205 1010 3248 tamen
1045 3202 1274 3262 templum
1311 3215 1503 3262 capere,
1535 3205 1587 3248 et
1618 3207 1689 3248 ta-
1755 3214 1845 3247 nos
1881 3199 2181 3246 existimaret
2216 3201 2281 3247 ab
2314 3201 2435 3247 urbe
2469 3199 2668 3247 condita
2708 3201 2771 3248 ad

672 3265 988 3314 ber-nactam
1035 3281 1211 3326 capere
1255 3264 1386 3312 idem
1429 3264 1559 3312 velle
1605 3279 1688 3311 ex·
1754 3278 1843 3311 sua
1874 3267 2099 3325 tempora
2128 3263 2321 3325 elapsos
2352 3277 2470 3311 esse.
2538 3263 2677 3320 Quid
2710 3264 2772 3312 de

672 3328 876 3388 istimes,
912 3328 1325 3390 quemadmodum
1369 3328 1420 3376 N
1425 3327 1693 3390 ieuportius
1754 3343 1816 3376 ea
1844 3343 1897 3376 re
1925 3331 2088 3376 noster
2118 3327 2324 3389 scriptor
2350 3325 2571 3386 senserit,
2590 3343 2771 3390 expen-

660 3393 866 3462 ‚erravin
910 3391 987 3442 Cf.
1014 3393 1152 3440 Fuss.
1177 3392 1343 3453 Antiq.
1367 3393 1516 3440 Rom.

739 3471 770 3520 9
808 3459 1036 3519 Tempore
1055 3457 1130 3504 illi
1153 3457 1436 3518 praecepto]
1493 3455 1579 3505 Illi
1608 3455 1692 3517 qui

677 3520 839 3568 Remo
861 3521 1107 3580 flavebant,
1126 3535 1326 3582 regnum
1359 3521 1423 3568 ad
1456 3535 1569 3568 eum
1594 3525 1692 3568 tra-

676 3584 874 3644 hebant,
896 3584 997 3633 sive
1027 3585 1130 3633 eius
1162 3599 1264 3633 esse
1296 3585 1473 3633 debere
1495 3591 1692 3632 conten-

675 3649 874 3708 debant,
911 3649 1044 3710 quod
1079 3648 1336 3710 aug-urium
1379 3648 1426 3696 ei
1469 3649 1691 3697 oblatum

675 3718 896 3775 tempore
920 3714 1052 3776 prius
1073 3719 1227 3762 esset:
1263 3712 1333 3771 hi,
1349 3712 1434 3774 qui
1456 3713 1693 3772 Romulo,

675 3777 739 3825 ad
778 3792 890 3826 eum
931 3777 1171 3839 pertinere
1207 3791 1410 3839 regnum
1447 3777 1694 3836 diceba-nt,

677 3841 808 3903 quod
831 3840 986 3889 maior
1005 3857 1109 3890 sese
1141 3841 1186 3888 ei
1219 3841 1508 3889 ostendisset
1527 3841 1694 3889 avium

675 3920 920 3956 numerus.
939 3907 1098 3954 Canv.
1145 3905 1223 3954 Cf.
1239 3905 1288 3953 N
1293 3904 1443 3953 iebhr.
1462 3904 1494 3953 i.
1515 3920 1563 3966 p.
1582 3919 1691 3954 222.

677 3969 927 4018 Numerus
947 3969 1108 4017 avium
1143 3969 1208 4017 ad
1240 3969 1437 4017 saecula
1456 3969 1588 4016 urbis
1619 3969 1691 4016 fu-

675 4039 786 4082 tura
816 4033 1178 4094 quodammodo
1214 4033 1389 4085 referre
1420 4047 1452 4080 a
1489 4033 1692 4095 posteris

675 4097 958 4147 habebatur.

752 4177 770 4210 1
820 4163 1070 4224 Vulyatt’or
1095 4161 1265 4222 somus]
1337 4160 1414 4211 Cf.
1449 4161 1555 4210 Cic.
1590 4161 1690 4210 off.

673 4225 739 4274 iii.
771 4240 841 4274 10.
867 4227 1080 4275 Remum
1104 4241 1136 4274 a
1156 4224 1311 4273 Fabio
1333 4225 1527 4272 tribuno
1548 4225 1689 4274 Cele-

675 4305 780 4338 rum
813 4305 1007 4340 caesum
1037 4289 1184 4339 fuisse
1213 4289 1298 4338 alii
1331 4289 1544 4338 tradunt.
1612 4289 1690 4338 Cf.

1756 3391 1829 3440 dit
1871 3391 2177 3440 doctissimus
2226 3390 2527 3450 Dodwellus,
2566 3391 2771 3442 Dissert.

1756 3470 1805 3504 x.
1845 3456 1907 3504 de
1945 3455 2113 3518 Cyclis
2151 3455 2521 3504 Romanorum:
2569 3461 2621 3503 et
2658 3471 2772 3504 eum

1754 3519 2081 3569 Catonianam
2131 3533 2297 3568 aeram
2342 3523 2565 3568 secutum
2608 3519 2771 3580 fixisse,

1756 3599 1881 3645 quae
1900 3583 2205 3631 varroniana
2219 3583 2410 3632 duobus
2424 3584 2565 3633 annis
2584 3585 2775 3632 brevior

1754 3653 1845 3706 est,
1866 3648 2070 3710 probare
2101 3647 2286 3697 nititur.
2354 3647 2667 3696 Dodwellum
2701 3663 2771 3698 se-

1756 3717 1899 3760 cutus
1939 3717 2014 3760 est
2052 3711 2103 3760 in
2144 3727 2233 3760 sua
2276 3711 2405 3760 Livii
2444 3712 2661 3760 editione
2702 3714 2773 3761 vir

1756 3775 2044 3838 multiiugae
2075 3775 2376 3836 eruditionis,
2415 3777 2490 3825 10.
2525 3776 2773 3836 Clericusg

1756 3855 1845 3888 nos
1859 3838 2122 3890 Clericum.
2152 3841 2313 3889 Cur.
2365 3840 2416 3888 N
2419 3840 2670 3889 iebuhrius
2687 3857 2771 3892 au-

1755 3909 1857 3952 tem
1879 3903 2091 3954 Fabium
2111 3903 2329 3966 sequitur
2348 3905 2432 3966 qui
2452 3905 2623 3953 urbem
2644 3921 2773 3954 anno

1757 3967 1959 4030 Olymp.
1998 3968 2095 4016 viii.
2137 3983 2181 4017 α.
2218 3973 2335 4017 ante
2373 3969 2623 4018 Christum
2665 3968 2771 4030 746.

1756 4032 2003 4080 conditam
2020 4032 2201 4081 scribit.
2250 4033 2499 4082 Diodorus
2514 4047 2707 4096 quoque
2724 4039 2773 4082 et

1758 4095 1958 4144 Orosius
1998 4097 2236 4145 rationem
2284 4103 2561 4160 temporum
2600 4097 2772 4146 Fabia-

1753 4174 1869 4208 nam
1892 4161 2181 4223 plerumque
2200 4160 2427 4211 referunt.

1828 4238 1857 4286 3
1890 4227 2110 4285 Muniie]
2176 4225 2380 4274 Aditum
2418 4231 2471 4274 et
2518 4241 2769 4274 ascensum

1754 4288 1908 4350 magis
1928 4289 2134 4337 arduum
2150 4295 2201 4338 et
2215 4289 2477 4352 abruptum
2500 4290 2769 4340 efficiendo.
