3000 4784
828 226 1021 293 LIB.
1073 228 1157 294 II.
1222 228 1441 295 CAP.
1492 234 1594 299 37.
2151 236 2270 296 113

182 360 577 425 instaurandi
605 361 761 427 haec
779 384 966 429 eausa
992 364 1211 430 fiierat.
1303 365 1508 431 Ludis
1529 388 1714 431 mane
1735 387 1986 431 servum
2005 364 2268 453 quidam
2290 376 2357 427 U.
2382 378 2442 427 c.
2477 376 2570 438 263

136 443 656 551 gpaterfamiliae,
687 450 973 514 nondum
1000 452 1332 517 commisso
1372 453 1749 540 spectacuIO,
1780 454 1897 517 sub
1924 452 2100 517 furca
2127 476 2270 519 cae·-
2285 444 2347 491 A.
2381 442 2440 492 0·
2463 442 2574 505 489·

181 556 325 598 sum
370 534 587 600 medio
632 549 845 623 egerat
887 538 1072 602 circe.
1167 536 1399 626 Coepti
1443 540 1594 604 inde
1637 539 1792 617 ludi,
1835 538 2012 603 velut
2051 562 2129 604 ea
2169 563 2270 604 res

132 620 345 686 6nihil
372 620 457 685 ad
484 620 853 709 religionem
892 624 1311 709 pertinuisset.
1404 624 1601 691 Haud
1638 627 1730 690 ita
1756 626 1956 691 multo
1985 640 2129 715 post
2163 626 2264 691 Ti.

183 707 435 785 Atinio,
494 707 577 772 de
633 707 818 797 plebe
876 709 1121 774 homini
1178 712 1493 777 somnium
1551 712 1687 776 fuit.
1776 711 1969 777 Visus
2026 712 2270 800 Iupiter
2287 730 2512 790 Ingratus

180 794 417 871 dicere,
451 803 472 832 ‘
496 793 633 860 Sibi
658 794 825 860 ludis
856 796 1373 883 praesultatorem
1402 798 1828 885 displicuisse:
1874 799 1996 864 nisi
2025 798 2269 887 magni·
2285 792 2394 842 Iovi
2415 807 2552 855 prae-

183 890 202 918 ‘
224 880 347 946 fiee
388 882 885 947 instaurarentur
910 882 979 946 hi
1018 882 1173 961 ludi,
1202 884 1555 971 periculum
1595 886 1736 949 urbi
1769 885 1918 951 fore.
2011 884 2160 963 Iret,
2191 910 2270 951 ea
2283 858 2503 907 'mmm’

182 976 205 1005 ‘
220 968 588 1033 consulibus
637 970 997 1034 nuntiaret)
1087 970 1473 1057 Quanquam
1523 971 1696 1036 haud
1740 994 1890 1037 sane
1932 971 2092 1037 liber
2133 987 2270 1038 erat

121 1048 133 1069 “
180 1054 491 1141 religione
514 1055 779 1133 animus,
797 1056 1179 1121 verecundia
1194 1070 1409 1122 tamen
1430 1058 1770 1123 maiestatis
1791 1058 2270 1146 magistratuum

136 1166 163 1214 7
182 1141 479 1206 timorem
528 1141 699 1219 vicit,
747 1165 831 1207 ne
880 1143 950 1206 in
1000 1166 1109 1207 ora
1164 1143 1496 1209 hominum
1553 1167 1672 1232 pro
1720 1143 1994 1209 ludibrio
2044 1146 2264 1211 abiret.

182 1226 437 1315 Magno
461 1228 557 1292 illi
584 1250 664 1293 ea
690 1229 1009 1294 cunctatio
1038 1230 1247 1295 stetit:
1294 1229 1497 1294 filium
1527 1252 1802 1317 namque
1842 1230 2010 1295 intra
2035 1254 2269 1319 paucos

180 1313 325 1378 dies
353 1315 579 1380 amisit.
674 1313 879 1380 Cuius
906 1315 1275 1403 repentinae
1306 1315 1504 1381 cladis
1532 1340 1614 1381 ne
1645 1338 1834 1381 causa
1859 1317 2058 1382 dubia
2084 1331 2266 1395 esset,

180 1423 378 1487 aegro
408 1402 605 1465 animi
635 1402 860 1467 eadem
889 1402 999 1467 illa
1025 1402 1095 1466 in
1124 1403 1363 1467 somnis
1388 1403 1716 1468 obversata
1743 1403 1986 1491 species
2013 1404 2146 1469 visa
2173 1417 2272 1469 est

181 1488 479 1575 rogitare,
505 1496 525 1526 ‘
538 1486 735 1553 Satin'
756 1512 1049 1576 magnam
1070 1489 1265 1577 spreti
1286 1489 1566 1555 numinis
1586 1488 1850 1554 haberet
1870 1490 2269 1555 mercedem?

184 1582 205 1613 ‘
226 1574 536 1639 maiorem
578 1575 831 1653 instare,
868 1576 938 1639 ni
978 1588 1083 1641 eat
1123 1597 1411 1665 propere,
1457 1598 1532 1641 ac
1575 1575 1829 1641 nuntiet
1869 1576 2270 1641 consulibus?

183 1658 327 1725 Iam
346 1662 739 1748 praesentior
758 1684 857 1727 res
879 1675 1039 1727 erat:
1086 1674 1493 1727 cunctantem
1517 1676 1730 1727 tamen
1752 1684 1828 1727 ac
1892 1662 2268 1728 rolatantem

180 1748 415 1835 ingens
442 1748 537 1812 vis
562 1748 767 1814 morbi
796 1747 1017 1814 adorta
1042 1762 1140 1814 est
1176 1748 1502 1814 debilitate
1543 1750 1765 1814 subita.
1899 1772 2030 1813 xum
2065 1750 2270 1815 enim-

181 1856 337 1898 vero
364 1833 631 1899 deorum
674 1836 769 1901 ira
794 1835 1141 1900 admonuit.
1232 1834 1459 1900 Fessus
1486 1836 1683 1923 igitur
1709 1834 1890 1900 malis
1917 1836 2270 1923 praeteritis

182 1920 716 2008 instantibusque,
747 1921 1007 1987 consilio
1034 1922 1536 2010 propinquorum
1577 1922 1880 1999 adhibito,
1910 1944 2112 2008 quum
2138 1923 2271 1987 visa

180 2020 383 2093 atque
424 2007 658 2085 audita,
710 2020 777 2073 et
826 2009 1221 2073 obversatum
1274 2010 1461 2075 toties
1505 2032 1730 2075 somno
1777 2008 2013 2085 Iovem,
2065 2009 2270 2073 minas

128 2116 167 2163 8
182 2094 439 2180 irasque
478 2094 799 2172 coelestes,
830 2107 1323 2183 repraesentatas
1361 2095 1608 2171 casibus
1651 2096 1798 2173 suis,
1840 2095 2265 2183 exposuisset;

180 2202 501 2245 consensu
528 2181 681 2246 inde
713 2181 887 2246 haud
915 2181 1113 2248 dubio
1152 2183 1456 2259 omnium,
1488 2183 1602 2269 qui
1640 2182 1920 2259 aderant,
1951 2181 2022 2245 in
2061 2181 2268 2246 forum

182 2267 269 2331 ad
290 2266 582 2333 consules
602 2267 827 2333 lectica
846 2269 1119 2334 affermr.
1209 2268 1372 2333 Inde
1394 2269 1465 2333 in
1486 2269 1725 2333 curiam
1745 2268 1918 2333 iussu
1939 2266 2270 2333 consulum

182 2353 455 2431 delatus,
484 2354 709 2419 eadem
736 2354 847 2419 illa
874 2378 1075 2442 quum
1102 2354 1394 2421 Patribus
1420 2356 1668 2442 ingenti
1689 2356 1974 2419 omnium
2002 2354 2274 2419 admira-

186 2439 363 2505 tione
423 2455 809 2518 enarrasset3
885 2464 1033 2506 ecce
1092 2440 1267 2505 aliud
1334 2440 1726 2505 miraculum.
1849 2440 1984 2516 Qui
2051 2453 2273 2527 captus

186 2527 485 2593 omnibus
532 2529 833 2594 membris
872 2528 1127 2592 delatus
1164 2528 1235 2592 in
1277 2527 1520 2592 curiam
1561 2540 1742 2603 esset,
1790 2548 1938 2590 eum
1979 2526 2272 2590 functum

185 2613 397 2679 officio
446 2613 717 2702 pedibus
763 2615 893 2679 suis
940 2613 1205 2679 domum
1256 2612 1534 2690 rediisse,
1585 2612 1882 2677 traditum
1933 2612 2272 2677 memoriae

186 2714 303 2765 est.

276 2786 453 2852 Ludi
482 2810 673 2875 quam
702 2787 1070 2876 amplissimi
1099 2799 1172 2852 ut
1210 2787 1455 2863 fierent,
1484 2798 1740 2850 senatus
1768 2786 2067 2850 decrevit.
2160 2784 2272 2849 Ad
2395 2792 2498 2855 37.

186 2896 301 2938 eos
326 2874 531 2951 ludos,
561 2888 813 2940 auctore
845 2874 1031 2939 Attio
1059 2872 1272 2951 Tullo,
1303 2873 1397 2937 vis
1417 2895 1648 2960 magna
1676 2871 2051 2937 Volscorum
2072 2871 2264 2937 venit.
2287 2875 2412 2925 Attii
2429 2876 2568 2951 Tulli

135 2987 171 3032 9
188 2960 571 3047 Priusquam
609 2961 1152 3025 committerentur
1180 2960 1335 3037 ludi,
1367 2958 1615 3038 Tullus,
1645 2972 1720 3023 ut
1747 2959 1921 3024 domi
1959 2959 2270 3047 composi·
2288 2942 2460 3056 L5ffi²

188 3060 331 3111 tum
380 3069 527 3111 cum
579 3046 827 3112 Marcio
870 3048 1092 3125 filerat,
1138 3047 1219 3111 ad
1268 3045 1558 3111 consules
1607 3048 1802 3111 venit.
1893 3044 2073 3111 Dicit
2113 3067 2270 3124 esse,

187 3156 357 3221 quae
404 3147 645 3199 secreto
686 3156 871 3221 agere
915 3133 996 3199 de
1043 3134 1367 3220 republica
1406 3132 1578 3198 velit.
1669 3132 1946 3197 Arbitris
1997 3134 2272 3211 remotiS,

142 3248 165 3283 1
192 3230 209 3257 ‘
234 3220 522 3299 Invitus‚'
549 3220 778 3306 inquit,
812 3228 831 3258 ‘
848 3220 1023 3307 quod
1052 3219 1309 3307 sequius
1336 3220 1437 3297 sit,
1460 3219 1542 3284 de
1573 3220 1732 3283 meis
1759 3220 2002 3285 civibus
2025 3220 2270 3307 loquor.

189 3486 323 3534 supr.
339 3470 372 3521 i.
394 3487 441 3547 9,
475 3474 559 3521 Ex
578 3474 932 3521 instauratione
953 3486 1019 3521 sc.
1044 3470 1203 3529 iterati
1331 3470 1364 3520 6
1396 3472 1704 3531 TLAtt'm'm]
1733 3472 2024 3520 T.Latim'm
2041 3486 2274 3535 reponen-

188 3542 325 3593 sunt,
336 3534 581 3611 prioribus
602 3550 689 3599 pro
710 3534 854 3583 irritis
872 3533 1064 3583 habitis.
1099 3534 1203 3584 cie.
1268 3535 1385 3583 dum
1410 3538 1575 3583 censet
1597 3532 1802 3583 Niebhr.
1823 3534 1873 3583 ii.
1897 3549 1945 3597 p.
1973 3547 2080 3597 105.

188 3603 255 3650 de
277 3599 395 3649 Div.
416 3599 451 3649 i.
476 3598 553 3649 26.
588 3600 802 3649 ὅπου.
856 3599 937 3647 Ex
959 3596 1205 3661 religione,
1334 3610 1361 3660 7
1398 3599 1656 3658 Timorem]
1705 3598 1909 3661 Spretae
1935 3598 2192 3661 religionis,
2214 3601 2278 3647 ob

189 3678 321 3727 quae
340 3664 485 3713 ludos
498 3665 561 3712 de
574 3663 762 3727 integro
783 3662 969 3712 institui
990 3662 1205 3713 iubebat.
1270 3659 1610 3711 verecundiam
1633 3677 1714 3721 ne,
1733 3668 1966 3723 tanquam
1999 3662 2280 3722 ludibrium,

194 3730 363 3778 Dorm-
408 3728 471 3777 οἱ.
492 3726 715 3777 Maerob.
738 3728 930 3777 Saturn.
953 3726 985 3775 i.
1014 3741 1033 3775 1
1047 3742 1085 3775 1.
1267 3727 1317 3775 in
1339 3741 1585 3775 sermones
1604 3724 1858 3775 hominum
1883 3725 2082 3776 veniret.

265 3813 300 3853 4
330 3794 732 3853 Pater-familiae]
789 3792 947 3843 codd.
979 3791 1205 3839 nonnulli
1332 3792 1363 3839 8
1394 3792 1826 3853 Repraesentatur]
1880 3790 2034 3847 Quasi
2057 3806 2276 3853 praesen-

190 3859 351 3909 forma
362 3854 635 3917 antiquiore
644 3858 1021 3919 paterfamilias.
1055 3858 1213 3907 Pater
1274 3860 1347 3903 tes
1366 3854 1538 3914 factas,
1559 3854 1714 3904 oculis
1733 3854 1988 3904 subiectas.
2021 3856 2213 3904 Enseu.

180 3922 415 3983 famniae
436 3919 649 3970 Bekker.
672 3919 931 3982 separatim
954 3918 1133 3970 scribit.
1336 3932 1369 3981 9
1400 3919 1844 3979 Committerentur]
1909 3918 2126 3967 Verbum
2160 3934 2278 3967 oom-

260 3996 289 4047 5
322 3986 425 4033 Sub
446 3986 629 4046 furca]
668 3985 829 4034 Furca
862 3984 1047 4045 duplex
1083 3982 1206 4031 fuit:
1270 3984 1396 4031 mitta·
1427 3982 1674 4045 proprium
1707 3988 1759 4031 et
1789 3984 1990 4031 solenne
2020 3982 2073 4031 in
2104 3983 2198 4031 hae
2228 3996 2282 4029 re

192 4049 296 4098 alia
314 4063 465 4110 quam
494 4054 683 4111 gestare
713 4048 1052 4096 tantummodo
1078 4046 1210 4095 iube-
1274 4054 1365 4097 est.
1386 4046 1502 4109 quia
1523 4046 1750 4095 nimirum
1772 4046 1822 4095 in
1845 4046 2134 4109 spectaculis
2153 4060 2282 4093 com-

192 4116 377 4161 bantur
388 4114 511 4161 servi
526 4112 733 4175 improbi
746 4110 1039 4175 ignominiae
1052 4126 1213 4170 eausa,
1277 4110 1536 4160 mittuntur
1555 4111 1682 4161 inter
1701 4126 1754 4159 se
1775 4110 2016 4159 certaturi.
2049 4111 2210 4161 canv.

198 4178 333 4225 unde
353 4178 597 4239 fior-eise&
618 4175 767 4235 dicti;
800 4176 899 4225 alia
922 4176 1216 4223 instrumen-
1346 4189 1365 4222 1
1405 4176 1545 4233 Quod
1561 4176 1758 4237 sequius
1777 4176 1865 4233 sit]
1917 4173 2068 4229 Quod
2101 4170 2286 4220 civibus

196 4248 305 4289 tum
362 4240 607 4303 supplicii,
659 4240 921 4303 aliquando
976 4254 1034 4287 ca
1068 4238 1211 4287 italis.
1277 4237 1397 4287 meis
1440 4240 1600 4289 labem
1638 4238 1854 4299 aliquam
1896 4240 2132 4298 aspergat.
2202 4237 2284 4284 Se-

198 4307 261 4354 cf.
286 4305 487 4355 Sueton.
524 4306 674 4357 Nero.
707 4320 786 4367 49.
823 4305 987 4353 Plaut.
1063 4318 1131 4351 as.
1162 4302 1212 4351 ii.
1276 4304 1435 4365 quior,
1448 4304 1645 4365 sequius
1667 4301 1796 4349 idem
1819 4300 1950 4359 quod
1971 4300 2286 4355 decedendo-

198 4370 245 4419 6.
274 4380 353 4431 37.
972 4404 983 4412 .
1278 4368 1460 4414 terius.-
1498 4380 1530 4412 a
1553 4380 1670 4413 voce
1697 4378 1834 4414 seem
1855 4376 1982 4421 quae
2013 4376 2109 4409 non
2143 4363 2288 4410 modo

290 4450 443 4495 vol..
476 4452 518 4495 1.
1923 4442 1949 4483 1
