3000 4784
705 224 834 288 296
1479 216 1709 285 'l'ITI
1768 216 2041 285 LIVII

381 366 452 416 11.
475 368 535 417 c.
559 376 669 433 3⁵²·
709 380 912 445 aeque
963 368 1215 421 tantum
1261 376 1394 420 non
1445 355 1575 419 iam
1618 354 1941 420 iniunctae
1992 356 2327 421 moenibus
2374 370 2623 434 essent,
2672 354 2831 421 dum

379 431 442 480 A.
475 433 536 482 c·
558 448 672 494 ⁴⁰⁰·
709 466 904 532 opera
949 442 1232 508 interdiu
1273 442 1442 507 fiunt
1485 441 1815 519 intentius,
1862 462 2055 527 quam
2102 454 2291 507 nocte
2342 442 2831 519 custodiuntur,

382 497 616 610 gara&
712 530 1024 619 patefacta
1049 540 1314 617 repente
1353 542 1559 615 porta,
1591 528 1819 614 ingens
1862 527 2225 607 multitudo,
2254 528 2501 594 ficibus
2530 532 2835 593 maxime

384 622 540 700 Veios
559 625 630 673 in·
713 628 970 693 armata,
1003 616 1184 703 ignes
1212 614 1523 691 coniecit3
1569 614 1891 714 horaeque
1932 628 2259 680 momento
2286 614 2477 680 simul
2702 636 2837 679 rem

385 689 560 737 cendio
580 691 663 737 ὼ·
714 727 787 769 ac
835 704 1072 780 vineas,
1123 714 1254 767 tam
1312 700 1377 765 lo
1468 701 1483 714 '
1541 712 1843 787 temporis
1900 723 2080 788 opus,
2132 638 2835 767 incendiumaffimit:

384 758 597 815 mmpta.
714 788 1027 876 multique
1077 788 1167 853 ibi
1219 722 1533 863 ωσι-ἄιε,
1581 786 2011 874 nequicquam
2070 810 2257 875 opem
2302 788 2609 865 ferenteS,
2664 788 2841 851 ferro

679 902 682 906 ·
715 875 978 963 ignique
1008 874 1324 961 absumpti
1355 886 1520 938 sunt.
1616 872 1817 948 Quod
1844 874 1956 939 ubi
1996 874 2271 939 Romam
2300 886 2401 938 est
2429 874 2841 947 nuntiatum,

715 961 1092 1026 maestitiam
1133 961 1444 1038 omnibus,
1491 960 1741 1024 senatui
1781 982 1999 1025 curam
2038 972 2409 1046 metumque
2450 960 2714 1037 iniecit,
2758 981 2843 1022 ne

716 1062 856 1112 tum
883 1070 1035 1113 vero
1063 1046 1359 1111 sustineri
1387 1068 1509 1111 nec
1538 1046 1608 1110 in
1636 1047 1795 1110 urbe
1824 1045 2072 1123 seditio,
2096 1068 2217 1111 nec
2244 1045 2315 1109 in
2337 1046 2559 1111 castris
2586 1059 2843 1133 posset,

718 1147 786 1199 et
821 1134 1059 1199 tribuni
1087 1133 1291 1221 plebis
1319 1131 1496 1197 velut
1524 1132 1603 1197 ab
1647 1154 1715 1197 se
1744 1134 1947 1198 victae
1983 1132 2367 1218 reipublicae
2398 1132 2839 1207 imultarent3

393 1240 602 1301 Εςιιίιω
719 1242 920 1309 quum
963 1232 1248 1308 repente,
1295 1218 1527 1306 quibus
1570 1240 1797 1282 census
1838 1232 2136 1319 equester
2176 1230 2333 1295 erat,
2376 1219 2535 1306 equi
2580 1217 2842 1306 publici
2856 1232 2887 1281 6

392 1304 531 1366 equis
551 1303 650 1353 ⁸⁰³⁸
718 1329 851 1372 non
881 1320 1062 1373 erant
1082 1306 1397 1393 assignati,
1421 1302 1685 1369 consilio
1712 1304 1888 1391 prius
1910 1317 2078 1369 mter
2103 1326 2238 1369 sese
2259 1305 2504 1383 habito,
2526 1318 2839 1370 senatum

391 1374 648 1419 mmm·
719 1393 994 1470 adeunt3
1041 1394 1332 1479 factaque
1367 1389 1627 1456 dicendi
1656 1402 1987 1478 potestate,
2020 1391 2205 1477 equis
2240 1413 2309 1456 se
2340 1391 2472 1456 suis
2500 1389 2843 1480 stipendis

307 1482 322 1494 “
719 1481 992 1545 facturos
1057 1480 1456 1567 promittunt.
1575 1477 1828 1552 Quibus
1930 1500 2087 1541 uum
2154 1476 2561 1564 amplissimis
2618 1475 2845 1542 verbis

719 1567 958 1653 gratiae
1003 1566 1083 1630 ab
1126 1577 1351 1631 senatu
1402 1577 1580 1628 actae
1624 1576 1853 1640 essent,
2026 1586 2191 1651 aque
2246 1586 2324 1629 ea
2362 1563 2579 1629 forum
2632 1578 2839 1650 atque

722 1654 943 1717 urbem
989 1652 1382 1739 pervasisset,
1425 1650 1637 1715 subito
1680 1650 1764 1714 ad
1805 1650 2045 1715 curiam
2090 1672 2433 1715 concursus
2474 1650 2555 1715 fit
2598 1649 2837 1739 plebis.

397 1748 550 1797 Plebs
571 1762 682 1823 pe·-
724 1747 746 1778 ‘
767 1738 1088 1802 Pedestria
1117 1738 1358 1802 ordinis
1383 1737 1500 1815 se‚’
1529 1737 1729 1812 aiunt,
1764 1744 1783 1775 6
1804 1757 1977 1801 nunc
2006 1758 2162 1815 esse,
2188 1758 2581 1824 operamque
2610 1737 2879 1823 reipub:

393 1814 606 1923 sseffifflm
618 1826 706 1922 ¹2¹¹·
726 1830 746 1862 ‘
767 1824 969 1888 blicae
1015 1836 1198 1887 extra
1235 1822 1529 1887 ordinem
1574 1822 1881 1909 polliceri,
1916 1844 2031 1887 seu
2070 1823 2291 1901 Veios,
2344 1846 2469 1889 seu·
2560 1848 2653 1889 uo
2710 1821 2837 1887 alio

391 1882 630 1988 offic?
655 1890 708 1924 η
725 1918 748 1949 6
767 1909 1002 1974 ducere
1023 1908 1241 1975 velint.
1338 1907 1408 1973 Si
1430 1908 1630 1973 Veios
1652 1909 1831 1973 ducti
1848 1908 2015 1987 sint,’
2033 1922 2290 1997 negant,
2316 1917 2337 1949 ‘
2356 1932 2423 1975 se
2448 1910 2519 1974 in
2570 1934 2609 1975 e
2628 1910 2834 1999 prius,

391 2002 664 2065 profitetur.
725 2004 746 2037 6
767 2018 958 2083 quam
989 2018 1066 2061 ca
1109 2008 1176 2059 ta
1201 1997 1357 2060 urbe
1388 1995 1686 2073 hostium,
1717 1994 2030 2060 redituros
2058 1996 2234 2061 esse?
2320 1996 2675 2062 TumVero
2706 1996 2837 2059 iam
2950 1986 2952 2053 ἵ

721 2082 1028 2171 superfun
1073 2082 1210 2147 enti
1237 2104 1304 2147 se
1334 2081 1611 2147 laetitiae
1640 2082 1749 2145 vix
1778 2094 2201 2169 temperatum
2230 2096 2342 2148 est.
2434 2082 2597 2148 Non
2626 2082 2832 2157 enim,
2951 2086 2952 2091 ’

721 2171 886 2235 sicut
941 2170 1208 2257 equites,
1269 2168 1420 2233 dato
1479 2168 1945 2255 magistratibus
1998 2169 2279 2255 negotiO,
2326 2168 2575 2234 laudari
2632 2167 2833 2241 iuaei3

721 2278 933 2357 neque
963 2269 1075 2320 aut
1103 2257 1172 2319 in
1203 2256 1444 2319 curiam
1473 2254 1699 2331 vocati,
1730 2254 1964 2341 quibus
2000 2276 2373 2341 responsum
2400 2255 2689 2334 daretur,
2724 2266 2835 2319 aut

721 2342 942 2407 limme
974 2342 1186 2407 curiae
1225 2341 1669 2407 continebatur
1696 2354 1984 2406 senatusz
2032 2341 2147 2405 sed
2182 2364 2301 2442 pro
2328 2364 2395 2407 se
2426 2342 2710 2429 quisque
2748 2360 2831 2405 ex

721 2428 1043 2516 superiore
1082 2428 1224 2493 loco
1261 2426 1345 2491 ad
1389 2425 1884 2504 multitudinem,
1926 2426 1994 2491 in
2038 2428 2299 2493 comitio
2332 2440 2628 2506 stantem,
2669 2446 2831 2491 voce

723 2515 1143 2602 manibusque
1162 2514 1515 2601 significare
1544 2513 1865 2600 publicam
1887 2512 2213 2578 laetitiam.
2307 2514 2575 2579 Beatam
2596 2516 2827 2580 urbem

725 2600 1105 2677 Romanam,
1135 2613 1204 2665 et
1241 2600 1562 2677 invictam,
1594 2610 1661 2663 et
1689 2611 2011 2663 aeternam
2042 2599 2153 2664 illa
2190 2600 2531 2666 concordia
2564 2600 2823 2666 dicere:

720 2686 980 2753 laudare
1010 2687 1278 2773 equiteS,
1301 2686 1559 2751 laudare
1580 2684 1855 2773 plebem,
1878 2685 2048 2750 diem
2072 2685 2285 2773 ipsum
2300 2685 2599 2753 laudibus
2624 2686 2821 2753 ferre:

719 2774 950 2837 victam
1015 2794 1151 2837 esse
1208 2772 1390 2837 fateri
1459 2772 1823 2837 comitatem
1881 2771 2473 2860 benignitatemque
2538 2787 2821 2838 senatus.

725 2856 1040 2922 Certatim
1058 2857 1355 2921 Patribus
1373 2856 1674 2944 plebique
1694 2878 1948 2922 manare
1965 2858 2202 2945 gaudio
2218 2858 2541 2936 lacrimae3
2590 2859 2821 2935 donec,

723 2942 1029 3006 revocatis
1058 2942 1127 3006 in
1167 2943 1409 3007 curiam
1439 2943 1754 3021 Patribus,
1784 2943 2401 3010 senatmconsultum
2429 2946 2675 3011 finctum
2708 2960 2821 3020 est,

720 3035 743 3066 6
767 3027 862 3091 Ut
891 3026 1128 3091 tribuni
1168 3026 1488 3103 militares,
1520 3029 1827 3093 concione
1871 3028 2196 3108 advocata,
2226 3031 2549 3118 peditibus
2586 3032 2825 3121 equiti-

721 3122 743 3153 6
763 3114 1008 3213 busque
1173 3112 1291 3177 tias
1337 3127 1634 3199 agerentz
1698 3136 2045 3180 memorem
2096 3116 2349 3203 pietatis
2394 3140 2619 3183 eorum
2672 3140 2823 3206 erga

719 3209 742 3239 6
809 3213 1030 3265 atnam
1108 3200 1347 3265 'cerent
1375 3211 1669 3264 senatum
1708 3200 1861 3265 fore.
1952 3200 2215 3267 Placere
2254 3218 2489 3282 autem,
2520 3206 2821 3270 omnibus

719 3294 740 3325 ‘
809 3287 862 3351 is
878 3286 1297 3351 voluntariam
1327 3298 1509 3351 extra
1536 3286 1827 3351 ordinem
1855 3287 2157 3374 professis
2177 3288 2470 3354 militiam
2492 3312 2645 3355 aera
2670 3306 2859 3379 pro-8

718 3379 740 3412 6
763 3371 1005 3438 cedere.
1127 3370 1214 3437 Et
1256 3371 1459 3459 equiti
1504 3384 1713 3437 certus
1755 3394 2059 3438 numerus
2102 3375 2265 3441 aeris
2306 3389 2403 3441 est
2442 3392 2812 3464 asslgnatus.
2831 3400 2859 3447 9

781 3576 814 3627 6
847 3578 1033 3636 Quibus
1053 3594 1226 3628 censue
1245 3578 1488 3642 equesen]
1526 3576 1733 3641 Equites
1829 3564 1841 3579 ¹
1859 3580 1890 3629 8
1919 3583 2057 3631 Aera
2075 3582 2359 3645 procedere]
2388 3598 2453 3634 sc.
2470 3582 2625 3633 Hane
2647 3588 2815 3635 volun·

718 3640 904 3702 quippe
928 3642 1104 3703 plebeii
1127 3642 1162 3690 ii
1183 3648 1340 3702 erant,
1360 3642 1537 3704 quibus
1558 3658 1733 3692 census
1792 3644 1967 3693 tat-iam
1992 3646 2220 3695 militiam
2242 3652 2623 3696 annumeratum
2648 3648 2709 3697 in·
2737 3650 2813 3699 sti-

719 3704 978 3763 equestris;
1002 3720 1166 3753 eorum
1185 3710 1351 3755 tamen
1368 3707 1611 3766 nonnulli,
1628 3706 1731 3769 qui-
1798 3708 2009 3771 pendiis,
2044 3725 2171 3772 quae
2208 3710 2369 3759 facere
2403 3712 2559 3759 iuberi
2600 3726 2689 3775 pro
2728 3715 2815 3762 im-

718 3766 811 3813 bus
945 3782 1006 3815 un
1049 3770 1279 3828 publicus
1320 3785 1419 3817 non
1461 3771 1734 3833 assignatus
1797 3773 1933 3833 perio
1960 3778 2199 3835 poterant.
2267 3774 2519 3823 Nimirum
2540 3782 2597 3823 ut
2619 3782 2813 3827 tantum

719 3834 862 3888 esset,
949 3831 1016 3878 ud
1039 3844 1147 3878 ram
1168 3832 1302 3893 apud
1335 3833 1527 3894 pedites
1554 3834 1731 3883 milita·
1796 3836 2071 3884 traheretur
2103 3854 2134 3886 a
2165 3837 2341 3887 debitis
2372 3838 2644 3900 stipendiis,
2664 3854 2755 3889 seu
2786 3856 2815 3889 s

717 3892 852 3941 bant.
927 3892 1136 3942 Lucium
1180 3910 1376 3957 quoque
1418 3896 1731 3959 Tarquitium
1796 3900 1965 3948 debita
1998 3900 2193 3959 militia,
2224 3907 2465 3963 quantum
2508 3918 2643 3952 nune
2684 3906 2813 3954 ultro

716 3970 848 4017 supr.
861 3970 927 4004 m
945 3968 1023 4018 27,
1044 3956 1130 4018 qui
1151 3972 1214 4005 ex
1236 3959 1456 4021 equitum
1477 3964 1511 3987 66
1524 3976 1610 4009 sex
1636 3962 1733 4009 suf-
1796 3962 2101 4013 militassent.
2146 3965 2207 4014 cf.
2230 3964 2341 4015 inst.
2364 3980 2480 4014 xxv,
2504 3980 2549 4028 5.
2582 3968 2800 4018 Sramn.

715 4018 922 4083 fragiis”
952 4027 1075 4081 erat,
1107 4021 1316 4085 pedibus
1347 4023 1583 4073 militane
1617 4025 1731 4087 legi·
1868 4028 2189 4137 &Numerus
2222 4031 2381 4089 aeris]
2442 4030 2649 4093 Accipio
2690 4031 2811 4081 haee

715 4098 840 4132 mus.
1794 4102 1881 4137 ver
1972 4104 2073 4138 non
2106 4092 2169 4139 de
2206 4091 2450 4154 stipendio
2482 4093 2637 4155 equiti
2669 4097 2809 4159 assig-

783 4160 810 4210 7
841 4149 1091 4198 Padano-es
1119 4150 1304 4200 ordinis
1323 4167 1391 4209 se,
1412 4153 1575 4209 aiunt,
1594 4167 1731 4201 nuno
1794 4158 1929 4213 nato,
1968 4160 2025 4201 ut
2058 4154 2324 4204 Douiatius
2358 4155 2543 4217 aliique
2576 4158 2810 4219 fecerunt,

712 4212 838 4272 sm]
877 4211 1122 4261 Voculam
1143 4230 1196 4263 se
1217 4230 1280 4262 ex
1301 4213 1647 4263 emendatione
1664 4215 1728 4265 G.
1794 4216 1880 4265 sed
1928 4218 1991 4265 de
2038 4234 2243 4267 numam
2296 4235 2533 4268 annorum
2590 4222 2809 4283 definito,

712 4274 898 4335 Cuperi
931 4276 1114 4325 omittit
1139 4276 1320 4326 Stroth.
1378 4278 1533 4327 Nunc
1564 4280 1730 4329 adesse
1792 4294 1917 4340 quos
1938 4280 2150 4330 militare
2170 4282 2361 4345 equites
2380 4284 2642 4335 debebant.
2694 4286 2745 4335 N
2748 4304 2807 4336 on

711 4336 975 4397 legendum
997 4344 1162 4388 censet
1184 4338 1335 4389 Doer.
1794 4342 1923 4392 enim
1968 4358 2101 4393 nunc
2143 4347 2345 4395 demum
2390 4352 2523 4397 certa
2572 4352 2807 4411 pecunias
