3000 4784
211 264 258 315 ,
862 227 1054 293 LIB.
1103 226 1190 293 x,
1255 226 1474 294 cAP.
1524 236 1627 298 39.
2170 240 2291 303 θοι
2358 243 2379 251 ·

165 385 200 433 9
216 366 283 428 in
325 386 544 430 omnes
583 364 816 452 pariter
1035 388 1081 429 s.
1175 364 1274 429 Ibi
1317 388 1399 431 ex
1439 366 1600 431 libro
1636 380 1845 434 vetere
1888 370 2089 436 linteo
2130 372 2297 437 lecto
2318 388 2386 438 U.
2408 387 2467 437 c.
2493 402 2605 452 459·

171 479 192 513 1
213 452 650 529 sacrificatum,
679 474 820 515 sace
896 464 1002 515 ote
1028 450 1194 517 Ovio
1217 452 1436 517 Pactio
1465 453 1762 541 quodam,
1787 455 2043 522 homine
2068 480 2297 545 magno
2314 454 2375 502 A.
2411 453 2471 502 0·
2496 466 2605 516 293-

211 552 388 616 natu,
419 540 532 626 qui
559 561 628 603 se
657 538 726 601 id
755 560 998 603 sacrum
1027 551 1240 626 petere
1277 539 1622 605 affirmabat
1656 564 1739 605 ex
1768 556 2015 609 vetusta
2046 544 2297 609 Samni-
2313 516 2633 643 fflffiw

213 625 376 689 tium
409 624 753 725 religione3
799 646 928 711 qua
960 625 1282 711 quondam
1321 626 1418 690 usi
1458 627 1723 693 maiores
1756 652 1975 694 eorum
2008 631 2297 709 fuissent,
2314 643 2496 692 milites

163 736 194 769 α
213 734 414 797 quum
453 711 826 776 adlmendae
865 710 1146 775 Etruscis
1178 710 1439 799 Capuae
1479 713 1943 781 clandestinum
1983 717 2300 805 cepissent
2315 708 2611 757 Samnitium

212 798 562 864 consilium.
687 797 1007 862 Sacrificio
1069 798 1367 884 perfecte,
1427 822 1543 887 per
1597 801 1899 867 viatorem
1959 804 2299 891 imperator
2315 772 2557 898 23ffi⁰

213 884 402 949 acciri
466 885 725 949 iubebat
784 884 1240 949 nobilissimum
1273 908 1619 973 ,quemque
1676 911 1909 975 genere
1968 891 2295 979 factisque.
2314 902 2427 949 ritu.

217 970 466 1057 Singuli
497 972 1073 1036 introducebantur.
1155 969 1310 1035 Erat
1339 994 1539 1059 quum
1570 974 1729 1039 alius
1756 970 2091 1064 apparatus
2118 980 2298 1056 sacri,

213 1058 328 1145 qui
355 1056 732 1158 perfundere
761 1056 1065 1143 religione
1096 1057 1377 1121 animum
1406 1072 1651 1144 posset3
1696 1073 1835 1125 tum
1863 1064 1933 1126 in
1962 1062 2103 1128 loco
2132 1064 2303 1129 circa

211 1167 388 1209 omm
429 1156 720 1209 contecto
759 1166 900 1208 arae
939 1144 1010 1206 in
1048 1144 1280 1221 medio,
1310 1145 1728 1233 victimaeque
1764 1150 1933 1213 circa
1964 1172 2202 1227 caesae,
2234 1164 2301 1216 et

211 1232 688 1295 circumstantes
737 1230 1137 1295 centuriones
1187 1230 1416 1296 strictis
1464 1230 1708 1318 gladiis.
1820 1234 2301 1302 Admovebatur

211 1317 510 1382 altaribus
535 1317 736 1393 miles,
767 1316 964 1417 magis
1003 1330 1076 1381 ut
1102 1316 1376 1395 victima,
1407 1340 1599 1419 quam
1640 1333 1713 1383 ut
1750 1322 1907 1386 sacri
1938 1323 2295 1421 particeps:

211 1403 706 1491 adigebaturque
735 1403 1158 1481 iurelurandO,
1191 1426 1354 1491 quae
1382 1427 1518 1469 vrsa
1550 1405 1891 1493 auditaque
1932 1431 2003 1472 m
2042 1431 2121 1473 eo
2158 1409 2301 1475 loco

211 1504 438 1568 essent,
503 1513 636 1554 non
697 1491 1187 1555 enuntiatur-um.
1279 1490 1454 1556 Dein
1504 1492 1711 1557 iurare
1764 1496 2106 1581 cogebatur
2160 1496 2300 1560 diro

211 1577 488 1663 quodam
531 1577 828 1653 carmine,
865 1577 936 1640 in
983 1577 1478 1642 exsecrationem
1526 1579 1747 1665 capitis
1786 1580 2189 1668 familiaeque
2233 1594 2301 1646 et

209 1664 420 1751 stirpis
465 1664 833 1751 compotum,
873 1663 998 1727 nisi
1041 1663 1192 1727 isset
1236 1663 1306 1727 in
1351 1664 1680 1751 proelium,
1720 1689 1850 1753 quo
1890 1667 2299 1754 imperatores

209 1749 578 1815 duxissent:
627 1763 695 1815 et
733 1750 787 1814 si
826 1762 938 1813 aut
976 1750 1109 1836 ipse
1150 1772 1235 1814 ex
1262 1750 1394 1815 acie
1423 1751 1704 1839 fugisset⁹
1736 1765 1863 1830 aut,
1894 1754 1949 1818 si
1978 1776 2171 1840 quem
2198 1754 2301 1819 fu-

208 1838 489 1923 gientem
509 1837 786 1913 vidisset,
805 1858 938 1901 non
959 1835 1280 1923 extemplo
1303 1838 1650 1903 occidisset.
1712 1839 1793 1904 Id
1813 1840 2020 1927 primo
2037 1840 2299 1927 quidam

207 1924 560 1989 abnuentes
577 1925 888 1989 iuraturos
905 1945 992 1999 se,
1011 1923 1369 1988 obtruncati
1385 1925 1551 1989 circa
1569 1925 1797 1990 altaria
1804 1941 1985 1991 sunt:
2019 1927 2299 1993 iacentes

208 2009 444 2075 deinde
483 2011 650 2074 inter
687 2024 958 2095 stragem
985 2010 1381 2074 victimarum
1411 2009 1797 2076 documento
1842 2014 2065 2078 ceteris
2097 2013 2296 2092 fuere,

207 2118 292 2160 ne
320 2097 688 2161 abnuerent.
780 2095 1168 2161 Primoribus
1207 2094 1589 2161 Samnitium
1628 2120 1705 2161 ea
1732 2098 2148 2163 detestatione
2184 2101 2299 2165 ob-

161 2204 192 2251 3
207 2184 458 2259 strictis,
509 2184 733 2248 decem
782 2181 1122 2247 nominatis
1172 2183 1252 2246 ab
1300 2182 1677 2269 imperatooe
1730 2183 2031 2262 edictum,
2080 2198 2153 2249 ut
2201 2186 2300 2250 vir

207 2269 414 2333 virum
451 2269 754 2357 legerent⁹
785 2268 990 2333 donec
1033 2268 1351 2333 sexdecim
1397 2268 1667 2333 millium
1704 2292 2041 2335 numerum
2080 2272 2298 2337 confe-

207 2357 460 2420 cissent.
553 2355 652 2420 Ea
688 2355 853 2442 legio
892 2354 1156 2419 linteata
1193 2356 1272 2419 ab
1311 2356 1751 2442 integumento
1791 2358 2134 2457 consaepti‚
2166 2381 2296 2445 quo

205 2456 446 2507 sacrata
493 2441 786 2507 nobilitas
835 2454 986 2517 erat,
1039 2441 1353 2528 appellata
1401 2456 1514 2507 est.
1626 2441 1749 2506 His
1798 2464 1973 2508 arma
2023 2443 2298 2530 msignia

205 2529 372 2613 data,
397 2541 464 2593 et
491 2529 778 2594 cristatae
911 2550 1042 2617 eae,
1065 2539 1140 2592 ut
1167 2530 1336 2592 inter
1361 2542 1603 2593 ceteros
1632 2528 2001 2595 eminerent.
2070 2529 2295 2596 Paullo

205 2614 351 2702 plus
405 2616 632 2703 viginti
691 2614 801 2677 mil
848 2637 959 2678 um
1008 2613 1168 2679 alius
1223 2615 1539 2680 exercitus
1592 2615 1735 2693 fuit,
1786 2638 1908 2681 nec
1959 2640 2035 2681 co
2150 2638 2294 2682 rum

359 2702 437 2780 ἐ,
496 2724 618 2767 nec
673 2700 875 2789 gloria
927 2700 1098 2778 belli,
1155 2723 1277 2765 nec
1339 2716 1645 2789 apparatu
1700 2701 2001 2767 linteatae
2082 2704 2297 2790 egioni

256 2789 271 2804 ⁶
419 2837 434 2853 .
527 2788 656 2853 Hic
713 2787 1044 2852 hominum
1100 2810 1419 2866 numerus,
1473 2788 1650 2875 quod
1706 2788 1948 2853 roboris
2004 2802 2160 2867 erat,
2214 2789 2297 2855 ad

209 2875 625 2962 Aquiloniam
652 2872 956 2939 consedit.
2236 2952 2239 2955 ἦ

299 2961 614 3027 Consules
651 2961 914 3049 profecti
957 2961 1036 3025 ab
1076 2961 1232 3025 urbe
1253 2986 1272 3025 z
1319 2961 1491 3048 prior
1535 2960 1640 3049 Sp.
1672 2959 2007 3041 Carvilius,
2048 2964 2155 3028 cui
2188 2987 2297 3028 ve·
2420 2963 2523 3024 39.

208 3062 376 3113 teres
416 3048 716 3135 legione&
747 3070 904 3135 quas
945 3047 1040 3112 M.
1068 3047 1324 3125 Atilius,
1366 3050 1704 3136 superioris
1746 3050 1898 3113 anni
1940 3050 2181 3128 consul,
2226 3052 2295 3115 in
2314 3046 2569 3095 Samnium

207 3156 362 3221 agro
405 3133 818 3199 Interamnati
863 3134 976 3198 reli
1025 3147 1219 3212 uerat,
1261 3134 1551 3199 decretae
1599 3150 1797 3200 erant.
1892 3135 2063 3200 Cum
2107 3137 2185 3200 iis
2227 3137 2297 3200 in
2314 3115 2504 3224 ἔξω

159 3240 192 3282 4
215 3221 544 3287 Samnium
589 3222 925 3308 profectus,
1015 3242 1122 3284 um
1165 3221 1398 3298 hostes,
1442 3222 1685 3309 operati
1730 3244 1805 3285 su
1887 3222 2295 3301 rstitionibus,

163 3332 191 3380 5
209 3308 480 3374 concilia
505 3321 747 3372 secreta
774 3318 990 3395 agunt,
1023 3306 1430 3371 Amiternum
1458 3306 1765 3394 oppidum
1840 3330 1876 3371 e
1910 3306 2298 3373 Samnitibus

209 3395 273 3459 vi
313 3396 500 3482 cepit.
595 3393 799 3459 Caesa
834 3394 926 3459 ibi
963 3392 1162 3457 millia
1197 3394 1530 3457 hominum
1558 3393 1689 3458 duo
1722 3393 1919 3457 ferme
1962 3407 2154 3481 atque
2191 3418 2299 3460 oc-

212 3482 524 3567 tingenti:
572 3492 758 3568 capta
793 3494 1092 3569 quattuor
1133 3478 1332 3543 millia
1367 3478 1627 3544 ducenti
1670 3480 2083 3567 septuaginta.
2174 3482 2299 3547 Pa-

161 3582 194 3632 6
211 3568 428 3654 pirius‚
456 3590 624 3633 novo
653 3569 938 3633 exercitu
963 3568 1084 3653 (ita
1111 3566 1438 3631 decretum
1467 3564 1632 3653 erat)
1660 3567 1910 3654 scripto,
1942 3566 2298 3635 Duroniam

275 3812 307 3859 9
339 3798 424 3845 Ea·
449 3798 573 3844 libro
601 3804 758 3846 vetere
790 3797 938 3844 linteo
962 3797 1104 3857 teoto]
1142 3794 1222 3843 Ex
1288 3794 1430 3856 Supr.
1454 3794 1518 3843 iv.
1544 3806 1620 3857 37.

213 3860 338 3907 libro
359 3866 521 3909 vetere
541 3860 711 3919 linteo,
733 3859 817 3921 qui
850 3859 1006 3907 lectus
1035 3860 1224 3915 sueram
1353 3872 1381 3920 3
1425 3860 1513 3907 Vir
1532 3862 1693 3909 virum
1713 3863 1951 3923 leym-one]
1984 3862 2045 3911 cf.
2068 3862 2210 3924 Supr.
2234 3862 2299 3911 ix.

211 3938 392 3985 nempe
411 3926 476 3973 ab
496 3924 585 3973 illo
602 3924 729 3973 Ovio
748 3924 944 3983 Paccio,
966 3922 1049 3985 qui
1071 3938 1222 3972 sacer-
1289 3936 1364 3986 39.

216 3989 303 4036 dos
339 3988 485 4036 huius
515 3988 636 4037 sacri
668 3988 797 4046 fuit3
831 3994 882 4036 et
913 3988 1112 4036 fortasse
1145 4002 1222 4035 co-
1351 4004 1382 4047 4
1405 3990 1635 4051 Ope-rati]
1655 3988 1907 4037 Sacrorum
1924 3989 2139 4037 verbum.
2165 3987 2299 4050 Virg.

215 4066 320 4166 {jam
347 4052 640 4115 imperatore
660 4057 711 4100 et
732 4052 1004 4115 praecipuis
1025 4052 1223 4101 ducum.
1291 4051 1468 4163 ffioregf
1492 4052 1525 4101 i.
1552 4055 1823 4127 3392100&
1846 4058 2075 4113 operam
2106 4054 2162 4099 in
2192 4052 2303 4101 her-

264 4130 379 4165 aav.
1364 4152 1376 4164 .
1461 4152 1473 4164 .
1498 4132 1555 4164 su
1591 4132 1629 4165 r.
1652 4132 1684 4164 ι.
1708 4130 1787 4175 31.

289 4195 308 4226 1
333 4181 700 4242 Sacrificatum]
725 4178 960 4239 Consilio,
971 4185 1029 4227 ut
1041 4180 1228 4228 animos
1358 4192 1385 4241 5
1417 4132 1751 4239 Amicii-uma]
1811 4177 2063 4239 Oppidum
2094 4178 2147 4226 in
2178 4179 2301 4227 anti-

217 4245 432 4292 militum
478 4244 770 4293 Samnitium
815 4249 983 4293 contra
1034 4245 1226 4293 solitam
1293 4258 1390 4303 quo
1411 4243 1700 4292 sabinorum
1722 4258 1849 4304 agro.

221 4308 486 4357 Deciorum
508 4308 816 4357 devotionem
837 4310 1191 4357 confirmarent.
1361 4304 1393 4354 6
1432 4308 1734 4366 Duroniam]
1804 4305 1969 4354 Huius
2010 4305 2142 4354 urbis
2182 4306 2305 4354 situs

285 4388 312 4421 2
339 4374 640 4423 Adimendae
659 4375 883 4422 Etruscis
903 4374 1128 4435 Capuae]
1167 4372 1226 4420 cf.
1293 4384 1486 4432 prorsus
1530 4370 1791 4431 ignoratur,
1828 4370 1869 4419 si
1904 4368 2205 4420 Niebuhrius
2234 4370 2301 4420 iii.
