3000 4784
410 353 479 405 U.
502 353 561 402 C.
587 365 696 418 459.

408 419 469 468 A.
503 419 562 469 C.
588 431 697 482 293.

406 965 652 1016 Pocillum

402 1031 549 1080 mulsi
572 1047 650 1079 vo-

402 1099 510 1142 tum
534 1095 659 1145 Iovi.

506 1217 612 1278 43.

400 2005 683 2055 Cominium

399 2087 433 2118 a
455 2069 668 2119 Carvilio

401 2140 618 2196 captum.

740 213 865 274 606
1513 207 1740 274 ΤῙΤῙ

742 345 1123 410 Samnitium
1158 345 1357 410 millia

736 433 937 497 millia
964 433 1313 548 octingenti
1346 445 1413 498 et
1446 455 1513 497 se

734 533 996 606 septem.

732 605 929 670 alium
957 607 1187 670 ducem
1226 605 1550 670 laetiorem
1591 605 1660 669 in
1699 606 1832 670 acie
1863 606 2085 683 visum,
2125 629 2238 670 seu
2275 619 2516 693 suopte
2559 607 2574 620 ‘

1799 207 2068 276 LIVII

1390 345 1649 433 triginta
1683 348 1950 411 trecenti
1979 346 2443 434 quadraginta:
2493 359 2674 433 capta
2705 347 2796 409 tria

1561 433 1882 520 tuaginta:
1929 433 2108 520 signa
2147 433 2454 498 militaria
2491 433 2799 518 nonaginta

1113 517 1418 584 (aeterum
1476 521 1499 582 i
1551 519 1637 583 ud
1695 520 2032 584 memoriae
2091 519 2388 596 traditur,
2453 541 2590 584 non
2635 519 2798 583 ferme

2555 606 2800 703 maesia

732 715 845 758 seu
881 693 1115 757 fiducia
1156 693 1319 756 bene
1364 691 1686 779 gerundae
1730 691 1840 756 rei.
1931 693 2040 757 Ab
2085 693 2310 758 eodem
2359 693 2599 757 robore
2639 713 2802 756 amtm

732 801 943 865 neque
972 791 1374 844 controverso
1403 779 1684 865 auspicio
1712 780 1988 843 revocari
2018 803 2056 843 a
2083 779 2322 866 proelio
2351 780 2619 866 potuit;
2663 791 2722 842 et
2751 779 2804 840 in

730 864 869 951 ipso
908 864 1291 942 discrimine,

731 964 884 1029 erat,
912 965 1170 1017 voverat
1198 950 1337 1016 Iovi

1322 888 1451 1014 qu'o
1492 865 1731 953 templa
1767 865 1890 928 diis
1931 865 2394 931 immortalibus
2436 865 2660 930 voveri
2698 885 2806 927 mus

1428 952 1633 1028 ictori,
1663 951 1718 1016 si
1755 951 2036 1038 legiones
2074 951 2348 1016 hostium
2385 952 2684 1027 fudisset,
2715 971 2840 1036 po·9

730 1037 946 1102 cillum
986 1038 1173 1102 mulsi
1212 1039 1405 1125 prius,
1482 1060 1630 1102 uam
1675 1051 1978 1102 temetum
2017 1039 2278 1115 biberet,
2305 1061 2454 1103 sese
2497 1039 2834 1102 facturum

732 1122 811 1187 Id
838 1138 1056 1190 votum
1088 1126 1211 1189 diis
1238 1125 1414 1189 cordi
1468 1125 1598 1189 uit:
1647 1136 1712 1188 et
1741 1125 2018 1212 auspicia
2045 1125 2114 1188 in
2143 1126 2385 1190 bonum
2417 1137 2758 1190 verterunt.

820 1211 1065 1276 Eadem
1086 1211 1341 1275 fortuna
1368 1212 1447 1276 ab
1474 1211 1674 1275 altero
1701 1211 1957 1275 consule
1987 1211 2068 1275 ad
2097 1211 2494 1312 Cominium·
2509 1224 2687 1299 gesta
2709 1229 2802 1272 res.

2891 5 2933 431 l

2918 440 2939 567 1

2930 602 2953 988 l

732 1297 947 1364 Prima
974 1298 1161 1375 luce,
1214 1297 1296 1362 ad
1354 1297 1607 1362 moenia
1654 1297 1949 1362 omnibus
1997 1298 2196 1384 copiis
2246 1298 2551 1375 admotis,
2599 1317 2806 1361 corona.
2950 1237 2953 1306 Α

730 1385 935 1450 cinxit
978 1385 1237 1460 urbem;
1296 1384 1700 1470 subsidiaque
1751 1383 1952 1461 firma,
2005 1407 2088 1448 ne
2139 1407 2270 1470 qua
2315 1386 2587 1472 eruptio
2633 1383 2806 1454 fieret,

814 1471 927 1536 rtis
962 1471 1275 1559 opposuit.
1366 1469 1504 1534 Iam
1533 1471 1783 1557 signum
1821 1469 2082 1534 dantem
2125 1493 2274 1534 eum
2302 1474 2585 1536 nuntius
2621 1493 2660 1534 a
2697 1466 2804 1532 col-

752 1579 872 1645 ega
914 1558 1197 1646 trepidus
1240 1557 1323 1622 de
1362 1556 1590 1644 viginti
1633 1555 1987 1620 cohortium
2021 1556 2298 1622 adventu
2341 1571 2412 1624 et
2459 1559 2550 1622 ab
2587 1557 2803 1642 impetu

728 1656 1005 1709 moratus
1033 1656 1147 1721 est,
1168 1658 1233 1709 et
1262 1657 1504 1731 partem
1533 1643 1856 1730 copiarum
1885 1665 2176 1708 revocare
2205 1644 2594 1710 instructam
2621 1643 2802 1707 inten-
2948 1665 2953 1732 1

729 1744 985 1817 tamque
1043 1729 1125 1794 ad
1182 1729 1680 1829 oppugnandum
1737 1729 1963 1816 coegit.
2056 1729 2140 1794 D.
2191 1729 2470 1795 Brutum
2525 1729 2800 1795 Scaevam

726 1813 1004 1901 legatum
1048 1838 1195 1880 cum
1252 1815 1313 1879 le
1380 1837 1502 1879 one
1553 1815 1758 1902 prima
1807 1829 1874 1880 et
1922 1817 2145 1881 decem
2193 1817 2572 1883 cohortibus
2622 1813 2800 1880 alariis
2948 1819 2953 1908 1

728 1902 1142 1988 equitatuque
1160 1902 1252 1965 ire
1364 1923 1580 1965 versus
1601 1902 1948 1967 subsidium
1967 1903 2242 1968 hostium
2265 1904 2486 1970 iussitz
2538 1923 2796 1990 quocun·

727 2010 853 2074 que
882 1987 951 2052 in
980 1987 1119 2052 loco
1136 1987 1355 2052 fuisset
1382 1986 1622 2065 obvius,
1641 1987 1969 2054 obsisteret
1989 2013 2062 2054 ac
2091 2004 2482 2068 moraretur3
2533 2007 2798 2054 manum·

726 2097 873 2161 que,
904 2075 957 2140 si
978 2074 1139 2140 forte
1168 2075 1260 2139 ita
1284 2097 1385 2139 res
1498 2088 1720 2151 sceret,
1745 2075 2091 2140 conferret:
2139 2076 2330 2141 modo
2359 2099 2448 2142 ne
2481 2076 2568 2142 ad
2599 2073 2792 2140 Comi-

724 2162 905 2226 nium
948 2184 1059 2226 eae
1104 2163 1323 2248 copiae
1458 2161 1694 2226 moveri
1733 2175 2008 2248 possent.
2099 2160 2242 2249 Ipse
2285 2163 2487 2229 scalas
2541 2162 2684 2227 ferri
2727 2156 2794 2222 ad

726 2271 936 2312 muros
979 2249 1058 2313 ab
1102 2249 1277 2312 omni
1268 2261 1495 2399 ιιιρειι-ιε
1539 2247 1709 2312 urbis
1733 2248 1949 2325 iussit,
1995 2271 2068 2314 ac
2111 2250 2432 2314 testudine
2479 2249 2566 2314 ad
2607 2259 2790 2336 portas
2944 2223 2954 2332 l

724 2335 1035 2400 successit.
1132 2335 1265 2400 Sim
1374 2347 1441 2398 et
1480 2333 1984 2421 refringebantur
2023 2348 2261 2422 portae,
2289 2349 2358 2400 et
2386 2338 2485 2402 vis
2531 2333 2682 2401 undi
2723 2353 2790 2394 ue
2952 2357 2953 2361 ¹

722 2423 791 2485 in
822 2443 1032 2486 muros
1062 2421 1270 2486 fiebat.
1366 2420 1699 2498 Samnites,
1730 2421 1910 2497 sicut,
1943 2435 2088 2486 ante
2135 2445 2282 2486 uam
2311 2423 2378 2486 in
2411 2423 2614 2488 muris
2637 2421 2696 2484 vi
2735 2439 2790 2480 e-
2940 2387 2952 2474 l

724 2521 869 2573 rent
910 2521 1199 2585 armatOS,
1228 2507 1379 2572 satis
1420 2506 1616 2570 animi
1645 2507 2005 2572 habuerunt
2171 2509 2604 2596 prohibendos
2631 2503 2786 2586 *urbis

724 2593 903 2659 aditu
932 2595 1175 2670 hostes;
1223 2595 1330 2671 ita,
1354 2607 1688 2681 postquam
1718 2595 1844 2658 iam
1871 2617 2004 2659 non
2043 2618 2125 2659 ex
2155 2595 2487 2661 intervallo
2516 2618 2634 2660 nec
2661 2591 2788 2656 mis-
2946 2568 2952 2730 Ι

724 2679 961 2759 silibus,
992 2681 1103 2746 sed
1147 2683 1433 2746 cominus
1461 2681 1796 2766 gerebatur
1828 2703 1963 2757 res3
2011 2694 2095 2758 et,
2127 2683 2240 2782 qui
2277 2705 2466 2769 aegre
2497 2699 2786 2748 successe·-

724 2781 869 2832 rant
892 2790 976 2832 ex
1002 2766 1193 2855 plano
1222 2769 1291 2832 in
1320 2789 1550 2844 muros,
1580 2766 1739 2846 loce,
1770 2791 1963 2855 quem
1998 2789 2195 2855 magis
2223 2769 2590 2846 timuerant,
2619 2767 2781 2836 victo,

724 2853 904 2918 facile
952 2854 1021 2916 in
1071 2853 1315 2918 hostem
1366 2854 1674 2941 imparem
1719 2876 1803 2918 ex
1847 2877 2052 2941 aequo
2103 2855 2513 2942 pugnabant3
2575 2849 2780 2919 relictis

726 2939 1001 3004 turribus
1052 2941 1391 3026 murisque,
1440 2941 1512 3003 in
1567 2940 1773 3004 forum
1829 2963 2048 3006 omnes
2093 2941 2418 3028 compulsi,
2469 2940 2782 3030 paullisper

726 3024 875 3090 inde
928 3039 1331 3090 tentaverunt
1388 3039 1737 3090 extremam
1838 3050 1880 3090 u
1970 3051 2043 3091 ae
2101 3029 2434 3093 fortunam.
2525 3022 2774 3096 Deinde,

724 3111 982 3178 abiectis
1008 3111 1216 3190 armis,
1247 3111 1330 3176 ad
1357 3112 1656 3177 undecim
1685 3049 2240 3178 miliiaqi‘ominum
2261 3128 2328 3180 et
2355 3107 2774 3201 quadringenti

722 3200 791 3263 in
820 3199 1013 3265 fidem
1040 3199 1315 3265 consulis
1341 3211 1684 3264 venerunt:
1733 3221 1913 3264 caesa
1939 3199 2022 3266 ad
2049 3213 2349 3286 quattuor
2375 3202 2576 3267 millia
2601 3197 2777 3266 octin-

720 3287 896 3373 genti
928 3287 1261 3374 octoginta.

783 3474 816 3523 9
848 3461 1086 3508 Paculam
1116 3459 1258 3507 mulsi
1292 3494 1305 3506 .
1330 3493 1341 3506 .
1366 3493 1378 3506 .
1404 3493 1416 3506 .
1438 3459 1723 3525 sucturum]

722 3523 883 3586 Magis
916 3525 1130 3586 placeret
1152 3537 1263 3571 cum
1288 3521 1523 3571 Douiatio
1553 3522 1728 3583 legere,

716 3587 891 3648 pocillo
912 3589 1055 3637 mulsi
1065 3589 1342 3647 sucturum,
1362 3586 1556 3649 supple,
1569 3601 1726 3634 sacra:

722 3651 1134 3710 quemadmodum
1175 3652 1307 3713 apud
1336 3651 1471 3714 Virg.
1512 3650 1620 3699 Ecl.
1661 3648 1728 3698 iii.

723 3715 1085 3773 Quumsaoiam
1106 3717 1278 3764 vitula.
1324 3717 1550 3764 Mulsum
1569 3719 1642 3763 est
1665 3713 1730 3762 vi-

722 3791 841 3826 num
882 3777 1032 3824 melle
1072 3781 1415 3839 temperatum,
1452 3778 1588 3840 potio
1627 3778 1730 3825 lau-

722 3841 971 3890 datissima
1000 3842 1134 3903 apud
1168 3847 1365 3890 veteres.
1401 3843 1561 3890 Caav.
1627 3842 1732 3890 Aut

709 3909 969 3969 facturum
1000 3904 1195 3969 proprio
1224 3919 1367 3952 sensu
1395 3905 1444 3953 h.
1473 3907 1507 3953 1.
1537 3904 1728 3967 capien-

722 3973 858 4031 dum,
878 3971 969 4021 etsi
1001 3985 1098 4019 non
1124 3969 1227 4018 sine
1248 3975 1470 4030 respectu
1490 3967 1730 4028 sacrificii,

724 4038 799 4084 vel
836 4051 947 4085 cum
983 4035 1137 4085 Drak.
1166 4033 1469 4082 referendum
1503 4033 1566 4082 ad
1599 4047 1728 4080 com-

722 4100 1009 4164 positionem
1052 4100 1213 4158 muhi,
1247 4097 1379 4158 quod
1416 4113 1479 4145 ex
1523 4096 1636 4144 vino
1678 4101 1728 4144 et

720 4164 871 4212 melle
892 4163 1251 4216 conficiebatur.
1265 4161 1397 4210 unde
1414 4161 1499 4210 Gr.
1523 4157 1728 4220 οἰνόμελι

720 4228 923 4277 dictum.
968 4229 1197 4278 Ceterum
1214 4225 1395 4276 Stroth.
1406 4225 1506 4273 iam
1522 4224 1728 4284 monuit,

719 4292 814 4338 hoc
848 4299 1031 4350 votum,
1063 4292 1193 4352 quod
1230 4305 1329 4339 non
1366 4291 1606 4352 templum
1639 4293 1728 4337 aut

719 4353 821 4399 tale
842 4353 959 4413 quid
990 4354 1151 4414 magni
1182 4354 1445 4412 contineat,
1466 4355 1550 4402 sed
1573 4353 1636 4401 ad
1660 4354 1726 4400 vi-

1791 3473 1912 3506 num
1955 3463 2005 3507 et
2051 3457 2288 3508 laetitiam
2336 3466 2540 3521 spectet,
2585 3459 2770 3514 adeoqu‘

1791 3521 1892 3570 fere
1929 3521 2142 3572 iocosum
2181 3523 2263 3580 sit,
2294 3523 2450 3571 afferri
2495 3523 2560 3572 ad
2599 3521 2770 3586 probtn·

1794 3587 1930 3644 dum,
1951 3601 2051 3635 non
2070 3589 2232 3648 sen-me
2259 3589 2414 3635 aliun·
2441 3589 2680 3636 laetiore-⁸
2701 3581 2770 3628 δῦ·

1793 3667 1892 3700 cem
1913 3652 1970 3698 in
1989 3652 2096 3700 acie
2115 3653 2286 3700 vitum.
2335 3651 2486 3700 Mulei
2503 3659 2662 3700 autem
2675 3657 2767 3694 um

1796 3715 2035 3764 Romanis
2065 3719 2170 3764 tum
2204 3715 2255 3764 in
2290 3714 2437 3765 sactis
2467 3715 2580 3772 fuit,
2611 3721 2700 3764 tum
2725 3707 2764 3754 in
2943 3725 2945 3776 η

1795 3779 1981 3828 deliciis
2006 3783 2058 3827 et
2083 3779 2132 3828 in
2162 3779 2422 3842 triumphis
2439 3779 2770 3836 amoribusque,
2943 3781 2946 3828 l

1794 3842 1846 3891 in
1867 3843 2042 3905 quibus
2061 3843 2242 3892 milites
2261 3849 2312 3892 et
2333 3845 2478 3892 funus
2510 3851 2764 3911 prosaque-2¹„-

1795 3913 1869 3956 ιω
1905 3923 1963 3955 eo
2001 3909 2318 3956 donabantur.
2367 3908 2428 3957 cf.
2459 3907 2568 3957 infr.
2598 3913 2766 3956 mml-

1795 3983 1872 4033 55.
1907 3971 2048 4020 Varr.
2065 3973 2128 4020 de
2145 3973 2208 4021 R.
2229 3973 2292 4021 R..
2309 3972 2376 4022 iii.
2397 3970 2468 4021 16.
2499 3970 2628 4020 Plin.
2643 3963 2768 4019 RN.

1792 4035 1892 4083 xiv.
1921 4045 1991 4096 17.
2028 4035 2158 4086 Rue.

1865 4114 1882 4147 ι
1925 4101 2189 4159 Tenwtum]
2227 4099 2414 4148 Vinum
2446 4099 2604 4162 prisea
2631 4097 2766 4156 lingua

1791 4167 2026 4211 temetum
2060 4164 2352 4225 appellatur.
2386 4165 2447 4212 A.
2478 4164 2609 4213 Gell.
2639 4177 2679 4210 x.
2707 4169 2764 4230 ιβ.

1792 4227 2024 4276 Ceterum
2055 4226 2280 4289 Papirius
2315 4228 2465 4290 patris
2497 4227 2700 4276 indolem
2723 4233 2760 4268 ¹¹¹

1791 4306 1844 4338 re
1875 4291 2076 4353 potandi
2105 4292 2324 4340 retulisse
2347 4292 2548 4340 videtur.
2579 4292 2641 4341 cf.
2663 4299 2763 4348 supr·

1791 4353 1954 4404 ix..16.
1991 4355 2040 4403 N
2045 4355 2195 4403 iebhr.
2219 4355 2286 4404 iii.
2307 4372 2354 4406 n.
2377 4354 2486 4405 660.
