3000 4784
879 224 1071 297 LIB.
1114 228 1231 297 IV.
1297 228 1521 297 CAP.
1571 233 1630 295 3.
2180 232 2302 298 227

203 367 230 399 ⁸
246 360 545 427 consules
582 360 735 427 fore.
829 364 937 429 Ne
976 366 1047 429 id
1086 363 1333 453 Iupiter
1373 366 1652 452 optimus
1691 364 2004 429 maximus
2045 364 2300 442 sineret,
2324 374 2392 426 U.
2415 377 2477 426 c,
2499 390 2607 439 310.

145 469 183 519 9
204 455 227 485 ‘
250 448 471 533 regiae
528 450 873 515 maiestatis
930 452 1269 538 imperium
1320 474 1399 515 eo
1456 450 1774 516 recidere:
1837 464 1904 516 et
1953 472 2022 515 se
2073 450 2302 515 millies
2321 441 2382 490 A.
2414 442 2476 491 ⁰·
2497 456 2612 502 442-

202 541 225 569 ‘
244 534 589 599 morituros
614 536 849 621 potins,
881 558 1073 623 quam
1114 549 1187 601 ut
1216 550 1461 601 tantum
1494 537 1824 601 dedecoris
1851 537 2101 601 admitti
2139 538 2312 624 pati--⁴

201 626 225 655 ‘
242 633 457 683 antur.
552 619 821 686 Certum
866 622 1118 699 habere,
1166 623 1431 687 maiores
1474 644 1753 709 quoque,
1797 623 1852 687 si
1895 622 2301 701 divinassent,

200 713 223 741 ‘
250 705 673 771 concedendo
710 708 925 773 omnia
960 731 1089 772 non
1118 708 1435 773 mitiorem
1466 710 1535 772 in
1572 732 1638 773 se
1665 708 1939 795 plebem,
1969 708 2084 773 sed
2121 732 2303 795 aspe-

200 798 225 829 ‘
244 792 506 869 riorem,
550 792 675 856 alia
722 814 805 857 ex
853 794 991 858 aliis
1036 794 1357 881 iniquiora
1404 794 1804 881 postulando,
1850 815 2052 881 quum
2095 794 2304 882 prima

200 884 225 914 ‘
250 878 719 963 impetrassent,
738 879 1035 957 futuram,
1054 882 1263 967 primo
1286 880 1638 967 quamlibet
1653 880 2128 945 dimicationem
2151 882 2302 946 sub-

200 964 459 1028 ‘ituros
485 963 677 1029 fuisse
711 966 942 1052 potine,
974 988 1168 1052 quam
1207 988 1313 1031 eas
1356 966 1529 1053 leges
1571 965 1688 1029 sibi
1729 965 1972 1053 imponi
2007 981 2302 1053 pateren-

200 1057 223 1085 ‘
244 1064 375 1113 tur.
472 1050 647 1125 Quia
674 1064 811 1114 tum
842 1073 1209 1116 concessum
1240 1052 1322 1116 sit
1350 1052 1431 1116 de
1464 1052 1752 1129 tribunis,
1783 1051 2014 1116 iterum
2045 1073 2304 1118 conces-

146 1159 172 1193 1
200 1142 225 1172 ‘
248 1158 403 1199 sum
431 1158 583 1200 esse.
678 1136 903 1201 Finem
934 1160 1065 1201 non
1094 1138 1233 1202 fieri
1258 1162 1275 1201 τ
1324 1160 1453 1201 non
1484 1160 1668 1223 posse
1697 1138 1764 1201 in
1794 1138 2020 1203 eadem
2049 1138 2303 1204 civitate

198 1230 223 1258 ‘
248 1222 545 1287 tribunos
588 1222 797 1309 plebis
843 1238 909 1287 et
960 1224 1185 1288 Patres
1230 1246 1404 1288 esse:
1468 1237 1580 1287 aut
1623 1222 1796 1287 hunc
1839 1222 2149 1299 ordinem,
2195 1237 2306 1289 aut

197 1316 223 1345 ‘
246 1308 439 1371 illum
470 1310 903 1395 magistratum
944 1308 1295 1374 tollendum
1327 1331 1504 1372 esse:
1551 1308 1890 1395 potiusque
1920 1330 2080 1385 sero,
2158 1332 2305 1374 uam

198 1401 224 1430 ‘
247 1416 587 1480 nunquam
616 1394 869 1459 obviam
898 1395 1182 1460 eundum
1213 1394 1514 1460 audaciae
1539 1394 2026 1481 temeritatique.
2177 1395 2304 1459 line

140 1509 175 1542 α
199 1488 223 1517 ‘
250 1493 329 1544 ut
378 1480 641 1566 impune
732 1481 895 1545 rimo
945 1482 1291 1547 discordias
1343 1492 1623 1545 serentes
1668 1480 1990 1545 concitent
2033 1480 2307 1546 finitima

196 1572 223 1603 ‘
249 1564 425 1631 bella
440 1589 477 1641 3,
519 1565 673 1630 dein
718 1589 756 1631 e
815 1566 1113 1631 adversus
1170 1590 1266 1645 ea,
1326 1588 1493 1654 quae
1551 1566 2026 1644 concitaverint,
2079 1568 2306 1631 armari

197 1660 221 1689 ‘
246 1652 577 1716 civitatem
600 1651 985 1740 defendique
1017 1653 1433 1740 prohibeant?
1476 1665 1562 1730 et,
1588 1676 1788 1739 quum
1815 1650 2028 1718 hostes
2057 1666 2304 1717 tantum

198 1746 223 1776 ‘
250 1760 389 1802 non
433 1738 848 1816 arcessierint,
884 1740 1201 1803 exercitus
1240 1739 1552 1804 conscribi
1591 1739 1890 1804 adversus
1927 1739 2140 1803 hostes
2175 1760 2305 1804 non

200 1833 224 1862 ‘
248 1824 625 1910 padantur?
672 1823 801 1888 Sed
838 1824 1070 1889 audeat
1109 1823 1457 1889 Canuleius
1500 1825 1569 1888 in
1605 1839 1832 1890 senatu
1870 1824 2184 1926 proloqui,
2215 1848 2302 1903 se,

200 1918 225 1947 ‘
249 1909 381 1973 nisi
409 1930 554 1973 suas
587 1908 761 1997 leges
800 1924 911 1975 tan
958 1932 1105 1975 uam
1138 1910 1393 1975 victoris
1432 1911 1656 1975 Patres
1691 1912 1890 1999 accipi
1931 1912 2161 1989 sinant,
2192 1912 2307 1976 de-

200 1996 496 2060 ‘lectum
554 1994 776 2060 haberi
834 2018 951 2096 pro
996 1997 1319 2060 ibiturum.
1426 1996 1608 2072 Quid
1663 2020 1798 2061 esse
1857 1997 2050 2075 aliud,
2113 2021 2305 2084 quam

202 2092 225 2121 ‘
250 2081 506 2159 minari,
560 2103 629 2145 se
680 2080 1081 2168 proditurum
1126 2082 1448 2169 patriam?
1521 2083 1876 2169 oppugnari
1921 2096 2114 2169 atque
2163 2084 2302 2170 capi

202 2178 225 2207 ‘
250 2189 587 2255 passurum
610 2168 641 2231 i’
689 2167 870 2242 Quid
908 2190 1048 2232 eam
1090 2190 1314 2232 vocem
1358 2168 1736 2246 animorum,
1778 2190 1909 2233 non
1997 2167 2125 2233 lebi
2171 2168 2307 2233 Ro-

202 2263 229 2293 ‘
254 2276 501 2331 manae,
544 2252 661 2317 sed
704 2252 953 2318 Volscis
995 2266 1063 2317 et
1108 2254 1357 2340 Aequis
1398 2266 1466 2318 et
1517 2253 1890 2321 Veientibus
1993 2253 2308 2319 laturam?

202 2349 227 2379 ‘
254 2339 520 2417 Nonne,
572 2338 890 2404 Canuleio
931 2338 1115 2416 duce,
1162 2362 1229 2403 se
1274 2353 1630 2426 speraturos
1677 2338 2070 2441 Capitolium
2113 2354 2306 2428 atque

202 2435 227 2465 ‘
250 2448 465 2491 arcem
512 2425 817 2491 scandere
862 2446 1065 2513 posse,
1110 2425 1165 2488 si
1208 2424 1506 2489 Patribus
1547 2425 1805 2501 tribum,
1851 2446 1999 2488 cum
2049 2425 2186 2489 iure
2231 2448 2306 2489 ac

203 2522 229 2551 ‘
246 2512 577 2577 maiestate
630 2511 945 2598 adempta,
994 2511 1241 2575 animos
1292 2510 1484 2574 etiam
1533 2510 1929 2597 eripuerint?
1992 2508 2308 2575 Consules

203 2608 229 2637 ‘
252 2612 505 2683 paratos
532 2620 669 2663 esse
697 2596 893 2662 duces
921 2598 1099 2684 prius
1125 2594 1424 2663 adversus
1452 2593 1656 2659 scelus
1684 2595 1938 2672 civium,
1969 2617 2162 2681 quam
2191 2596 2306 2661 ad-

200 2693 227 2723 ‘
251 2706 471 2749 versus
500 2682 778 2749 hostium
808 2684 1019 2747 anna-²
1358 2752 1363 2757 ,

302 2769 527 2844 Quum
558 2770 830 2834 maxime
861 2768 1019 2833 haec
1048 2769 1118 2833 in
1157 2781 1381 2834 senatu
1410 2780 1768 2869 agerentur,
1804 2767 2153 2833 Canuleius
2185 2790 2304 2856 pro
2451 2773 2510 2833 3.

200 2856 457 2943 legibus
500 2855 630 2920 suis
671 2868 741 2919 et
782 2854 1080 2919 adversus
1122 2854 1414 2920 consules
1456 2868 1547 2919 lta
1588 2854 1916 2921 disseruit:
1966 2864 1987 2893 ‘
2013 2855 2306 2931 Quanto·
2325 2852 2554 2929 canuleii

206 2952 231 2981 ‘
334 2964 403 3005 re
445 2964 578 3018 vos,
621 2939 927 3017 Quirites,
968 2953 1450 3007 contemnerent
1488 2940 1729 3018 Patres,
1771 2964 1965 3029 quam
2009 2941 2308 3029 indignos
2323 2924 2592 3031 fraffinpro

204 3038 229 3067 ‘
248 2964 585 3104 giioerent,
626 3027 739 3113 qui
767 3050 898 3091 una
926 3049 1141 3091 secum
1186 3028 1340 3091 urbe
1372 3027 1540 3092 intra
1578 3027 1805 3092 eadem
1844 3028 2100 3094 moenia
2132 3029 2309 3095 vive·
2324 2996 2439 3095 aiffa

204 3124 231 3154 ‘
254 3114 428 3190 retis,
458 3134 647 3199 saepe
678 3111 977 3199 equidem
1009 3126 1075 3176 et
1103 3125 1253 3177 ante
1282 3112 1508 3177 videor
1533 3114 2086 3191 animadvertisse3
2134 3137 2306 3179 nunc

204 3210 231 3241 ‘
256 3214 475 3265 tamen
504 3198 800 3274 maxime,
832 3196 1007 3284 quod
1046 3197 1207 3262 adeo
1247 3211 1488 3263 atroces
1519 3200 1588 3261 in
1627 3198 1742 3262 has
1769 3200 2128 3285 rogationes
2161 3222 2308 3264 nos-

204 3296 229 3325 ‘
250 3298 380 3351 tras
426 3284 625 3349 coorti
671 3295 854 3347 sunt:
918 3283 1151 3369 quibus
1200 3282 1360 3370 quid
1409 3282 1585 3347 aliud
1627 3306 1820 3370 quam
1871 3283 2312 3362 admonemus,

206 3372 423 3435 ‘cives
450 3392 568 3435 nos
596 3390 815 3434 eorum
846 3390 1000 3445 esse,
1032 3381 1117 3445 et,
1148 3369 1202 3432 si
1230 3390 1363 3432 non
1393 3367 1646 3432 easdem
1689 3391 1841 3455 opes
1867 3368 2122 3447 habere,
2154 3394 2308 3436 ean-

206 3467 233 3498 ‘
254 3457 407 3523 dem
437 3470 651 3521 tamen
678 3454 945 3542 patriam
972 3453 1293 3519 incolere?
1338 3453 1564 3517 Altera
1591 3454 1979 3519 connubium
2007 3456 2309 3543 petimus,

152 3572 189 3620 3
210 3554 235 3583 ‘
254 3542 437 3631 quod
472 3541 761 3606 finitimis
803 3540 1211 3627 externisque
1257 3538 1394 3603 dari
1436 3537 1632 3603 soletz
1687 3562 1806 3604 nos
1847 3540 2110 3627 quidem
2153 3543 2307 3607 civi-

276 3776 311 3825 9
332 3762 519 3822 Reoiae
534 3760 801 3810 maiestatis
814 3760 1100 3821 imperium]
1130 3758 1229 3807 Im·
1294 3764 1382 3807 est.
1418 3758 1528 3809 infr.
1564 3774 1610 3809 v.
1647 3774 1722 3822 24.
1772 3759 1878 3811 Cic.
1913 3760 1965 3809 in
2003 3762 2153 3813 Catil.
2191 3764 2222 3814 i.
2259 3778 2308 3831 9.

212 3824 407 3887 perium
440 3824 713 3883 consulare,
736 3823 789 3871 in
814 3838 913 3887 quo
946 3823 1071 3871 inest
1102 3820 1233 3885 regia
1297 3823 1421 3874 Hor.
1454 3824 1557 3872 Sat.
1589 3823 1640 3873 ii.
1665 3836 1709 3887 5.
1739 3826 1811 3874 18.
1847 3826 2060 3877 &norm
2127 3828 2307 3877 Simili-

212 3888 460 3965 maiestas.
512 3888 653 3963 Supr.
676 3887 727 3935 ii.
757 3902 796 3965 ¹.·
823 3888 1233 3965 Gnaeo-iampe-
1294 3893 1372 3937 ter
1405 3888 1711 3937 accusativus
1747 3904 1860 3938 cum
1897 3890 2139 3940 infinitivo
2171 3908 2308 3941 usurb

210 3956 645 4065 wmwiffimu*
644 3952 1229 4063 Z'””‘1‘1'1.3?3t”1'3f1¹.''333'1f
1292 3954 2308 4079 ffsssssiifflffifflffizss‘mffvss

217 4094 296 4141 3²·
320 4079 567 4137 Consules,
586 4080 727 4139 reaia
743 4084 968 4139 potestas.
1003 4079 1163 4127 Cur.
1296 4079 1419 4127 Aen.
1456 4079 1491 4127 i.
1530 4094 1607 4141 4¹·
1652 4082 1806 4129 Mene
1851 4084 1960 4129 inve
2083 4082 2308 4129 desistere

286 4157 309 4191 ι
346 4144 519 4191 Finem
540 4143 799 4202 muster-i.-
835 4156 933 4189 non
948 4142 1113 4203 pom]
1148 4140 1231 4189 Ita
1292 4144 1508 4191 vietam?
1539 4142 1656 4191 satis
1678 4144 1905 4192 ostendit.
1993 4156 2134 4191 mn.

213 4220 413 4268 quoque
463 4220 526 4253 ex
574 4204 918 4252 emendatione
958 4204 1123 4267 Sigon.
1177 4204 1229 4252 iu
1367 4219 1395 4267 3
1434 4208 1682 4255 Finitima
1714 4208 2046 4268 externisque]
2099 4204 2162 4253 cf.
2195 4206 2306 4252 Fes-

214 4276 409 4318 textum
432 4268 621 4331 recepit
639 4268 850 4316 Bekker.
1294 4275 1373 4317 tus
1410 4286 1454 4317 v.
1494 4272 1783 4328 Numerius,
1825 4270 1957 4317 unde
2009 4268 2304 4315 connubium

282 4349 309 4380 ‘a
352 4334 443 4391 Ue]
484 4332 621 4380 Illud
656 4338 713 4379 ue
748 4330 859 4379 irati
894 4330 1230 4391 interrogantis
1268 4332 1424 4393 ,genti
1450 4332 1632 4379 Fabiae
1666 4348 1776 4379 cum
1811 4330 2131 4379 Malueutinis
2163 4331 2310 4377 fuisse

1849 4397 1962 4459 02
