3000 4784
854 213 1049 280 LIB.
1094 210 1177 281 V.
1239 212 1459 281 CAP.
1515 220 1612 281 19.
2154 218 2284 281 309

128 347 459 427 consilio,
529 349 1025 436 praecipitavere
1102 351 1170 413 in
1248 349 1524 415 insidias.
1650 348 2001 427 GenuciuS,
2069 362 2274 415 morte
2297 366 2366 419 U.
2389 368 2448 420 c.
2474 382 2583 434 359·

130 436 441 499 honesta
465 436 885 500 temeritatem
907 436 1111 513 luens,
1134 450 1283 501 ante
1306 436 1487 523 signa
1503 437 1670 501 inter
1681 458 1998 585 lprimores
2019 436 2270 502 cecidit.
2292 435 2356 484 A.
2387 436 2448 485 0·
2471 448 2582 499 393·

134 522 478 598 Titinius,
550 522 622 585 in
702 522 950 586 editum
1020 523 1341 587 tumulum
1414 544 1496 587 ex
1569 545 1679 586 mu
1705 536 1772 587 ta
1851 522 2272 609 trepidatione

133 608 481 672 militibus
508 606 807 685 collectiS‚
828 608 1028 672 aciem
1058 609 1369 684 restituit3
1416 631 1538 673 nec
1567 630 1634 672 se
1665 622 1880 673 tamen
1909 631 2114 695 aequo
2131 607 2274 674 loco

132 694 333 759 hosti
378 694 713 759 commisit.
805 693 962 759 Plus
1000 694 1387 781 ignominiae
1426 708 1582 771 erat,
1619 716 1810 781 quam
1847 694 2062 772 cladis,
2093 717 2274 760 acce-

134 798 389 867 ptum3
423 803 589 868 quae
664 803 817 868 rope
846 782 916 845 in
938 780 1187 846 cladem
1216 780 1544 867 ingentem
1573 782 1794 845 vertit:
1845 794 2090 846 tantum
2121 781 2272 846 inde

138 880 427 932 terroris
456 889 589 931 non
685 890 866 932 omae
896 867 1109 944 modo,
1142 888 1271 953 quo
1316 866 1652 953 multiplex
1681 867 1847 932 fama
1873 882 2271 953 pervenerat,
2347 869 2360 882 '

139 953 269 1017 sed
319 954 397 1017 in
442 954 663 1017 castris
690 976 949 1040 quoquc
978 953 1101 1018 fuit
1142 952 1227 1016 ad
1254 951 1469 1017 Veios.
1564 953 1776 1041 Aegre
1821 954 1910 1017 ibi
1955 954 2137 1019 miles
2171 976 2273 1019 re-

142 1052 387 1103 tentus
420 1062 461 1103 a
490 1040 645 1126 fuga
680 1052 796 1117 est,
838 1060 1041 1139 quum
1084 1039 1457 1126 pervasisset
1498 1052 1704 1103 castra
1737 1062 1970 1117 rumor,
2002 1040 2272 1105 ducibus

142 1126 583 1212 exercituque
608 1148 808 1203 caes0,
831 1139 1137 1190 vlctorem
1166 1124 1562 1212 Capenatem
1585 1147 1658 1189 ac
1690 1124 2001 1190 Faliscum
2023 1125 2272 1190 Etruri-

142 1234 371 1298 aeque
416 1234 674 1276 omnem
720 1213 1119 1277 iuventutem
1154 1210 1328 1275 haud
1370 1211 1594 1297 procul
1637 1210 1786 1276 inde
1817 1213 2051 1276 abesse.
2145 1211 2270 1277 His

146 1298 659 1362 tumultuosiora
694 1298 961 1373 Romae,
993 1298 1121 1361 iam
1156 1312 1359 1361 castra
1398 1296 1479 1360 ad
1510 1295 1708 1360 Veios
1736 1298 2111 1384 oppugnari,
2141 1298 2268 1362 iam

146 1398 412 1470 partem
425 1384 703 1448 hostium
712 1384 975 1449 tendere
987 1383 1071 1447 ad
1082 1384 1303 1447 urbem
1314 1383 1566 1469 agmine
1577 1382 1827 1459 infest0,
1839 1384 2240 1448 crediderant
2248 1406 2268 1447 τ

147 1492 671 1557 concursumque
707 1471 776 1534 in
818 1492 1031 1535 muros
1060 1481 1175 1547 est,
1198 1482 1264 1533 et
1296 1482 1743 1545 matronarum,
1814 1492 1925 1533 uas
1955 1490 2037 1533 ex
2077 1468 2268 1535 domo

148 1557 525 1621 conciverat
578 1556 823 1621 ublicus
832 1578 1045 1655 pavor,
1057 1555 1520 1619 obsecrationes
1532 1555 1600 1618 in
1613 1491 1862 1642 tempffis
1871 1555 2099 1620 factae:
2126 1578 2270 1643 pre-

150 1644 472 1729 cibusque
491 1666 529 1707 a
580 1642 703 1706 diis
720 1656 1015 1729 petitum,
1028 1654 1102 1705 ut
1118 1642 1389 1705 exitium
1408 1642 1487 1705 ab
1507 1642 1678 1706 urbis
1697 1642 1878 1707 tectis
1889 1640 2266 1729 templisque

152 1752 229 1793 ac
280 1730 623 1793 moenibus
664 1729 975 1793 Romanis
1020 1741 1325 1805 arcerent,
1357 1726 1682 1815 Veiosque
1719 1750 1865 1792 eum
1909 1742 2265 1795 averterent

150 1828 493 1892 terrorem,
514 1814 568 1878 si
595 1837 771 1879 sacra
797 1826 1099 1879 renovata
1124 1814 1263 1891 rite,
1289 1814 1341 1878 si
1372 1828 1704 1901 procurata
1717 1814 2008 1901 prodigia
2035 1828 2262 1881 essent.

101 1920 135 1969 4
244 1901 388 1966 Iam
448 1899 585 1965 ludi
644 1900 1042 1986 Latinaeque
1093 1900 1473 1965 instauratae
1527 1913 1740 1965 erant:
1806 1901 1932 1965 iam
1993 1924 2074 1967 ex
2121 1902 2266 1967 lacu

154 1988 423 2053 Albano
552 2010 634 2052 ua
680 1987 907 2051 emissa
949 1988 1019 2049 in
1070 2008 1269 2073 agroe,
1318 1987 1643 2073 Veiosque
1686 1986 1814 2052 fata
1859 1988 2265 2075 appetebant.

2391 1920 2493 1981 19.

104 2088 134 2135 5
154 2074 371 2161 Igitur
412 2074 545 2138 fata
566 2074 619 2138 is
663 2072 799 2137 dux
849 2072 933 2136 ad
978 2072 1301 2137 excidium
1352 2072 1524 2137 illius
1571 2073 1744 2137 urbis
1793 2074 2262 2162 servandaeque
2281 2096 2528 2146 Camillus

152 2161 425 2246 patriae,
488 2158 583 2223 M.
629 2159 857 2223 Furius
918 2157 1228 2223 Camillus
1284 2158 1558 2223 dictator
1615 2158 1823 2224 dictus
1894 2161 2265 2246 magistrum
2281 2160 2504 2211 dictator.

154 2248 456 2333 equitum
501 2246 574 2311 P.
607 2245 981 2311 Cornelium
1032 2246 1397 2331 Scipionem
1441 2244 1624 2309 dixit.
1721 2244 1960 2311 Omnia
2001 2260 2262 2333 repente

156 2346 516 2397 mutaverat
570 2334 915 2419 imperator
970 2344 1263 2395 mutatus.
1367 2331 1521 2396 Alia
1575 2353 1738 2418 SpeS,
1797 2331 1957 2396 alius
2013 2333 2264 2398 animus

154 2418 515 2497 hominum,
545 2418 799 2483 fortuna
828 2440 1083 2523 quoque
1116 2418 1241 2481 alia
1278 2417 1451 2481 urbis
1475 2418 1698 2481 videri.
1793 2416 2102 2483 Omnium
2131 2420 2268 2506 pri-

157 2528 340 2571 mum
389 2505 459 2569 in
509 2526 637 2581 eos,
686 2506 799 2592 qui
850 2527 889 2567 a
940 2503 1121 2569 Veiis
1171 2504 1242 2567 in
1288 2502 1397 2566 illo
1448 2525 1679 2590 pavore
1727 2504 2036 2590 fugerant,
2085 2527 2260 2570 more

160 2591 415 2657 militari
444 2591 908 2667 animadvertit,
932 2590 1290 2675 effecitque,
1308 2611 1391 2653 ne
1423 2588 1621 2653 hostis
1641 2590 1916 2653 maxime
1941 2590 2262 2656 timendus

162 2678 351 2743 militi
377 2689 558 2743 esset.
650 2677 931 2753 Deinde,
960 2674 1206 2740 indicto
1236 2675 1491 2740 delectu
1521 2676 1592 2739 in
1619 2675 1793 2739 diem
1836 2687 2090 2753 certam,
2122 2676 2258 2763 ipse

165 2764 417 2829 interim
446 2763 645 2828 Veios
672 2764 756 2827 ad
784 2762 1253 2827 confirmandos
1282 2761 1556 2826 militum
1587 2762 1830 2827 animos
1860 2763 2254 2829 intercurrit:

166 2851 317 2915 inde
360 2851 633 2915 Romam
662 2849 746 2913 ad
780 2848 1185 2914 scn'bendum
1214 2870 1451 2913 novum
1480 2848 1831 2913 exercitum
1860 2848 2046 2927 redit,
2077 2848 2259 2914 nullo

166 2938 555 3002 detrectante
616 2935 927 3001 militiam.
1017 2934 1179 2999 Pere
1258 2936 1364 2999 'na
1411 2936 1606 2999 etiam
1661 2936 1976 3012 iuventuS,
2039 2936 2256 3000 Latini

170 3022 583 3109 Hernicique,
608 3044 865 3110 operam
888 3043 1067 3085 suam
1095 3042 1181 3107 po
1230 3022 1465 3086 'centes
1494 3022 1576 3086 ad
1599 3021 1666 3086 id
1695 3022 1953 3100 bellum,
1985 3045 2252 3087 venere:

166 3110 395 3197 quibus
438 3130 585 3175 cum
749 3109 865 3173 tias
914 3108 983 3171 in
1032 3122 1256 3172 senatu
1303 3108 1533 3193 egisset
1589 3108 1878 3186 dictator,
1931 3109 2080 3173 satis
2130 3110 2258 3173 iam

120 3212 153 3261 6
168 3196 453 3262 omnibus
480 3195 563 3260 ad
592 3131 927 3259 ifffellum
955 3194 1205 3295 paratis,
1235 3193 1421 3257 ludos
1448 3216 1712 3280 magnos
1739 3216 1822 3258 ex
1851 3190 2259 3259 senatuscon-

126 3304 155 3356 ⁷
169 3282 329 3348 sulto
370 3282 541 3347 vovit
582 3280 763 3345 Veiis
807 3293 1007 3367 captis
1052 3303 1117 3345 se
1161 3279 1511 3354 tacturum3
1573 3280 1924 3365 aedemque
1966 3278 2258 3344 Matutae

170 3370 377 3433 matris
412 3367 711 3433 refectam
738 3366 1199 3442 dedicaturum,
1230 3365 1358 3429 iam
1393 3378 1542 3429 ante
1571 3366 1650 3429 ab
1679 3387 1828 3451 rege
1880 3364 2010 3429 Ser.
2037 3364 2256 3431 Tullio

170 3454 535 3520 dedicatam.
627 3453 957 3519 Profectus
984 3474 1133 3517 cum
1172 3450 1459 3515 exercitu
1486 3451 1568 3515 ab
1597 3452 1752 3515 urbe
1781 3450 2256 3539 exspectatione

237 3662 266 3705 4
297 3646 400 3693 Iam
431 3644 563 3703 ludi]
617 3642 771 3691 Haud
816 3640 933 3701 scio,
964 3658 1029 3690 an
1064 3639 1170 3689 ludi
1234 3640 1449 3689 secundo
1470 3638 1627 3702 accipi
1647 3654 1803 3702 posse,
1825 3646 1882 3689 ut
1899 3642 2254 3704 Scipiosatalt'e

176 3708 394 3767 Romani,
412 3708 513 3756 sive
535 3706 765 3765 Maximi,
788 3706 869 3755 hic
898 3706 1171 3767 intelligan-
1235 3706 1339 3753 duae
1358 3706 1509 3753 huius
1534 3706 1644 3753 belli
1671 3703 1780 3754 infr.
1805 3705 1924 3755 xxii.
1948 3719 2025 3769 53.
2049 3709 2254 3771 probare

177 3779 265 3821 tur.
327 3770 526 3834 Quippe
564 3770 727 3820 Latini
766 3776 817 3819 et
856 3769 1060 3818 Hernici
1105 3769 1169 3817 ad
1232 3768 1422 3817 studuit
1444 3768 1629 3817 Stroth.

178 3836 263 3884 hos
308 3836 443 3884 ludos
482 3836 760 3897 frequenter
801 3832 1171 3890 conveniebant,
1286 3831 1318 3881 6
1340 3834 1502 3881 Ludos
1522 3835 1745 3896 magnos]
1781 3834 1842 3883 cf.
1867 3836 2008 3898 Supr.
2033 3836 2096 3885 iv.
2122 3848 2198 3899 27.

266 3900 276 3911 '
363 3914 419 3947 ac
442 3899 657 3947 Romani
678 3904 729 3947 et
754 3897 955 3946 Hernici
990 3898 1053 3945 ad
1077 3898 1171 3945 La·
1294 3906 1320 3957 7
1342 3899 1776 3959 Matutaematris]
1797 3899 1938 3948 Haec
1947 3900 2040 3949 fuit
2052 3902 2254 3958 Ino‚Se-

182 3964 299 4011 tinas
324 3962 476 4021 ferias,
504 3969 556 4011 et
582 3962 797 4010 Romani
828 3968 977 4022 atque
1010 3958 1172 4009 Latini
1236 3961 1390 4009 meles
1410 3976 1560 4021 soror,
1583 3960 1766 4010 Bacchi
1798 3970 2076 4021 matertera,
2100 3964 2251 4012 Atha-

183 4029 243 4075 ad
264 4026 489 4075 Hemicas
511 4027 656 4075 ferias
678 4024 930 4088 Anagniae
960 4025 1171 4073 celebra-
1236 4023 1416 4073 mantis
1444 4040 1582 4073 uxor.
1650 4026 1731 4074 De
1751 4042 1812 4074 ea
1833 4027 1928 4075 vid.
1954 4028 2098 4076 Ovid.
2125 4028 2251 4075 Met.

184 4098 267 4139 tas.
337 4090 495 4138 Ludos
530 4096 696 4139 tamen
730 4088 783 4137 in
818 4088 1007 4137 Latinis
1042 4087 1175 4137 seriis
1237 4087 1300 4136 iv.
1335 4094 1385 4137 et
1420 4090 1553 4138 Fut.
1587 4090 1647 4137 vi.
1690 4096 1745 4137 et
1773 4090 1878 4139 Cic.
1913 4090 2062 4138 Tusc.
2101 4090 2133 4137 i.
2171 4092 2248 4138 28.

184 4154 281 4203 fiori
308 4153 463 4202 solitos
493 4168 597 4203 esse
627 4158 799 4202 auctor
828 4158 903 4201 est
934 4152 1083 4201 Dion.
1108 4152 1169 4200 vi.
1237 4153 1397 4201 Cast
1476 4155 1682 4201 Matuta
1725 4154 1820 4201 dea
1859 4154 2072 4201 multum
2115 4154 2251 4213 apud

187 4230 259 4282 95.
1237 4216 1520 4277 Tyrrhenos
1540 4218 1689 4274 culta,
1706 4217 1844 4264 cuius
1864 4217 2011 4263 aedes
2029 4230 2110 4277 ap.
2132 4216 2252 4277 Pyr·

231 4294 255 4342 5
274 4282 855 4345 &mandam-aepactae]
875 4280 1016 4329 Haec
1030 4280 1176 4329 verba
1236 4294 1323 4341 gos
1345 4278 1612 4340 plurimum
1635 4280 1982 4327 celebrabatur.
2023 4278 2086 4326 cf.
2107 4278 2250 4329 Wes-

188 4360 279 4395 non
308 4346 451 4395 nolum
489 4360 605 4395 canu
634 4344 797 4405 tertio,
824 4358 992 4393 verum
1023 4344 1173 4393 etiam
1238 4343 1407 4406 seling.
1428 4343 1479 4391 in
1506 4342 1709 4391 Diodor.
1733 4357 1812 4390 xv.
1842 4356 1914 4402 ¹4·
