3000 4784
870 249 1062 316 LIB.
1111 251 1198 317 X.
1265 252 1490 317 CAP.
1536 258 1640 318 36.
2162 257 2285 321 597

208 400 290 463 et,
323 387 448 451 iam
476 386 760 451 breviore
789 386 1118 453 intervallo
1145 389 1416 453 certiora
1439 390 1781 467 intuentes,
1810 390 2045 455 vallum
2072 412 2287 456 secum
2306 410 2376 460 U.
2398 412 2458 461 c.
2481 414 2593 473 458.

205 486 456 560 portare
495 472 841 539 Samnitem
880 475 1210 553 affirmant,
1239 498 1358 540 nec
1397 476 1663 541 dubium
1701 499 1855 554 esse,
1885 477 2044 564 quin
2087 476 2365 543 castra-⁴·
2398 476 2459 526 0·
2482 490 2592 540 ²94·

161 580 189 628 3
207 558 731 624 circumvallaturi
759 562 902 625 sint.
979 561 1187 639 Tunc,
1221 571 1240 599 ‘
1257 563 1616 639 enimver0‚’
1644 562 1880 641 consul,
1915 572 1934 601 ‘
1949 563 2287 650 indignum

209 654 229 684 ‘
248 645 493 711 facinus
543 648 717 724 esse,'
763 647 1108 724 vociferari,
1179 657 1198 686 ‘
1219 660 1458 713 tantam
1520 649 1964 714 contumeliam
2015 651 2289 737 ignomi-

207 742 230 771 ‘
249 733 548 819 niamque
581 735 659 799 ab
687 734 1084 821 ignavissimo
1113 735 1312 821 accipi
1341 736 1538 801 hoste.
1632 735 1925 801 Etiamne
1950 736 2285 802 circumse-

207 828 228 857 ‘
247 818 578 897 debimur,’
605 820 672 883 in
721 822 832 897 uit,
881 829 902 859 ‘
921 821 990 884 in
1029 821 1262 899 castris,
1293 834 1368 885 ut
1405 822 1571 887 fame
1614 822 1823 909 potius
1862 845 1977 910 per
2014 824 2285 923 ignomi-

207 915 230 944 ‘
249 907 441 983 niam,
473 929 662 994 quam
715 929 873 984 erro,
905 908 957 971 si
985 930 1238 971 necesse
1268 921 1381 985 est,
1411 932 1528 995 per
1554 910 1869 986 virtutem,
1900 911 2285 975 monamur?

206 1002 226 1031 ‘
249 992 366 1057 Dii
393 994 556 1057 bene
585 1006 904 1058 verterent
920 1017 937 1070 3
970 994 1392 1144 facerentchue,
1417 995 1593 1081 quod
1622 1018 1687 1059 se
1718 995 1983 1081 dignum
2014 997 2123 1084 qui
2198 1020 2281 1061 ue

207 1088 230 1117 ‘
251 1079 574 1144 ducerent.
656 1078 1002 1144 Consulem
1031 1079 1124 1143 M.
1149 1081 1264 1145 Ati
1291 1082 1422 1144 ‘um
1449 1080 1552 1145 vel
1580 1080 1800 1159 solum,
1832 1082 1883 1145 si
1913 1105 2103 1146 nemo
2214 1106 2289 1147 us

207 1175 229 1203 ‘
247 1180 564 1252 sequatur,
594 1166 832 1230 iturum
861 1166 1154 1231 adversus
1182 1165 1424 1231 hostes:
1469 1190 1885 1254 casurumque
1914 1168 2081 1233 inter
2107 1169 2287 1255 signa

207 1261 230 1291 ‘
255 1251 634 1317 Samnitium
693 1254 921 1340 potius,
976 1275 1166 1353 quam
1228 1252 1679 1318 circumvallari
1743 1266 1944 1318 castra
1996 1254 2287 1319 Romana

210 1348 231 1377 ‘
250 1338 498 1403 videat)
568 1338 764 1403 Dicta
785 1340 1056 1404 consulis
1077 1339 1287 1426 legati,
1307 1340 1541 1403 tribuni
1590 1362 1690 1418 ue,
1716 1352 1782 1404 et
1802 1363 2019 1405 omnes
2040 1352 2285 1405 turmae

157 1456 190 1499 4
207 1425 517 1512 equitum,
553 1442 621 1489 et
661 1426 1060 1490 centuriones
1102 1427 1448 1514 primorum
1491 1449 1531 1491 o
1611 1427 1805 1503 'num,
1842 1428 2282 1514 approbavere.

208 1512 378 1576 Tum
421 1512 664 1600 pudore
707 1512 908 1577 vietus
951 1512 1131 1577 miles
1176 1512 1452 1599 segniter
1495 1535 1671 1577 arma
1706 1514 1892 1599 capit,
1934 1514 2212 1599 segniter
2248 1536 2287 1579 e

205 1599 420 1663 castris
455 1598 813 1685 egreditur:
861 1598 1053 1686 longo
1093 1600 1362 1685 agmine,
1393 1621 1513 1663 nec
1554 1600 1924 1677 continenti,
1944 1600 2174 1686 ‘maesti
2213 1622 2287 1664 ac

208 1707 402 1772 prope
433 1685 582 1749 victi
609 1684 963 1773 procedunt
990 1685 1284 1749 adversus
1317 1686 1585 1763 hostem,
1616 1708 1735 1749 nec
1762 1708 1893 1772 spe,
1925 1709 2045 1751 nec
2074 1686 2286 1751 animo

209 1772 558 1837 certiorem.
650 1771 876 1859 Itaque
927 1772 1113 1836 simul
1163 1784 1500 1859 conspecta
1548 1785 1697 1836 sunt
1742 1772 2033 1837 Romana
2087 1772 2285 1859 signa,

209 1858 530 1945 extemplo
567 1881 606 1922 a
642 1860 848 1946 primo
889 1858 1270 1923 Samnitium
1457 1860 1561 1923 ine
1602 1858 1684 1923 ad
1721 1860 2129 1924 novissimum
2160 1858 2288 1925 fre-

209 1944 400 2009 mitus
438 1944 771 2045 perfertur,
805 1954 824 1983 ‘
847 1944 1062 2021 Exire,
1104 1945 1172 2008 id
1201 1968 1290 2033 qu
1421 1946 1767 2022 timuerint,
1812 1946 1895 2011 ad
1932 1946 2286 2033 impedien-

213 2040 232 2069 ‘
251 2030 406 2096 dum
435 2044 554 2096 lter
584 2030 922 2097 Romanos,
993 2030 1254 2096 Nullam
1283 2030 1434 2095 inde
1464 2054 1546 2095 ne
1574 2032 1759 2118 fugae
1783 2032 2041 2118 quidem
2070 2046 2287 2120 patere

213 2128 230 2156 ‘
251 2118 436 2182 viam.
525 2117 646 2182 Illo
679 2117 821 2182 loco
856 2130 967 2182 aut
1001 2117 1358 2181 cadendum
1398 2140 1551 2195 esse,
1584 2130 1713 2194 aut,
1745 2119 1949 2182 stratis
1982 2117 2287 2196 hostibus,

214 2214 233 2243 ‘
252 2226 368 2292 per
425 2226 689 2292 corpora
747 2226 966 2270 eorum
1017 2202 1453 2267 evadendum!
1540 2202 1620 2267 In
1678 2203 1960 2268 medium
2017 2204 2287 2269 sarcinas
2412 2210 2514 2273 36.

211 2290 597 2367 coniiciunt3
643 2292 864 2355 armati
900 2290 1028 2355 suis
1055 2290 1326 2376 quisque
1362 2288 1687 2355 ordinibus
1714 2290 2037 2355 instruunt
2065 2289 2283 2355 aciem.

213 2377 350 2441 Iam
378 2376 678 2464 exiguum
713 2378 880 2441 inter
907 2377 1066 2441 duas
1103 2376 1269 2441 acies
1307 2387 1442 2441 erat
1478 2376 1769 2463 spatium,
1800 2389 1869 2441 et
1900 2377 2151 2441 stabant
2177 2399 2291 2441 ex-

209 2476 582 2564 spectantes,
606 2463 762 2528 dum
791 2465 871 2528 ab
897 2463 1182 2527 hostibus
1210 2463 1385 2549 prius
1413 2462 1703 2549 impetus,
1727 2462 1903 2549 prius
1930 2463 2167 2528 clamor
2192 2464 2294 2528 in-

164 2573 194 2623 5
211 2562 465 2637 ctperet.
557 2548 625 2614 N
627 2550 821 2614 eutris
870 2550 1117 2614 animus
1161 2562 1258 2613 est
1302 2547 1384 2612 ad
1473 2548 1879 2636 ugnandum:
1934 2550 2291 2637 diversique

209 2637 442 2723 integri
461 2648 654 2723 atque
683 2636 905 2701 intacti
934 2636 1226 2712 abissent,
1249 2635 1320 2699 ni
1341 2572 1595 2700 ceXenti
1623 2636 2001 2701 instaturum
2022 2636 2291 2701 alterum

211 2724 584 2788 timuissent.
697 2722 826 2787 Sua
889 2734 1112 2810 sponte
1177 2722 1344 2786 inter
1399 2722 1629 2787 invitos
1685 2722 2288 2822 tergiversantesque

211 2810 422 2898 segnis
466 2832 700 2898 pugna,
748 2809 1016 2874 clamore
1063 2808 1304 2873 incerto
1352 2820 1544 2893 atque
1587 2808 1830 2895 impari,
1876 2809 2123 2896 coepit:
2170 2831 2291 2873 nec

211 2897 476 2983 vestigio
520 2896 852 2983 quisquam
896 2896 1279 2960 movebatur.
1370 2893 1544 2958 Tum
1586 2894 1805 2959 consul
1842 2894 2187 2975 Romanus,
2218 2909 2293 2960 ut

211 3006 347 3048 rem
387 2983 712 3060 excitaret,
743 2982 1032 3069 equitum
1065 3004 1303 3131 paucas
1345 2993 1581 3045 turmas
1624 2996 1805 3047 extra
1846 2982 2134 3047 ordinem
2174 2982 2293 3046 im-

213 3070 421 3135 misit:
471 3092 740 3156 quorum
827 3091 982 3132 uum
1024 3091 1069 3155 p
1091 3068 1306 3155 erique
1347 3066 1491 3132 dela
1568 3068 1582 3082 ’
1626 3091 1709 3133 ex
1747 3069 1927 3156 equis
1968 3081 2196 3145 essent,
2226 3082 2294 3133 et

214 3156 320 3221 alii
349 3156 623 3233 turbati3
666 3168 734 3219 et
759 3178 798 3219 a
873 3154 1250 3219 Samnitium
1279 3154 1412 3219 acie
1441 3090 1999 3242 afflpprimendos
2029 3176 2155 3230 eos,
2180 3154 2295 3240 qui

213 3242 592 3320 ceciderant,
623 3254 691 3306 et
718 3240 800 3305 ad
833 3262 980 3305 suos
1017 3240 1287 3304 tuendos
1327 3240 1405 3304 ab
1437 3239 1744 3304 Romanis
1770 3262 2139 3327 procursum
2176 3252 2290 3303 est.

215 3329 378 3394 Inde
407 3327 758 3417 paullulum
787 3326 1028 3391 irritata
1054 3348 1270 3413 pugna
1297 3338 1426 3402 est;
1459 3325 1571 3389 sed
1594 3325 1915 3413 aliquanto
1938 3338 2005 3390 et
2024 3325 2292 3413 impigre

213 3416 434 3503 magis,
465 3432 532 3480 et
562 3415 774 3503 plures
809 3425 1248 3501 procurrerant
1279 3411 1629 3477 Samnites:
1678 3425 1744 3477 et
1783 3412 2067 3477 turbatus
2100 3435 2137 3477 e
2184 3433 2296 3476 ues

214 3526 332 3567 sua
387 3504 522 3589 ipse
573 3500 849 3567 subsidia
897 3499 1128 3565 territis
1177 3522 1214 3563 e
1261 3499 1358 3563 uis
1405 3497 1808 3585 proculcavit.
1922 3496 2097 3563 Hinc
2138 3435 2298 3587 auga

216 3601 444 3689 coepta
485 3602 684 3655 totam
727 3586 952 3652 avertit
993 3586 1193 3651 aciem
1303 3606 1611 3649 omanam.
1702 3584 1966 3673 Iamque
2008 3586 2079 3650 in
2121 3598 2298 3673 terga

215 3676 594 3763 fugientium
633 3673 946 3739 Samnites
983 3672 1368 3760 pugnabant,
1400 3694 1599 3758 quum
1638 3672 1875 3750 consul,
1912 3694 2078 3773 equo
2116 3696 2297 3761 prae·

217 3777 436 3829 vectus
463 3762 545 3827 ad
571 3773 818 3850 portam
845 3772 1207 3837 castrorum,
1238 3780 1311 3823 ac
1351 3757 1617 3824 statione
1644 3760 1933 3847 equitum
1968 3759 2061 3824 1bi
2098 3782 2298 3848 oppo-

285 3962 314 4009 3
346 3950 638 4008 Enimvero]
675 3946 790 3995 Vox
817 3944 1160 4009 indignationis
1179 3949 1230 3993 et
1294 3959 1430 4007 pum,
1447 3944 1595 4007 primi
1609 3946 1945 3995 Hastatorum.
2004 3944 2135 3992 Eum
2152 3944 2299 3991 adeas

220 4012 376 4062 dolori
398 4012 716 4074 exprimendo
737 4008 1000 4073 aptissima.
1029 4008 1199 4059 Sinon.
1293 4010 1356 4057 de
1390 4010 1541 4059 Milit.
1576 4010 1722 4059 Rom.
1750 4010 1799 4059 ii.
1824 4011 1869 4059 8.
1903 4010 2063 4058 cmv.
2105 4008 2165 4056 cf.
2188 4007 2296 4057 infr.

285 4094 318 4137 4
351 4077 670 4126 Centurionoe
689 4076 958 4137 primorum
976 4074 1226 4133 ordinum]
1293 4089 1408 4121 xxx.
1432 4091 1480 4134 4.

221 4141 352 4200 Hos,
388 4140 472 4203 qui
504 4144 556 4188 et
586 4154 934 4201 nonnunquam
965 4140 1118 4200 primi
1154 4154 1230 4187 or·-
1359 4151 1386 4200 5
1419 4140 1734 4201 aversique]
1774 4138 1836 4186 In
1862 4134 2073 4185 divems
2103 4140 2155 4184 et
2186 4150 2299 4184 con-

219 4208 361 4256 dines
402 4204 732 4267 appellantur,
764 4201 994 4264 intelligit
1039 4201 1232 4263 Lipsius
1295 4202 1464 4249 trarias
1479 4206 1941 4265 pastessutsupraq.
1954 4201 2067 4249 inde
2081 4201 2301 4251 diversae

223 4270 568 4331 Primopilum‚
585 4268 794 4329 primum
819 4266 1116 4339 Principem,
1139 4266 1232 4328 pri-
1284 4268 1448 4326 serae·
1483 4280 1613 4328 supr.
1641 4279 1715 4328 33.
1747 4266 1925 4315 diversi
1960 4266 2177 4314 mules
2210 4300 2223 4314 .
2250 4298 2266 4315 .
2285 4300 2300 4313 .

221 4350 362 4383 mum
377 4332 671 4381 Hastatum:
695 4331 804 4379 'sive
821 4338 1124 4380 centuriones
1140 4330 1233 4391 pri-
1297 4330 1561 4378 discedam.

221 4399 291 4447 mi
325 4396 622 4447 Triariorum
655 4394 850 4455 ordinis,
871 4392 1014 4458 primi
1049 4393 1233 4445 Princi-
