3000 4784
796 238 989 305 LIB.
1036 239 1155 305 VI.
1218 238 1439 306 CAP.
1494 248 1592 308 14.
2120 248 2248 311 363

112 380 133 411 ‘
156 370 391 437 deam.
438 460 453 473 .
503 372 667 438 Inde
695 395 831 437 rem
860 374 1157 475 creditori
1198 374 1407 462 palam
1450 374 1690 476 populo
1723 376 1927 453 solvit,
1957 376 2246 465 libraque
2267 386 2334 435 U·
2357 387 2417 437 0·
2443 397 2554 500 ³}0’

110 474 185 523 ct
214 480 381 523 aere
410 459 747 524 liberatum
778 474 1031 538 emittit,
1064 462 1217 525 deos
1245 474 1437 549 atque
1482 463 1774 527 hommes
1803 465 2244 542 obtestantem,
2265 452 2326 502 A.
2359 453 2420 501 ⁰·
2444 465 2472 512 3
2511 466 2554 501 ²·

112 556 131 583 ⁶
154 559 236 609 ut
264 545 375 609 M.
404 546 673 623 Manlio,
705 547 1023 611 liberatori
1054 570 1187 625 su0,
1218 550 1467 635 parenti
1495 549 1699 649 plebis
1731 549 2082 628 Romanae,
2103 574 2247 637 gra-

114 640 133 669 ‘
158 632 335 695 tiam
368 633 685 697 referant-⁹
773 636 1099 719 Acceptus
1136 636 1459 721 extemplo
1504 658 1574 699 m
1618 636 2070 701 tumultuosam
2115 651 2248 702 tur-

112 718 277 781 bam
344 734 417 783 et
468 720 603 868 ipse
650 718 997 784 tumultum
1044 722 1332 819 augebat,
1380 722 1704 787 cicatrices
1754 735 2044 809 acceptas
2091 723 2250 789 Vei-

114 804 289 880 enti,
370 804 499 869 Gal
523 806 643 882 icc,
708 806 975 893 aliisque
1048 806 1351 894 deinceps
1422 808 1605 873 bellis
1671 822 2010 875 ostentans.
2115 819 2135 849 ‘
2161 810 2246 875 Se

90 899 138 945 i‘
163 891 587 968 militantem,
618 915 685 957 se
707 893 1145 958 restituentem
1178 916 1425 959 eversos
1446 908 1730 981 penates,
1757 895 2094 983 multiplici
2116 897 2244 961 iam

120 986 141 1015 ‘
166 992 355 1042 sorte
387 978 693 1055 exsoluta,
718 979 1150 1065 mergentibus
1166 1002 1416 1066 semper
1444 994 1676 1045 sortem
1695 982 1918 1057 usuriS,
1945 983 2244 1048 obrutum

122 1072 143 1101 ⁶
166 1064 405 1129 fenore
442 1086 618 1129 esse:
665 1064 881 1129 videre
926 1064 1156 1142 lucem,
1186 1066 1415 1143 forum,
1448 1067 1685 1131 civium
1725 1090 1852 1144 ora,
1887 1068 1982 1131 M.
2012 1069 2246 1133 Manlii

123 1158 144 1187 ‘
166 1172 415 1235 opera:
464 1152 679 1215 omnia
720 1163 1057 1237 parentum
1098 1152 1413 1217 beneficia
1438 1153 1518 1216 ab
1564 1151 1674 1217 illo
1708 1176 1776 1217 se
1819 1154 2088 1219 habere:
2151 1155 2246 1219 illi

127 1245 147 1275 ⁶
164 1235 497 1301 devovere
542 1237 821 1323 corporis
864 1237 1159 1324 vitaeque
1212 1261 1287 1301 ac
1337 1239 1662 1325 sanguinis
1757 1239 1889 1303 uod
1934 1240 2241 1328 supersit:

126 1332 145 1359 ‘
172 1322 621 1410 quodcunque
652 1323 771 1387 sibi
800 1346 947 1387 cum
975 1324 1196 1411 patria,
1227 1325 1565 1411 penatibus
1594 1326 1725 1411 pub
1750 1326 1864 1389 icis
1885 1348 1958 1389 ac
1987 1326 2245 1413 privatis

129 1409 341 1473 ‘iuris
400 1410 609 1487 fuerit,
668 1409 737 1473 id
796 1432 943 1473 cum
1004 1433 1135 1475 uno
1201 1410 1459 1475 homine
1519 1412 1696 1475 esse.’
1801 1410 1926 1475 His
1985 1412 2246 1477 vocibus

126 1496 447 1561 instincta
478 1495 697 1582 plebes
724 1518 925 1583 quum
952 1496 1081 1561 iam
1120 1496 1311 1561 unius
1350 1496 1625 1561 hominis
1665 1512 1846 1575 esset,
1879 1497 2098 1563 addita
2124 1498 2248 1565 alia

90 1582 577 1647 Scommotioris
609 1582 693 1647 ad
736 1582 950 1647 omnia
984 1582 1297 1649 turbanda
1334 1583 1584 1647 consilii
1623 1606 1738 1648 res,
1831 1584 1884 1648 F
1885 1584 2132 1649 undum
2175 1586 2244 1650 in

130 1667 431 1745 Veienti,
478 1681 668 1768 caput
709 1668 1091 1768 patrimonii,
1137 1670 1409 1733 subiecit
1448 1671 1781 1757 praeconi:
1811 1680 1867 1727 .‘
1897 1671 2004 1735 Ne
2049 1694 2243 1759 quem

135 1764 155 1793 ⁶
182 1756 510 1832 vestrum,’
552 1778 619 1818 ιιι
670 1768 781 1831 uit,
831 1764 850 1792 ⁶
878 1756 1183 1832 Quirites,
1228 1754 1435 1821 donec
1478 1756 1822 1857 quicquam
1876 1758 1945 1821 in
1988 1781 2056 1822 re
2103 1782 2248 1823 mea

137 1850 159 1879 ⁶
178 1840 522 1928 supererit,
554 1841 623 1905 iu
671 1842 903 1905 'catum
925 1841 1327 1907 addictumve
1358 1842 1510 1907 duci
1583 1846 1778 1909 atlan’
1865 1843 1945 1911 Id
1973 1868 2124 1911 vero
2155 1846 2247 1910 ita

134 1927 442 1993 accendit
470 1928 731 2004 animm,
762 1940 837 1992 ut
856 1950 971 2015 per
992 1950 1181 1993 omne
1210 1928 1302 1992 sas
1330 1952 1403 1993 ac
1434 1867 1610 1994 neffgs
1627 1931 1904 1995 secuturi
1925 1931 2247 1997 vindicem

136 2014 457 2079 libertatis
472 2014 853 2081 viderentur.
934 2014 1045 2081 Ad
1067 2014 1188 2078 hoc
1210 2014 1407 2093 domi,
1418 2016 1854 2081 concionantis
1873 2018 1939 2080 in
1960 2018 2245 2096 modum,

138 2122 471 2165 sermones
528 2100 703 2188 pleni
760 2100 1099 2165 criminum
1150 2102 1220 2165 in
1270 2102 1532 2165 Patres:
1595 2102 1763 2165 inter
1818 2126 1998 2187 quoS,
2092 2126 2246 2167 uum

141 2187 381 2251 omisso
408 2186 791 2264 discrimine,
823 2210 973 2253 vera
1006 2210 1089 2251 an
1116 2210 1281 2251 vana
1308 2187 1562 2263 iaceret,
1597 2196 1615 2224 ‘
1637 2187 1964 2255 thesauros
2078 2188 2250 2254 allici

146 2394 317 2451 dabat,
338 2396 427 2441 aut
454 2396 587 2441 trans
612 2392 831 2442 Tiberim
862 2407 1059 2455 peregre
1084 2404 1163 2439 ve-

1231 2390 1427 2439 Deinde
1456 2404 1600 2439 aereo
1631 2404 1835 2439 nummo
1862 2389 2164 2453 percutiebat
2189 2390 2248 2441 li-

146 2472 267 2505 num
296 2457 415 2506 ibat.
482 2457 621 2513 Quin
650 2457 817 2516 etiam,
838 2456 879 2505 si
906 2457 1073 2518 plures
1094 2456 1163 2503 fo-

1228 2456 1387 2513 bram,
1420 2454 1634 2515 indeque
1671 2470 1756 2504 aes
1795 2454 1840 2503 ei
1877 2456 2044 2515 dabat,
2081 2472 2114 2504 a
2149 2472 2248 2518 quo

146 2528 276 2579 rent,
310 2521 487 2595 quibus
519 2536 629 2569 reus
661 2520 885 2569 addictus
921 2525 1063 2579 esset,
1093 2536 1163 2568 so-

148 2602 281 2644 care,
303 2600 344 2633 si
370 2585 568 2643 vellent,
596 2592 746 2646 atque
771 2586 957 2647 partiri
988 2599 1166 2645 eorpus

148 2648 335 2697 addicti
372 2648 463 2695 sibi
497 2648 711 2697 hominis
738 2647 1053 2710 permittebat
1084 2648 1166 2695 lex

152 2711 411 2762 duodecim
426 2714 723 2763 tabularum.
770 2712 983 2761 Dissecti
999 2718 1167 2761 tamen

151 2776 247 2825 hoc
269 2777 416 2825 modo
438 2776 651 2825 hominis
669 2778 863 2825 nullum
882 2776 1167 2837 exemplum

154 2846 462 2889 memoratur.
538 2840 681 2888 Haec
718 2840 885 2888 omnia
920 2840 1071 2887 habet
1104 2840 1166 2889 A.

155 2905 289 2953 Gen.
328 2905 438 2952 loco
482 2920 629 2965 supra
664 2906 833 2953 allato.
876 2906 1036 2953 Cnsv.
1103 2904 1165 2951 cf.

157 2968 359 3019 Gravia.
398 2968 501 3017 Iur.
540 2968 647 3019 Civ.
686 2982 785 3020 1111.
822 2968 947 3017 Tab.
1000 2968 1166 3031 HugO.

158 3032 337 3083 Goech.
362 3032 479 3081 Des.
504 3032 649 3085 Rom.
674 3032 875 3081 Rechts.
900 3032 931 3080 i.
956 3032 983 3090 ἕ
1012 3046 1117 3095 149.

222 3115 253 3157 4
284 3098 529 3159 Libraque
556 3103 603 3146 et
623 3113 736 3145 aere
757 3098 1014 3145 liberatum
1035 3098 1168 3144 emit-

160 3162 245 3220 tit]
284 3160 361 3208 Ex
390 3160 451 3207 iis
476 3176 603 3221 quae
634 3176 783 3221 supra
812 3160 1169 3218 annotavimus,

162 3229 299 3286 patet
330 3239 555 3287 magnam
587 3224 638 3275 in
671 3240 825 3273 nexos
856 3222 1171 3271 creditoribus

161 3288 307 3336 fuisse
337 3294 645 3349 potestatem,
677 3304 769 3336 nec
799 3288 943 3336 herili
977 3286 1167 3335 absimi-

162 3354 279 3401 lem.
332 3352 407 3401 Ut
426 3351 571 3413 igitur
591 3352 875 3400 liberaretur
895 3352 981 3399 ille
1004 3356 1169 3398 centu-

164 3416 235 3465 rio
251 3416 483 3477 pecuniae
496 3416 752 3474 iudicatus,
759 3416 1171 3477 mancipationem

166 3480 993 3606 inufflffififlessossffir‘iss‘ffinffi
1020 3494 1170 3590 3223

168 3614 245 3655 tor
272 3607 319 3655 in
346 3608 590 3656 Manlium
624 3608 919 3667 transferret,
940 3607 1024 3668 qui
1057 3621 1172 3653 eum

169 3670 339 3719 deinde
368 3674 621 3731 emitteret,
654 3671 755 3719 sive
790 3670 1173 3719 manumitteret.

1228 2518 1477 2579 mancipio
1494 2517 1786 2579 accipiebat,
1799 2518 1936 2579 quasi
1953 2520 2102 2593 pretii
2119 2521 2246 2569 loco.

1232 2582 1374 2630 Haec
1409 2588 1576 2629 autem
1613 2583 1912 2629 consuetudo
1949 2584 2065 2630 inde
2098 2584 2248 2633 ducta

1230 2652 1353 2705 erat,
1369 2646 1502 2706 quod
1523 2650 1710 2694 veteres
1725 2646 1958 2705 Romani,
1971 2662 2123 2707 quum
2145 2662 2246 2695 non

1230 2726 1315 2759 aes
1372 2709 1614 2771 signatum
1673 2710 1927 2768 haberent,
1981 2716 2248 2773 posteaque

1232 2774 1380 2823 etiam
1404 2788 1556 2835 quum
1578 2774 1763 2821 assibus
1783 2774 2035 2823 libralibus
2055 2780 2246 2823 uteren-

1231 2843 1329 2897 tur,
1363 2838 1712 2900 appendebant
1749 2854 1848 2900 aoe,
1885 2854 1984 2887 non
2021 2854 2247 2889 numera-

1230 2904 1366 2951 bant.
1400 2904 1562 2951 Cnnv.

1296 2978 1325 3029 5
1358 2968 1634 3029 Multiplici
1655 2969 1754 3015 iam
1773 2970 1924 3028 sorte]
1963 2968 2130 3024 Quam
2147 2969 2248 3018 An-

1230 3030 1357 3093 glice
1387 3032 1467 3080 tlte
1494 3033 1752 3094 principa!
1777 3047 2020 3092 vocamus,
2045 3050 2249 3083 usuram

1235 3110 1347 3143 vero
1369 3096 1449 3144 the
1470 3098 1688 3155 interest,
1709 3096 1760 3144 id
1782 3098 1912 3157 quod
1937 3112 2025 3158 pro
2047 3112 2137 3145 usu
2165 3113 2248 3159 pe-

1234 3158 1409 3207 cuniae
1442 3160 1674 3207 solvitur:
1707 3162 1866 3219 senus
1899 3166 2084 3217 autern,
2116 3161 2250 3220 quod

1236 3223 1379 3273 unico
1409 3223 1536 3280 loco,
1559 3222 1679 3271 Tac.
1704 3224 1832 3269 Anu.
1858 3223 1919 3269 vi.
1949 3221 2020 3270 16.
2043 3238 2252 3271 versura

1234 3286 1532 3347 appellatur,
1567 3284 1650 3332 hic
1687 3290 1866 3333 sortem
1905 3290 1956 3332 et
1997 3300 2250 3334 usurarum

1235 3364 1477 3395 summam
1517 3347 1887 3409 complectitur:
1935 3348 2082 3395 moris
2120 3349 2253 3397 enim

1236 3417 1341 3459 erat
1360 3414 1495 3473 apud
1522 3412 1774 3459 Romanos
1798 3426 1993 3459 usuram
2023 3412 2138 3460 sorti
2166 3415 2250 3462 ad-

1236 3477 1367 3534 dere,
1388 3482 1540 3537 atque
1571 3474 1644 3523 ita
1675 3474 1918 3523 debitores
1949 3476 2073 3524 aeris
2103 3477 2252 3525 alieni

1237 3556 1428 3587 summa
1490 3538 1722 3587 continuo
1776 3539 1826 3585 in
1887 3539 2047 3587 maius
2107 3548 2254 3589 aucta

1239 3604 1581 3651 obruebantur.
1627 3603 1687 3649 cf.
1731 3602 1936 3651 Niebhr.
1975 3604 2006 3651 i.
2052 3619 2100 3665 p.
2119 3603 2251 3677 ‘569.

1242 3679 1349 3730 572.
1399 3668 1566 3728 Hugo.
1590 3666 1920 3716 Civilitisches
1941 3666 2183 3730 Magnam.
2207 3686 2253 3719 v.

172 3735 369 3809 Optimo
398 3741 567 3785 autem
588 3745 639 3783 st
660 3735 943 3797 plenissimo
963 3736 1067 3783 iure
1088 3735 1171 3781 do-
1238 3748 1271 3795 p
1344 3732 1407 3781 80

170 3800 369 3847 mimum
406 3800 459 3847 in
495 3799 821 3860 accipientem
858 3799 1172 3847 transferebar-

172 3870 431 3925 tur,.quum
456 3880 551 3925 per
576 3879 660 3912 aes
687 3871 735 3913 et
763 3865 937 3911 libram
962 3862 1175 3911 venditio

175 3928 322 3985 fieret,
345 3928 438 3975 hoc
463 3926 693 3975 nimirum
724 3927 835 3975 ritu.
902 3927 1087 3975 Aderat
1118 3925 1173 3973 li·

176 3992 377 4053 brimus,
410 3991 495 4053 qui
537 3990 711 4039 libram
750 3992 949 4039 tenebat
991 4004 1172 4037 manu:

175 4056 366 4103 aderant
387 4054 601 4116 quinque
622 4059 785 4113 testes,
798 4054 929 4105 cives
944 4053 1176 4112 Romani,

176 4120 383 4181 puberes.
434 4118 661 4180 Emptor,
682 4123 807 4166 teste
823 4118 965 4167 Boet.
982 4118 1033 4165 in
1048 4117 1175 4178 Top.

178 4182 279 4233 Cic.
299 4198 549 4231 nummum
576 4197 775 4231 aereum
808 4188 995 4240 tenens,
1015 4181 1086 4229 ita
1106 4180 1177 4228 di-

179 4248 336 4299 cebat:
378 4247 529 4298 Hunc
566 4261 656 4308 ego
692 4244 939 4294 hominem
974 4259 1035 4293 ex
1072 4243 1179 4293 iure

180 4309 433 4367 Quiritium
467 4325 634 4358 meum
656 4324 759 4357 esse
780 4309 877 4367 aio,
897 4309 1034 4371 isque
1054 4307 1176 4355 mihi

179 4380 363 4439 emptus
388 4382 461 4423 est
495 4374 591 4423 hoe
622 4388 735 4425 aere
762 4388 1013 4437 aeneaque
1038 4372 1175 4421 libra.

1275 3766 1287 3781 0
1317 3746 1335 3778 1
1408 3767 1421 3781 0

1302 3794 1333 3844 6
1367 3797 1718 3857 Commotioris]
1750 3796 2102 3857 Commodias-is,
2123 3800 2255 3859 quod

1240 3859 1462 3910 nonnulli
1484 3859 1696 3920 edidere,
1717 3861 1770 3909 in
1795 3866 1986 3909 textum
2017 3878 2252 3923 reponen-

1240 3926 1357 3973 dum
1386 3930 1552 3976 censet
1575 3924 1756 3975 Stroth.
1823 3926 1920 3973 Sed
1941 3928 2256 3975 comnwh'oris

1240 3990 1303 4038 ad
1318 3988 1563 4041 Manlium
1579 3989 1884 4037 referendum
1903 3989 2088 4035 iudicat
2103 3988 2252 4035 Doer.

1242 4060 1475 4113 tanquam
1497 4054 1638 4101 aliud
1657 4054 1910 4101 omilium
1925 4053 2112 4099 Manlii
2133 4066 2252 4098 cons-

1240 4120 1453 4166 morioris
1473 4118 1540 4165 ad
1566 4119 1728 4165 omnia
1753 4116 1998 4164 turbanda
2021 4113 2256 4184 scriptum

1242 4187 1382 4230 esset.
1452 4180 1608 4228 Haud
1653 4179 1754 4228 scio
1793 4194 1854 4227 an
1901 4191 2069 4225 sensus
2111 4176 2256 4223 huius

1242 4244 1339 4293 loci
1356 4244 1426 4291 ita
1436 4244 1758 4303 exponendus
1771 4242 1851 4299 sit,
1871 4242 1904 4267 ‘⁶
1918 4240 2018 4287 alia
2033 4254 2110 4286 res
2129 4253 2258 4299 quae

1240 4324 1273 4355 a
1305 4306 1508 4356 consilio
1547 4306 1864 4354 commotiore
1901 4308 1952 4351 et
1987 4302 2052 4349 ad
2091 4301 2258 4354 omnia

1242 4370 1483 4425 turbanda
1505 4369 1660 4431 magis
1681 4375 1801 4431 apto
1821 4365 2188 4429 proveniebaw'
