3000 4784
702 232 830 291 244
1484 221 1712 289 ΤΙΤΙ
1766 221 2042 287 LIVII

378 375 445 425 U.
469 376 528 425 C.
554 376 663 436 318.
702 372 867 435 sunt,
914 380 1107 445 quam
1158 358 1218 423 le
1266 358 1439 423 'ones
1486 358 1723 423 auxilio
1767 358 2152 423 Faliscorum
2197 368 2526 421 venerunt.
2651 354 2882 422 Tum⁴

374 440 435 489 A.
470 440 529 490 C·
554 454 663 501 434·
702 447 963 512 demum
988 459 1191 510 castra
1274 458 1626 511 truscorum
1653 468 1770 532 pro
1801 444 2132 509 moenibus
2157 442 2540 508 Fidenarum
2569 443 2836 530 posita:

704 546 771 597 et
798 532 1067 596 dictator
1098 532 1425 595 Romanus
1467 532 1643 595 haud
1685 531 1910 619 procul
1943 531 2093 596 inde
2123 530 2206 595 ad
2235 531 2644 609 confluentes
2677 552 2842 593 con-

705 619 869 683 sedit
890 619 958 681 in
982 619 1307 704 utriusque
1335 619 1487 704 ripis
1509 619 1730 695 amnis,
1756 642 1884 705 qua
1904 619 2086 705 sequi
2115 619 2514 682 munimento
2545 630 2842 704 poterat,
2861 634 2886 679 Ξ

478 714 575 773 18.
706 706 869 769 vallo
890 706 1277 791 interposito,
1343 704 1606 769 Postero
1629 705 1733 769 die
1764 706 1832 769 in
1863 705 2064 770 aciem
2086 704 2326 769 eduxit.
2393 704 2578 767 Inter
2607 704 2846 766 hostes

704 792 908 856 variae
938 792 1111 856 fuere
1142 791 1509 855 sententiae.
1601 790 1897 869 FaliscuS,
1927 791 2150 878 procul
2189 792 2268 856 ab
2298 790 2490 855 domo
2523 790 2846 853 militiam

705 902 779 942 ae
824 901 889 943 re
920 878 1185 964 patienS,
1210 878 1484 964 satisque
1508 877 1713 942 fidens
1735 879 1873 955 sibi,
1898 900 2157 965 poscere
2186 900 2502 965 pugnam:
2597 876 2848 941 'eie-nti

707 964 780 1029 Fi
828 964 1126 1050 enatique
1163 964 1305 1050 plus
1334 964 1468 1049 spei
1512 964 1581 1027 in
1625 965 1935 1030 trahendo
1963 965 2131 1028 bello
2161 988 2314 1029 esse.
2408 962 2842 1039 Tolumnius,

706 1074 1073 1137 quanquam
1103 1073 1355 1114 suorum
1390 1052 1590 1136 magis
1595 1050 1952 1200 lplacebant
1979 1051 2258 1127 consilia,
2285 1074 2366 1115 ne
2399 1049 2846 1137 long-inquam

709 1137 997 1201 militiam
1036 1160 1167 1201 non
1198 1150 1566 1223 paterentur
1647 1138 1837 1215 alisci,
1868 1150 2120 1225 postero
2149 1138 2254 1201 die
2285 1160 2350 1202 se
2381 1152 2844 1223 pugnaturum

709 1224 918 1289 edicit.
1010 1224 1324 1289 Dictatori
1368 1247 1441 1288 ac
1490 1224 1815 1301 RomaniS,
1862 1224 2037 1311 quod
2081 1224 2488 1289 detrectasset
2583 1246 2844 1311 ugnam

708 1310 924 1387 hostis,
956 1312 1151 1375 animi
1183 1333 1533 1376 accessere:
1583 1324 1961 1398 posteroque
2002 1311 2126 1388 die,
2169 1310 2294 1374 iam
2339 1310 2526 1375 militi
2577 1334 2658 1374 us
2699 1334 2846 1375 cas-

710 1412 807 1463 tra
834 1400 1183 1484 urbemque
1206 1422 1272 1462 se
1295 1413 1768 1484 oppugnaturos
1799 1398 2230 1473 frementibuS,
2251 1398 2320 1461 ni
2349 1397 2534 1483 copia
2563 1420 2842 1485 pugnae

710 1486 839 1561 fiat,
871 1487 1061 1549 utrim
1112 1508 1190 1548 ue
1221 1484 1385 1548 acies
1414 1485 1582 1547 inter
1609 1485 1760 1548 bina
1787 1498 1988 1549 castra
2021 1484 2089 1548 in
2119 1483 2400 1548 medium
2431 1506 2576 1547 cam
2627 1486 2649 1547 i
2683 1508 2844 1571 pro-

384 1588 622 1637 Veientes
710 1572 963 1635 cedunt.
1056 1510 1311 1645 aciem,
1356 1570 1764 1635 multitudine
1808 1570 2155 1647 abundans,
2189 1571 2298 1657 qui
2345 1572 2512 1634 inter
2609 1572 2842 1635 'mica-

383 1668 493 1701 cum
520 1654 661 1701 ”⁰³5⁸
711 1659 949 1721 tionem
977 1670 1179 1719 castra
1211 1656 1504 1719 Romana
1531 1657 2040 1743 aggrederentur,
2071 1670 2216 1743 post
2259 1671 2506 1721 montes
2547 1658 2844 1722 circum-

380 1719 693 1829 {gffgnssff'
710 1744 895 1807 misit.
989 1743 1214 1806 Trium
1243 1741 1624 1853 populorum
1655 1744 1966 1809 exercitus
2007 1745 2095 1807 ita
2137 1744 2310 1808 stetit
2349 1744 2728 1821 instructus,
2765 1760 2842 1807 ut

382 1850 565 1893 manos.
709 1829 1002 1892 dextrum
1048 1851 1247 1891 comu
1280 1828 1321 1891 W
1343 1829 1602 1906 eientes,
1633 1830 1953 1894 sinistrum
1996 1829 2218 1895 Falisci
2265 1844 2578 1905 tenerent,
2625 1831 2840 1895 medii

710 1915 1045 1980 Fidenates
1068 1928 1291 1979 essent.
1384 1914 1680 1980 Dictator
1706 1917 1933 1982 dextro
1963 1940 2162 1981 cornu
2191 1917 2488 1981 adversus
2519 1916 2834 1993 Faliscos,

708 2001 959 2067 sinistro
991 2015 1211 2067 contra
1238 2000 1581 2066 Veientem
1615 2002 2017 2090 Capitolinus
2052 2003 2394 2079 Quinctius
2437 2003 2662 2068 intulit
2701 2006 2840 2091 sig-

710 2111 826 2153 na:
892 2102 1039 2153 ante
1086 2088 1359 2152 mediam
1404 2089 1606 2154 aciem
1651 2113 1798 2153 cum
1842 2091 2133 2176 equitatu
2185 2091 2482 2177 magister
2523 2090 2838 2177 equitum

709 2176 1025 2263 processit.
1118 2175 1469 2262 Parumper
1507 2176 1830 2241 silentium
1860 2190 1924 2241 et
1953 2177 2134 2263 quies
2171 2177 2310 2253 fuit,
2346 2200 2467 2241 nec
2509 2176 2832 2253 EtrusciS,

710 2263 831 2326 nisi
862 2275 1253 2349 cogerentur,
1286 2286 1566 2349 pugnam
1598 2263 1864 2339 inituris,
1898 2276 1964 2327 et
1993 2264 2295 2328 dictatore
2333 2285 2542 2328 arcem
2575 2264 2836 2327 Roma-

710 2372 859 2413 nam
902 2362 1312 2436 respectante,
1346 2363 1419 2413 ut
1447 2350 1526 2413 ab
1557 2350 1918 2436 auguribus,
1949 2349 2136 2414 simul
2183 2373 2328 2415 aves
2371 2351 2490 2414 rite
2528 2350 2879 2415 admisis-6

710 2448 869 2513 sent,
916 2459 996 2499 ex
1042 2436 1389 2524 composito
1438 2436 1764 2501 tolleretur
1805 2436 2074 2522 signum.
2181 2436 2378 2511 Quod
2429 2436 2618 2501 simul
2663 2460 2833 2502 con-

710 2523 935 2609 spexit,
980 2524 1218 2610 primos
1261 2523 1509 2609 equites
1553 2523 1822 2587 clamore
1867 2522 2114 2587 sublato
2158 2523 2226 2587 in
2271 2522 2518 2587 hostem
2561 2525 2825 2588 emisit:

710 2624 928 2674 secuta
1050 2610 1253 2674 ditum
1290 2610 1456 2673 acies
1496 2610 1741 2695 ingenti
1771 2609 1834 2672 vi
1864 2608 2167 2674 conflixit.
2263 2609 2462 2674 Nulla
2503 2624 2684 2697 parte
2739 2611 2830 2675 le-

709 2697 930 2781 giones
1030 2712 1269 2760 truscae
1310 2697 1663 2761 sustinuere
1705 2696 2014 2781 impetum
2049 2696 2502 2760 Romanorum.
2599 2696 2828 2784 Eques

711 2783 984 2845 maxime
1015 2781 1371 2845 resistebat:
1422 2784 1839 2869 equitumque
1869 2782 2058 2868 longe
2088 2782 2460 2847 fortissimus
2505 2784 2640 2869 ipse
2681 2808 2824 2861 rex,

710 2868 790 2930 ab
820 2868 993 2929 omni
1035 2880 1210 2951 parte
1252 2869 1446 2931 effuse
1484 2868 1895 2954 sequentibus
1923 2870 2298 2955 obequitans
2331 2869 2659 2945 Romania
2695 2884 2828 2934 tra-

494 2962 590 3022 19.
709 2952 901 3016 hebat
930 2966 1263 3016 certamen.
1358 2952 1514 3017 Erat
1556 2969 1691 3018 tum
1735 2955 1902 3020 inter
1930 2956 2177 3054 equites
2207 2956 2496 3020 tribunus
2541 2956 2822 3021 militmn
2843 2980 2868 3026 7

384 3044 564 3093 Cossus
586 3060 655 3093 re·
712 3037 794 3102 A.
833 3036 1170 3101 Cornelius
1204 3038 1457 3115 CossuS,
1490 3041 1726 3104 eximia
1764 3041 2236 3128 pulchrltudine
2273 3043 2568 3142 corporis,
2602 3043 2826 3107 animo

380 3122 689 3223 {zffidft‘fmm
710 3148 782 3189 ac
826 3124 1061 3189 viribus
1103 3147 1233 3211 par,
1272 3148 1640 3213 memorque
1683 3129 1951 3215 generiS,
1984 3128 2177 3215 quod,
2210 3128 2668 3216 amplissimum
2717 3154 2824 3194 ac-

710 3226 985 3299 ceptum,
1032 3212 1233 3276 maius
1286 3213 1658 3299 auctiusque
1703 3214 1960 3299 reliquit
2001 3216 2283 3301 posteris.
2380 3214 2443 3279 Is
2487 3238 2690 3302 quum
2741 3216 2824 3281 ad

710 3298 1020 3385 impetum
1064 3297 1411 3383 Tolumnii,
1451 3323 1832 3387 quacunque
1877 3324 1942 3365 se
1988 3301 2380 3379 intendisset,
2427 3302 2822 3388 trepidantes

712 3384 1033 3449 Romanas
1077 3385 1319 3450 videret
1373 3399 1626 3464 turmas,
1673 3387 2117 3475 insignemque
2163 3410 2310 3452 eum
2363 3388 2538 3474 regio
2592 3388 2822 3455 habitu

708 3470 1075 3535 volitantem
1108 3484 1239 3536 tota
1260 3473 1392 3537 acie
1414 3486 1764 3560 cognosset,
1793 3482 1813 3511 ⁶
1833 3473 2105 3540 Hiccine
2137 3474 2271 3549 est‚’
2301 3474 2529 3560 inquit,
2558 3483 2824 3564 ‘ruptor

712 3566 730 3595 ‘
751 3556 1020 3623 foederis
1042 3558 1323 3635 humani,
1343 3559 1732 3646 violatorque
1807 3560 2051 3624 entium
2074 3561 2226 3624 iuris
2241 3562 2272 3625 Ρ
2338 3560 2475 3625 Iam
2499 3584 2620 3648 ego
2651 3562 2820 3627 hanc

712 3651 733 3680 ‘
754 3656 1087 3709 mactatam
1132 3645 1470 3723 victimam,
1517 3646 1602 3731 (si
1647 3670 1712 3709 m
1799 3670 1838 3711 o
1884 3647 2083 3711 sancti
2129 3647 2472 3734 quicquam
2519 3648 2588 3712 in
2639 3652 2820 3715 terris

770 3871 801 3915 4
832 3856 1090 3916 Leyiones]
1136 3854 1385 3905 Nimirum
1422 3856 1725 3907 Faliscorum
1793 3858 1994 3922 Nempe
2019 3860 2089 3919 id,
2111 3860 2174 3907 de
2196 3875 2294 3920 quo
2317 3860 2714 3909 consulebantur.
2749 3876 2818 3910 sc.

706 3918 920 3980 legiones
952 3918 1138 3967 auxilio
1170 3919 1462 3969 Veientibus
1494 3928 1546 3969 et
1580 3922 1725 3971 Fide-
1791 3938 2022 3985 pugnam.
2080 3924 2162 3973 sic
2184 3938 2332 3987 saepe
2353 3926 2608 3973 admittere
2631 3925 2710 3972 vel
2731 3928 2818 3973 ad-

704 3982 901 4031 natibus
924 3990 1175 4033 venerunt.
1787 3988 1948 4036 dicere
1980 3988 2042 4036 de
2075 3989 2262 4037 avibus.
2333 3988 2460 4036 Inde
2489 3988 2680 4037 Festus.
2715 3991 2816 4036 Ad-

770 4060 797 4109 5
835 4050 947 4106 Qua
965 4049 1126 4109 sequi]
1169 4062 1235 4096 sc.
1260 4048 1463 4108 Amnes,
1484 4048 1534 4097 h.
1559 4065 1602 4098 e.
1627 4065 1726 4111 qua
1787 4053 2012 4101 missione
2049 4068 2182 4111 aves,
2213 4068 2340 4114 quae
2377 4054 2708 4101 consulentem
2743 4056 2816 4101 iu—

706 4118 844 4173 parte
866 4112 1225 4160 munimentum
1250 4114 1313 4161 ad
1336 4118 1599 4175 utrumque
1622 4130 1723 4161 am-
1790 4117 1972 4164 berem.
2033 4118 2262 4165 Remores
2283 4132 2416 4175 aves,
2437 4132 2566 4179 quae
2585 4123 2816 4165 acturum

702 4190 817 4223 nem
853 4176 1117 4238 perducere
1151 4182 1357 4237 poterat,
1379 4176 1448 4224 ita
1470 4183 1528 4225 ut
1554 4192 1585 4225 a
1607 4178 1723 4227 dua—
1787 4181 1981 4242 aliquid
1999 4182 2238 4229 remorari
2259 4182 2568 4242 compellunt.
2603 4180 2798 4229 Rxscn.

702 4240 794 4286 bus
828 4240 1060 4300 partibus,
1086 4240 1326 4298 amnibus,
1358 4255 1391 4286 a
1420 4242 1566 4289 tertia
1589 4256 1720 4299 vero,
1863 4255 1888 4304 7
1928 4246 2176 4292 Tribunus
2233 4245 2468 4303 militum]
2548 4244 2700 4293 Dion.
2763 4246 2812 4293 in

708 4303 835 4349 vallo
858 4308 1017 4349 tectus
1036 4308 1177 4350 esset.
1787 4304 2020 4368 Excerpt.
2049 4308 2163 4355 Vat.
2187 4307 2271 4355 xii.
2307 4322 2353 4365 α,
2383 4309 2592 4356 Cossum
2629 4306 2810 4369 χιλίαρ-

774 4364 805 4411 6
843 4366 1005 4413 St‘mul
1060 4381 1175 4415 aves
1236 4366 1327 4413 rite
1381 4368 1713 4427 admisissent]
1782 4386 1878 4429 χον
1899 4370 2005 4418 τινὰ
2027 4370 2249 4429 ‘remu
2273 4380 2428 4419 vocat.
