3000 4784
663 166 751 228 44
1021 197 1028 212 ·
1437 158 1663 227 ΤΙΤῙ
1715 157 1988 226 LIVII

327 317 503 366 circus
661 293 916 372 dicitur,
947 285 1314 382 designatus
1341 294 1519 360 locus
1548 307 1677 360 est:
1713 292 1853 358 loca
1876 291 2079 357 divisa
2098 289 2395 356 Patribus
2414 288 2779 376 equitibus-

330 379 590 428 maximus.
711 403 812 457 ue,
859 381 968 446 ubi
1021 381 1382 468 spectacula
1424 381 1544 446 sibi
1589 405 1634 467 q
1682 381 1695 394 ‘
1778 402 1859 444 ue
1902 379 2221 453 facerent3
2272 376 2394 440 fori
2442 399 2483 440 a
2526 374 2773 462 pellati-

663 405 1048 552 §pectavere
1094 466 1311 532 furcis·
1342 402 1800 532 duodenoffi
1847 479 2015 530 terra
2060 462 2418 561 spectacula
2462 399 2591 526 *Sta
2630 483 2779 526 sus-
2804 481 2839 513 ²

663 551 1018 617 tinentibus
1081 553 1295 639 pedes.
1409 552 1763 617 Ludicrum
1818 550 1973 616 fuit:
2044 550 2197 636 equi
2252 547 2629 636 pugilesque
2686 567 2779 611 ex

666 637 926 702 Etruria
966 639 1241 703 maxime
1287 639 1490 704 acciti.
1586 637 1917 704 Sollennes
1958 635 2198 702 deinde
2238 634 2437 700 annui
2480 655 2777 698 mansere

336 737 464 786 Ludi
491 738 590 786 Ro·
663 723 819 800 ludi,
854 723 1134 790 Romani
1164 722 1521 824 Magnique
1542 723 1721 824 ‘varie
1750 722 2067 811 appellati.
2133 721 2243 786 Ab
2265 720 2493 786 eodem
2520 741 2675 805 rege
2702 731 2782 783 et

332 801 484 850 mani.
666 809 834 874 circa
870 809 1080 874 forum
1118 824 1378 897 privatis
1418 810 1814 875 aedificanda
1840 809 2045 874 divisa
2074 821 2225 873 sunt
2266 807 2440 882 loca;
2484 803 2780 892 porticus

665 895 1094 982 tabernaeque
1123 896 1344 960 iactae.
2636 951 2643 958 .

433 987 516 1046 36
752 979 950 1046 Muto
1025 1005 1068 1046 u
1155 1005 1236 1047 ue
1271 981 1526 1068 lapideo
1560 981 1949 1048 circumdare
1990 981 2215 1046 urbem
2252 979 2535 1066 parabat,
2564 999 2779 1063 quum

335 1071 537 1120 Beuum
575 1132 586 1144 ,
669 1066 978 1132 Sabinum
1140 1090 1249 1131 um
1281 1068 1522 1154 coeptis
1558 1068 1938 1134 intervenit:
1987 1067 2275 1152 adeoque
2316 1087 2397 1129 ea
2427 1063 2636 1129 subita
2670 1085 2782 1127 nes

334 1150 450 1246 32¹¹
473 1134 607 1182 ω’·
661 1153 804 1231 fuit,
856 1166 932 1218 ut
986 1154 1161 1240 prius
1213 1155 1539 1219 Anienem
1591 1155 1933 1218 transirent
1982 1152 2212 1228 hostes,
2266 1173 2459 1238 quam
2516 1149 2781 1214 obviam

663 1239 758 1304 ire
804 1261 879 1304 ac
925 1237 1262 1326 prohibere
1307 1241 1626 1306 exercitus
1666 1239 1999 1304 Romanus
2224 1250 2269 1302 t.
2360 1235 2589 1322 Itaque
2642 1247 2783 1298 tre-

661 1325 954 1412 pidatum
1015 1325 1263 1392 Romae
1337 1339 1477 1392 est:
1554 1339 1627 1392 et
1687 1326 1897 1412 primo
1952 1325 2045 1389 du
2086 1324 2151 1388 ia
2206 1322 2471 1388 victoria
2538 1343 2785 1406 magna

664 1411 988 1498 utrimque
1015 1412 1212 1477 caede
1289 1425 1599 1499 ugnatum
1638 1423 1751 1478 est.
1846 1409 2161 1477 Reductis
2186 1408 2423 1474 deinde
2458 1408 2531 1472 in
2568 1419 2785 1472 castra

664 1496 944 1562 hostium
983 1519 1020 1560 c
1108 1496 1146 1511 ⁰⁰
1181 1543 1200 1574 ,
1242 1435 1523 1584 gatoque
1554 1499 1757 1583 spatio
1788 1496 2117 1573 Romanis,
2158 1495 2241 1560 ad
2268 1491 2785 1580 comparandum

665 1581 748 1646 de
777 1520 1318 1668 integi-offlam,
1339 1583 1749 1669 Tarquinius,
1772 1583 2057 1669 equitem
2086 1582 2363 1646 maxime
2392 1579 2523 1646 suis
2548 1578 2783 1644 deesse

668 1667 905 1731 viribus
949 1679 1139 1745 ratus,
1199 1669 1282 1732 ad
1329 1667 1629 1746 Ramnes,
1676 1669 2016 1744 TitienSeS,
2063 1666 2363 1744 Luceres,
2416 1687 2573 1752 quas
2618 1687 2785 1730 cen·—

670 1753 865 1818 turias
913 1752 1228 1818 Romulus
1272 1755 1621 1841 scripserat,
1658 1754 1892 1818 addere
1940 1754 2092 1818 alias
2130 1753 2479 1830 constituit,
2690 1773 2783 1816 ue
2806 1774 2840 1822 3

669 1838 950 1925 insignes
977 1838 1337 1926 relinquere
1367 1840 1647 1906 nomine.
1739 1839 1821 1906 Id
1858 1840 2013 1926 quia
2048 1841 2425 1926 inaugurato
2456 1837 2628 1904 Rom
2698 1859 2786 1902 us

344 1933 494 2005 Attus
669 1924 920 2002 fecerat,
951 1947 1183 2012 negare
1209 1927 1406 1991 Attus
1437 1925 1702 2002 Navius,
1732 1924 2012 1991 inclutus
2040 1948 2118 1989 ea
2144 1936 2521 2011 tempestate
2548 1945 2784 2009 augur,

344 1995 396 2044 N
398 2009 550 2044 avius.
667 2032 880 2096 neque
909 2011 1161 2088 mutari,
1185 2033 1396 2098 neque
1425 2033 1667 2076 novum
1694 2011 2014 2088 constitui,
2038 2011 2160 2075 nisi
2189 2033 2337 2076 aves
2358 2009 2783 2086 addixissent,

669 2095 1071 2247 {Te-dag?
1086 2119 1180 2245 12⁰
1201 2119 1373 2260 ff
1441 2095 2379 2258 ivffi‘ss‘ss’meffiemrssffiffiff'
2422 2095 2788 2257 “²3¹¹ssss

673 2274 693 2305 ‘
711 2205 888 2332 nge
931 2229 1062 2354 ego
1095 2205 1310 2332 miinte
1355 2268 1688 2354 concipi0.’
1778 2205 2001 2342 Qtiiigum
2044 2267 2173 2345 ille,
2216 2269 2287 2332 in
2330 2203 2785 2354 affioqoem

671 2365 992 2440 expertus,
1033 2354 1320 2454 profecto
1361 2353 1641 2419 futuram
1698 2353 1999 2430 dixisset3
2076 2363 2096 2393 ‘
2126 2355 2334 2440 Atqui
2382 2353 2509 2418 hoc
2558 2351 2786 2418 animo

675 2448 695 2476 ‘
716 2439 988 2526 agitavi,'
1021 2440 1258 2530 mquit,
1311 2449 1328 2478 ‘
1353 2453 1419 2505 te
1467 2439 1775 2506 novacula
1816 2453 2027 2505 cotem
2072 2439 2495 2505 discis-urum.
2592 2437 2785 2525 Cape

677 2534 696 2565 ‘
716 2526 895 2603 haec,
937 2539 1004 2590 et
1043 2547 1296 2613 perage,
1339 2527 1517 2614 quod
1562 2549 1707 2591 aves
1746 2539 1893 2590 tuae
1940 2525 2082 2590 fieri
2120 2548 2302 2612 posse
2342 2524 2789 2612 portendunt-²

674 2612 850 2676 Tum
920 2611 1103 2676 illum
1179 2611 1352 2678 haud
1421 2623 1797 2678 cunctanter
1870 2611 2193 2676 discidisse
2262 2625 2473 2676 cotem
2537 2609 2785 2676 ferunt.

659 2697 904 2762 Statua
953 2697 1099 2762 Atti
1157 2699 1364 2796 capite
1413 2697 1640 2774 velam,
1694 2720 1824 2782 quo
1872 2697 1943 2762 in
1988 2696 2132 2762 loco
2182 2719 2289 2762 res
2333 2709 2475 2762 acta
2530 2708 2646 2774 est,
2710 2696 2789 2760 in

677 2783 954 2857 comiti0,
977 2783 1048 2844 in
1073 2782 1376 2866 gradibus
1403 2783 1559 2868 ipsis
1579 2781 1662 2856 ad
1682 2782 1926 2846 laevam
1948 2783 2158 2848 curiae
2180 2783 2337 2848 fuit:
2382 2795 2594 2848 cotem
2616 2805 2790 2869 quo-

679 2889 806 2952 que
850 2865 1078 2930 eodem
1121 2866 1262 2931 loco
1305 2867 1492 2930 sitam
1533 2867 1725 2931 fixisse
1762 2882 2135 2946 memorant,
2182 2881 2255 2934 ut
2298 2881 2463 2934 esset
2504 2867 2589 2934 ad
2631 2891 2790 2956 pos-

679 2965 848 3016 teros
875 2951 1162 3014 miraculi
1191 2951 1328 3015 eius
1357 2965 1863 3018 monumentum.
1946 2954 2255 3042 Auguriis
2283 2967 2456 3020 certe
2486 2954 2789 3020 encenio-

675 3036 895 3122 tioque
925 3058 1238 3122 augurum
1267 3048 1480 3102 tantus
1508 3038 1711 3104 honos
1738 3039 2017 3117 accessit,
2060 3053 2134 3105 ut
2171 3040 2335 3106 nihil
2372 3040 2526 3106 belli
2570 3040 2789 3106 domi-

678 3143 804 3208 que
861 3134 1099 3222 postea,
1159 3122 1282 3187 nisi
1347 3125 1688 3212 auspicato,
1748 3137 2118 3212 gerereturt
2199 3127 2469 3192 concilia
2532 3127 2785 3214 populi,
2810 3157 2845 3200 4

677 3221 992 3272 exercltus
1022 3209 1245 3286 vocati,
1286 3213 1535 3276 sumina
1570 3233 1801 3287 rerum,
1844 3213 1959 3279 ubi
1995 3235 2141 3277 aves
2184 3235 2317 3277 non
2356 3213 2787 3290 admisfflent,

675 3292 1140 3392 dirimerentur.
1233 3293 1468 3382 Neque
1531 3307 1669 3361 tum
1715 3296 2104 3383 Tarquinius
2157 3298 2241 3362 de
2288 3299 2581 3386 equitum
2628 3321 2791 3362 cen-

679 3391 858 3442 turns
914 3379 1257 3466 quicquam
1318 3383 1625 3448 mutavit:
1702 3404 1968 3448 numero
2019 3383 2290 3451 alterum
2350 3397 2601 3450 tamum
2666 3384 2791 3450 ad-
2813 3409 2845 3456 5

727 3578 769 3611 -α
803 3564 1006 3623 Fas-cis]
1051 3563 1096 3612 E
1117 3566 1424 3626 spectaculis,
1445 3567 1549 3616 sive
1570 3567 1693 3615 sedi·
1756 3567 1963 3630 scripsit,
2020 3582 2170 3630 supra
2229 3583 2302 3631 13.
2400 3569 2581 3618 Tullus
2632 3585 2791 3633 supra

675 3625 820 3686 libus,
841 3627 954 3676 altis
985 3628 1237 3677 duodenos
1265 3631 1330 3677 ab
1363 3637 1494 3679 terra
1524 3631 1693 3692 pedes,
1759 3645 1835 3691 30.
1870 3633 2039 3680 decem
2073 3639 2259 3680 turmas
2290 3649 2354 3682 ex
2390 3633 2597 3682 Albanis
2628 3635 2787 3696 legit:

675 3705 802 3751 quae
823 3689 968 3738 furcis
989 3691 1360 3768 sustinebantur.
1547 3759 1557 3769 ,
1584 3758 1595 3770 .
1756 3709 1900 3755 quae,
1914 3709 2064 3756 quum
2086 3694 2306 3770 singulae
2326 3696 2523 3745 tricenis
2536 3697 2793 3758 equitibus

743 3767 772 3814 3
803 3756 998 3804 Addere
1017 3756 1170 3816 alias]
1221 3757 1299 3804 Ex
1323 3758 1468 3818 plebe
1491 3760 1695 3817 scilicet,
1760 3764 2053 3816 constarent,
2094 3773 2350 3808 universae
2391 3766 2639 3810 trecentos
2680 3762 2788 3810 effi-

675 3822 732 3864 ut
755 3816 806 3864 N
810 3816 1028 3865 iebuhrio
1051 3820 1228 3879 placet.
1760 3819 1909 3870 ciunt.
1978 3822 2174 3882 Itaque,
2194 3823 2235 3870 si
2258 3822 2455 3871 Livium
2478 3825 2641 3873 solum
2668 3839 2787 3876 con-

743 3898 774 3940 4
803 3881 1022 3930 Concilio
1037 3885 1230 3943 populi,
1244 3886 1487 3934 exercitus
1508 3887 1689 3943 υοοατί]
1758 3885 1993 3941 sulamus,
2035 3893 2293 3934 sexcentos
2345 3893 2539 3936 tantum
2594 3889 2792 3950 equites

677 3941 728 3992 h.
746 3958 789 3993 e.
813 3943 1027 3993 Comitia
1047 3946 1249 4005 curiata,
1272 3952 1324 3994 et
1345 3946 1561 3995 Comitia
1582 3961 1692 3995 cen-
1757 3953 1875 3994 ante
1918 3946 2237 4008 Tarquinium
2292 3951 2546 4000 habemus.
2632 3953 2789 4006 Dion.

677 4007 860 4056 tul-iata.
879 4008 939 4056 ef.
965 4009 1016 4056 N
1019 4008 1169 4058 iebhr.
1193 4010 1224 4059 i,
1249 4025 1296 4071 p.
1321 4011 1431 4070 418.
1758 4008 1808 4056 ii.
1840 4010 2007 4059 scribit
2035 4011 2173 4059 mille
2204 4013 2357 4062 ferme
2393 4015 2584 4075 equites
2612 4031 2646 4064 a.
2680 4017 2787 4068 Ro-

745 4083 774 4131 5
805 4073 1034 4120 Alterum
1051 4075 1268 4132 tantum]
1319 4073 1584 4128 Quomodo
1606 4073 1693 4121 du·
1758 4074 1898 4121 mulo
1938 4073 2133 4122 relictos
2174 4074 2353 4125 fixisse:
2406 4078 2489 4139 qui
2532 4093 2791 4140 numerus,

679 4133 890 4196 plicatus
933 4135 1151 4196 equitum
1194 4149 1424 4182 numerus
1465 4135 1605 4184 mille
1644 4143 1695 4185 et
1761 4149 1873 4183 eum
1918 4135 1975 4184 iis
2017 4152 2139 4198 quos
2182 4139 2363 4190 Tullus
2404 4141 2613 4201 addidit,
2654 4143 2791 4194 iusto

677 4196 982 4259 octingentos
995 4197 1200 4254 dederit,
1217 4213 1314 4244 non
1337 4198 1452 4244 satis
1472 4205 1694 4259 apparet.
1760 4198 1915 4248 maior
1936 4201 2041 4249 erit.
2074 4201 2236 4252 Cnnv.

678 4260 925 4310 Romulus
953 4267 1052 4310 tres
1078 4258 1298 4321 equitum
1320 4260 1564 4310 centurias
1584 4277 1694 4311 con—
