<?xml version="1.0" encoding="UTF-8"?>
<!DOCTYPE html PUBLIC "-//W3C//DTD XHTML 1.0 Transitional//EN"
    "http://www.w3.org/TR/xhtml1/DTD/xhtml1-transitional.dtd">
<html xmlns="http://www.w3.org/1999/xhtml" xml:lang="en" lang="en">
 <head>
  <title>
</title>
<meta http-equiv="Content-Type" content="text/html;charset=utf-8" />
  <meta name='ocr-system' content='tesseract 3.04.00' />
  <meta name='ocr-capabilities' content='ocr_page ocr_carea ocr_par ocr_line ocrx_word'/>
</head>
<body>
  <div class='ocr_page' id='page_1' title='image "./tliviipatavinih10unkngoog_0609.png"; bbox 0 0 3000 4784; ppageno 0'>
   <div class='ocr_carea' id='block_1_1' title="bbox 862 250 2299 319">
    <p class='ocr_par' dir='ltr' id='par_1_1' title="bbox 862 250 2299 319">
     <span class='ocr_line' id='line_1_1' title="bbox 862 250 2299 319; baseline 0.001 -1"><span class='ocrx_word' id='word_1_1' title='bbox 862 250 1054 319; x_wconf 93' lang='lat' dir='ltr'>LIB.</span> <span class='ocrx_word' id='word_1_2' title='bbox 1105 252 1190 319; x_wconf 90' lang='lat' dir='ltr'>X.</span> <span class='ocrx_word' id='word_1_3' title='bbox 1257 252 1476 319; x_wconf 85' lang='lat' dir='ltr'>CAP.</span> <span class='ocrx_word' id='word_1_4' title='bbox 1526 259 1628 319; x_wconf 88' lang='lat'>34.</span> <span class='ocrx_word' id='word_1_5' title='bbox 2174 256 2299 319; x_wconf 84' lang='lat'>595</span> 
     </span>
    </p>
   </div>
   <div class='ocr_carea' id='block_1_2' title="bbox 191 386 2603 576">
    <p class='ocr_par' dir='ltr' id='par_1_2' title="bbox 191 386 2603 576">
     <span class='ocr_line' id='line_1_2' title="bbox 193 386 2603 477; baseline 0.001 -25"><span class='ocrx_word' id='word_1_6' title='bbox 193 386 286 451; x_wconf 88' lang='lat' dir='ltr'>ad</span> <span class='ocrx_word' id='word_1_7' title='bbox 319 388 676 454; x_wconf 87' lang='lat' dir='ltr'>exercitum</span> <span class='ocrx_word' id='word_1_8' title='bbox 705 390 1038 477; x_wconf 83' lang='lat' dir='ltr'>profectus,</span> <span class='ocrx_word' id='word_1_9' title='bbox 1068 392 1149 456; x_wconf 85' lang='lat' dir='ltr'>ab</span> <span class='ocrx_word' id='word_1_10' title='bbox 1183 390 1338 455; x_wconf 88' lang='lat' dir='ltr'>Sora</span> <span class='ocrx_word' id='word_1_11' title='bbox 1365 391 1432 454; x_wconf 92' lang='lat' dir='ltr'>in</span> <span class='ocrx_word' id='word_1_12' title='bbox 1467 390 1795 455; x_wconf 86' lang='lat' dir='ltr'>Samnium</span> <span class='ocrx_word' id='word_1_13' title='bbox 1830 389 1913 453; x_wconf 88' lang='lat' dir='ltr'>ad</span> <span class='ocrx_word' id='word_1_14' title='bbox 1940 400 2141 455; x_wconf 84' lang='lat' dir='ltr'>castra</span> <span class='ocrx_word' id='word_1_15' title='bbox 2168 390 2299 455; x_wconf 78' lang='lat' dir='ltr'>col-</span> <span class='ocrx_word' id='word_1_16' title='bbox 2317 402 2385 452; x_wconf 90' lang='lat' dir='ltr'>U.</span> <span class='ocrx_word' id='word_1_17' title='bbox 2408 402 2472 454; x_wconf 82' lang='lat' dir='ltr'>c.</span> <span class='ocrx_word' id='word_1_18' title='bbox 2490 404 2603 467; x_wconf 81' lang='lat'><strong>458·</strong></span> 
     </span>
     <span class='ocr_line' id='line_1_3' title="bbox 191 469 2603 576; baseline -0.012 -13"><span class='ocrx_word' id='word_1_19' title='bbox 191 474 416 576; x_wconf 42' lang='lat' dir='ltr'>legw-</span> <span class='ocrx_word' id='word_1_20' title='bbox 448 476 744 575; x_wconf 75' lang='lat' dir='ltr'>perrexit.</span> <span class='ocrx_word' id='word_1_21' title='bbox 851 475 1013 542; x_wconf 87' lang='lat' dir='ltr'>Inde</span> <span class='ocrx_word' id='word_1_22' title='bbox 1059 489 1392 565; x_wconf 79' lang='lat' dir='ltr'><strong>postquam</strong></span> <span class='ocrx_word' id='word_1_23' title='bbox 1444 476 1775 554; x_wconf 89' lang='lat' dir='ltr'>Samnites,</span> <span class='ocrx_word' id='word_1_24' title='bbox 1823 475 2008 541; x_wconf 83' lang='lat' dir='ltr'>diffisi</span> <span class='ocrx_word' id='word_1_25' title='bbox 2048 476 2297 541; x_wconf 86' lang='lat' dir='ltr'>duobus</span> <span class='ocrx_word' id='word_1_26' title='bbox 2313 469 2377 517; x_wconf 75' lang='lat' dir='ltr'>A.</span> <span class='ocrx_word' id='word_1_27' title='bbox 2408 470 2468 519; x_wconf 81' lang='lat'>0·</span> <span class='ocrx_word' id='word_1_28' title='bbox 2492 484 2603 533; x_wconf 83' lang='lat'><strong>²94·</strong></span> 
     </span>
    </p>
   </div>
   <div class='ocr_carea' id='block_1_3' title="bbox 141 562 2355 3583">
    <p class='ocr_par' dir='ltr' id='par_1_3' title="bbox 141 562 2355 3583">
     <span class='ocr_line' id='line_1_4' title="bbox 189 562 2296 651; baseline 0.002 -28"><span class='ocrx_word' id='word_1_29' title='bbox 189 563 592 627; x_wconf 76' lang='lat' dir='ltr'>exercitibus</span> <span class='ocrx_word' id='word_1_30' title='bbox 634 564 837 628; x_wconf 84' lang='lat' dir='ltr'>resisti</span> <span class='ocrx_word' id='word_1_31' title='bbox 881 586 1082 651; x_wconf 81' lang='lat' dir='ltr'>posse,</span> <span class='ocrx_word' id='word_1_32' title='bbox 1127 578 1556 641; x_wconf 84' lang='lat' dir='ltr'>recesserunt3</span> <span class='ocrx_word' id='word_1_33' title='bbox 1602 562 1832 627; x_wconf 84' lang='lat' dir='ltr'>diversi</span> <span class='ocrx_word' id='word_1_34' title='bbox 1877 562 2167 627; x_wconf 88' lang='lat' dir='ltr'>consules</span> <span class='ocrx_word' id='word_1_35' title='bbox 2213 564 2296 627; x_wconf 86' lang='lat' dir='ltr'>ad</span> 
     </span>
     <span class='ocr_line' id='line_1_5' title="bbox 190 646 2305 738; baseline 0.003 -29"><span class='ocrx_word' id='word_1_36' title='bbox 190 646 543 713; x_wconf 83' lang='lat' dir='ltr'>vastandos</span> <span class='ocrx_word' id='word_1_37' title='bbox 571 672 752 736; x_wconf 83' lang='lat' dir='ltr'>agros</span> <span class='ocrx_word' id='word_1_38' title='bbox 787 651 1100 738; x_wconf 80' lang='lat' dir='ltr'>urbesque</span> <span class='ocrx_word' id='word_1_39' title='bbox 1139 674 1224 738; x_wconf 92' lang='lat' dir='ltr'>op</span> <span class='ocrx_word' id='word_1_40' title='bbox 1269 649 1596 737; x_wconf 84' lang='lat' dir='ltr'>ugnandas</span> <span class='ocrx_word' id='word_1_41' title='bbox 1624 648 1976 714; x_wconf 87' lang='lat' dir='ltr'>discedunt.</span> <span class='ocrx_word' id='word_1_42' title='bbox 2066 648 2305 715; x_wconf 59' lang='lat' dir='ltr'>Postu-‘</span> 
     </span>
     <span class='ocr_line' id='line_1_6' title="bbox 191 732 2289 836; baseline 0.002 -40"><span class='ocrx_word' id='word_1_43' title='bbox 191 734 376 797; x_wconf 86' lang='lat' dir='ltr'>mius</span> <span class='ocrx_word' id='word_1_44' title='bbox 399 732 760 799; x_wconf 79' lang='lat' dir='ltr'><strong>Milioniam</strong></span> <span class='ocrx_word' id='word_1_45' title='bbox 789 757 1154 824; x_wconf 78' lang='lat' dir='ltr'>oppugnare</span> <span class='ocrx_word' id='word_1_46' title='bbox 1261 751 1454 815; x_wconf 74' lang='lat' dir='ltr'>ortua,</span> <span class='ocrx_word' id='word_1_47' title='bbox 1477 738 1541 801; x_wconf 85' lang='lat' dir='ltr'>vi</span> <span class='ocrx_word' id='word_1_48' title='bbox 1572 737 1777 824; x_wconf 90' lang='lat' dir='ltr'>primo</span> <span class='ocrx_word' id='word_1_49' title='bbox 1805 748 1995 822; x_wconf 88' lang='lat' dir='ltr'>atque</span> <span class='ocrx_word' id='word_1_50' title='bbox 2026 735 2289 836; x_wconf 87' lang='lat' dir='ltr'>impetu,</span> 
     </span>
     <span class='ocr_line' id='line_1_7' title="bbox 191 819 2290 911; baseline 0.003 -29"><span class='ocrx_word' id='word_1_51' title='bbox 191 819 381 897; x_wconf 90' lang='lat' dir='ltr'>dein,</span> <span class='ocrx_word' id='word_1_52' title='bbox 433 834 766 908; x_wconf 85' lang='lat' dir='ltr'><strong>postquam</strong></span> <span class='ocrx_word' id='word_1_53' title='bbox 824 845 901 888; x_wconf 89' lang='lat' dir='ltr'>ea</span> <span class='ocrx_word' id='word_1_54' title='bbox 955 846 1178 911; x_wconf 91' lang='lat' dir='ltr'>parum</span> <span class='ocrx_word' id='word_1_55' title='bbox 1235 823 1683 910; x_wconf 77' lang='lat' dir='ltr'>procedebant,</span> <span class='ocrx_word' id='word_1_56' title='bbox 1729 844 1919 910; x_wconf 91' lang='lat' dir='ltr'>opere</span> <span class='ocrx_word' id='word_1_57' title='bbox 1972 844 2045 885; x_wconf 80' lang='lat' dir='ltr'>ac</span> <span class='ocrx_word' id='word_1_58' title='bbox 2088 824 2290 888; x_wconf 80' lang='lat' dir='ltr'>vineis</span> 
     </span>
     <span class='ocr_line' id='line_1_8' title="bbox 191 905 2291 998; baseline 0.002 -29"><span class='ocrx_word' id='word_1_59' title='bbox 191 905 467 970; x_wconf 88' lang='lat' dir='ltr'>demum</span> <span class='ocrx_word' id='word_1_60' title='bbox 497 908 796 973; x_wconf 88' lang='lat' dir='ltr'>iniunctis</span> <span class='ocrx_word' id='word_1_61' title='bbox 824 932 1006 975; x_wconf 76' lang='lat' dir='ltr'>muro</span> <span class='ocrx_word' id='word_1_62' title='bbox 1034 910 1218 998; x_wconf 89' lang='lat' dir='ltr'>cepit.</span> <span class='ocrx_word' id='word_1_63' title='bbox 1310 909 1428 987; x_wconf 88' lang='lat' dir='ltr'>Ibi,</span> <span class='ocrx_word' id='word_1_64' title='bbox 1453 924 1639 997; x_wconf 88' lang='lat' dir='ltr'>capta</span> <span class='ocrx_word' id='word_1_65' title='bbox 1665 910 1789 973; x_wconf 90' lang='lat' dir='ltr'>iam</span> <span class='ocrx_word' id='word_1_66' title='bbox 1820 908 1995 985; x_wconf 84' lang='lat' dir='ltr'>urbe,</span> <span class='ocrx_word' id='word_1_67' title='bbox 2026 909 2105 973; x_wconf 91' lang='lat' dir='ltr'>ab</span> <span class='ocrx_word' id='word_1_68' title='bbox 2134 908 2291 974; x_wconf 88' lang='lat' dir='ltr'>hora</span> 
     </span>
     <span class='ocr_line' id='line_1_9' title="bbox 191 995 2287 1081; baseline 0.001 -24"><span class='ocrx_word' id='word_1_69' title='bbox 191 1005 430 1078; x_wconf 83' lang='lat' dir='ltr'>quarta</span> <span class='ocrx_word' id='word_1_70' title='bbox 475 1016 676 1081; x_wconf 87' lang='lat' dir='ltr'>usque</span> <span class='ocrx_word' id='word_1_71' title='bbox 727 995 808 1059; x_wconf 81' lang='lat' dir='ltr'>ad</span> <span class='ocrx_word' id='word_1_72' title='bbox 867 1008 1150 1061; x_wconf 83' lang='lat' dir='ltr'>octavam</span> <span class='ocrx_word' id='word_1_73' title='bbox 1200 996 1331 1061; x_wconf 83' lang='lat' dir='ltr'>fere</span> <span class='ocrx_word' id='word_1_74' title='bbox 1382 996 1603 1062; x_wconf 88' lang='lat' dir='ltr'>horam</span> <span class='ocrx_word' id='word_1_75' title='bbox 1661 995 1951 1060; x_wconf 87' lang='lat' dir='ltr'>omnibus</span> <span class='ocrx_word' id='word_1_76' title='bbox 2008 996 2287 1081; x_wconf 87' lang='lat' dir='ltr'>partibus</span> 
     </span>
     <span class='ocr_line' id='line_1_10' title="bbox 191 1079 2289 1183; baseline 0.002 -42"><span class='ocrx_word' id='word_1_77' title='bbox 191 1079 378 1143; x_wconf 84' lang='lat' dir='ltr'>urbis</span> <span class='ocrx_word' id='word_1_78' title='bbox 405 1079 520 1144; x_wconf 91' lang='lat' dir='ltr'>diu</span> <span class='ocrx_word' id='word_1_79' title='bbox 547 1081 788 1146; x_wconf 86' lang='lat' dir='ltr'>incerto</span> <span class='ocrx_word' id='word_1_80' title='bbox 817 1096 1050 1147; x_wconf 87' lang='lat' dir='ltr'>eventu</span> <span class='ocrx_word' id='word_1_81' title='bbox 1087 1096 1439 1183; x_wconf 82' lang='lat' dir='ltr'>pugnatum</span> <span class='ocrx_word' id='word_1_82' title='bbox 1467 1095 1581 1147; x_wconf 89' lang='lat' dir='ltr'>est.</span> <span class='ocrx_word' id='word_1_83' title='bbox 1678 1082 2007 1145; x_wconf 86' lang='lat' dir='ltr'>Postremo</span> <span class='ocrx_word' id='word_1_84' title='bbox 2043 1082 2289 1168; x_wconf 91' lang='lat' dir='ltr'>potitur</span> 
     </span>
     <span class='ocr_line' id='line_1_11' title="bbox 193 1164 2279 1251; baseline 0.002 -24"><span class='ocrx_word' id='word_1_85' title='bbox 193 1164 442 1251; x_wconf 88' lang='lat' dir='ltr'>oppido</span> <span class='ocrx_word' id='word_1_86' title='bbox 490 1166 834 1233; x_wconf 88' lang='lat' dir='ltr'>Romanus.</span> <span class='ocrx_word' id='word_1_87' title='bbox 929 1168 1307 1235; x_wconf 76' lang='lat' dir='ltr'>Samnitium</span> <span class='ocrx_word' id='word_1_88' title='bbox 1357 1169 1522 1233; x_wconf 85' lang='lat' dir='ltr'>caesi</span> <span class='ocrx_word' id='word_1_89' title='bbox 1576 1168 1695 1233; x_wconf 88' lang='lat' dir='ltr'>tria</span> <span class='ocrx_word' id='word_1_90' title='bbox 1738 1166 1937 1231; x_wconf 89' lang='lat' dir='ltr'>millia</span> <span class='ocrx_word' id='word_1_91' title='bbox 1956 1166 2279 1232; x_wconf 64' lang='lat' dir='ltr'>ducenti:</span> 
     </span>
     <span class='ocr_line' id='line_1_12' title="bbox 191 1252 2279 1343; baseline 0.002 -29"><span class='ocrx_word' id='word_1_92' title='bbox 191 1252 371 1338; x_wconf 91' lang='lat' dir='ltr'>capti</span> <span class='ocrx_word' id='word_1_93' title='bbox 420 1266 718 1338; x_wconf 90' lang='lat' dir='ltr'>quattuor</span> <span class='ocrx_word' id='word_1_94' title='bbox 762 1254 960 1319; x_wconf 90' lang='lat' dir='ltr'>millia</span> <span class='ocrx_word' id='word_1_95' title='bbox 1001 1278 1068 1320; x_wconf 84' lang='lat' dir='ltr'>se</span> <span class='ocrx_word' id='word_1_96' title='bbox 1115 1255 1404 1343; x_wconf 88' lang='lat' dir='ltr'>tingenti,</span> <span class='ocrx_word' id='word_1_97' title='bbox 1440 1268 1691 1342; x_wconf 86' lang='lat' dir='ltr'>praeter</span> <span class='ocrx_word' id='word_1_98' title='bbox 1735 1253 2033 1341; x_wconf 80' lang='lat' dir='ltr'>praedam</span> <span class='ocrx_word' id='word_1_99' title='bbox 2076 1253 2279 1319; x_wconf 86' lang='lat' dir='ltr'>aliam.</span> 
     </span>
     <span class='ocr_line' id='line_1_13' title="bbox 141 1278 2285 1429; baseline 0.002 -29"><span class='ocrx_word' id='word_1_100' title='bbox 141 1342 171 1393; x_wconf 80' lang='grc'><strong>7</strong></span> <span class='ocrx_word' id='word_1_101' title='bbox 191 1336 362 1402; x_wconf 91' lang='lat' dir='ltr'>Inde</span> <span class='ocrx_word' id='word_1_102' title='bbox 394 1337 802 1405; x_wconf 87' lang='lat' dir='ltr'>Ferentinum</span> <span class='ocrx_word' id='word_1_103' title='bbox 831 1342 1058 1407; x_wconf 87' lang='lat' dir='ltr'>ductae</span> <span class='ocrx_word' id='word_1_104' title='bbox 1069 1278 1398 1429; x_wconf 75' lang='lat' dir='ltr'>1legiones:</span> <span class='ocrx_word' id='word_1_105' title='bbox 1439 1340 1611 1405; x_wconf 86' lang='lat' dir='ltr'>u‘nde</span> <span class='ocrx_word' id='word_1_106' title='bbox 1640 1338 1943 1428; x_wconf 76' lang='lat' dir='ltr'>oppidani</span> <span class='ocrx_word' id='word_1_107' title='bbox 1972 1362 2117 1403; x_wconf 91' lang='lat' dir='ltr'>cum</span> <span class='ocrx_word' id='word_1_108' title='bbox 2146 1364 2285 1405; x_wconf 90' lang='lat' dir='ltr'>om-</span> 
     </span>
     <span class='ocr_line' id='line_1_14' title="bbox 187 1424 2285 1516; baseline 0.002 -29"><span class='ocrx_word' id='word_1_109' title='bbox 187 1424 386 1489; x_wconf 90' lang='lat' dir='ltr'>nibus</span> <span class='ocrx_word' id='word_1_110' title='bbox 431 1427 616 1491; x_wconf 87' lang='lat' dir='ltr'>rebus</span> <span class='ocrx_word' id='word_1_111' title='bbox 661 1427 810 1505; x_wconf 74' lang='lat' dir='ltr'>suiS,</span> <span class='ocrx_word' id='word_1_112' title='bbox 899 1452 1017 1493; x_wconf 90' lang='lat' dir='ltr'>uae</span> <span class='ocrx_word' id='word_1_113' title='bbox 1065 1428 1212 1493; x_wconf 86' lang='lat' dir='ltr'>ferri</span> <span class='ocrx_word' id='word_1_114' title='bbox 1255 1428 1482 1516; x_wconf 79' lang='lat' dir='ltr'>agique</span> <span class='ocrx_word' id='word_1_115' title='bbox 1532 1438 1893 1515; x_wconf 87' lang='lat' dir='ltr'>potuerunt,</span> <span class='ocrx_word' id='word_1_116' title='bbox 1936 1438 2123 1491; x_wconf 87' lang='lat' dir='ltr'>nocte</span> <span class='ocrx_word' id='word_1_117' title='bbox 2166 1450 2285 1514; x_wconf 91' lang='lat' dir='ltr'>per</span> 
     </span>
     <span class='ocr_line' id='line_1_15' title="bbox 189 1512 2280 1601; baseline 0.002 -27"><span class='ocrx_word' id='word_1_118' title='bbox 189 1532 476 1575; x_wconf 84' lang='lat' dir='ltr'>aversam</span> <span class='ocrx_word' id='word_1_119' title='bbox 532 1527 775 1600; x_wconf 87' lang='lat' dir='ltr'>portam</span> <span class='ocrx_word' id='word_1_120' title='bbox 835 1515 888 1578; x_wconf 91' lang='lat' dir='ltr'>si</span> <span class='ocrx_word' id='word_1_121' title='bbox 912 1514 1087 1579; x_wconf 87' lang='lat' dir='ltr'>entio</span> <span class='ocrx_word' id='word_1_122' title='bbox 1143 1527 1563 1601; x_wconf 82' lang='lat' dir='ltr'>excesserunt.</span> <span class='ocrx_word' id='word_1_123' title='bbox 1656 1512 1877 1601; x_wconf 78' lang='lat' dir='ltr'>Igitur,</span> <span class='ocrx_word' id='word_1_124' title='bbox 1928 1512 2115 1577; x_wconf 90' lang='lat' dir='ltr'>simul</span> <span class='ocrx_word' id='word_1_125' title='bbox 2166 1514 2280 1578; x_wconf 86' lang='lat' dir='ltr'>ad-</span> 
     </span>
     <span class='ocr_line' id='line_1_16' title="bbox 187 1598 2281 1688; baseline 0.002 -28"><span class='ocrx_word' id='word_1_126' title='bbox 187 1599 372 1662; x_wconf 84' lang='lat' dir='ltr'>venit</span> <span class='ocrx_word' id='word_1_127' title='bbox 399 1598 638 1677; x_wconf 84' lang='lat' dir='ltr'>consul,</span> <span class='ocrx_word' id='word_1_128' title='bbox 672 1601 876 1687; x_wconf 90' lang='lat' dir='ltr'>primo</span> <span class='ocrx_word' id='word_1_129' title='bbox 913 1602 1002 1665; x_wconf 88' lang='lat' dir='ltr'>ita</span> <span class='ocrx_word' id='word_1_130' title='bbox 1037 1602 1416 1688; x_wconf 84' lang='lat' dir='ltr'>compositus</span> <span class='ocrx_word' id='word_1_131' title='bbox 1451 1600 1917 1686; x_wconf 85' lang='lat' dir='ltr'>instructusque</span> <span class='ocrx_word' id='word_1_132' title='bbox 1948 1600 2281 1665; x_wconf 84' lang='lat' dir='ltr'>moenibus</span> 
     </span>
     <span class='ocr_line' id='line_1_17' title="bbox 189 1685 2279 1774; baseline 0.002 -28"><span class='ocrx_word' id='word_1_133' title='bbox 189 1685 512 1762; x_wconf 85' lang='lat' dir='ltr'>successit,</span> <span class='ocrx_word' id='word_1_134' title='bbox 553 1698 854 1774; x_wconf 88' lang='lat' dir='ltr'>tanquam</span> <span class='ocrx_word' id='word_1_135' title='bbox 897 1688 1088 1765; x_wconf 91' lang='lat' dir='ltr'>idem,</span> <span class='ocrx_word' id='word_1_136' title='bbox 1131 1687 1303 1774; x_wconf 89' lang='lat' dir='ltr'>quod</span> <span class='ocrx_word' id='word_1_137' title='bbox 1346 1686 1428 1751; x_wconf 81' lang='lat' dir='ltr'>ad</span> <span class='ocrx_word' id='word_1_138' title='bbox 1472 1685 1831 1753; x_wconf 87' lang='lat' dir='ltr'>Milioniam</span> <span class='ocrx_word' id='word_1_139' title='bbox 1874 1686 2096 1762; x_wconf 77' lang='lat' dir='ltr'>fuerat,</span> <span class='ocrx_word' id='word_1_140' title='bbox 2142 1709 2279 1751; x_wconf 88' lang='lat' dir='ltr'>cer-</span> 
     </span>
     <span class='ocr_line' id='line_1_18' title="bbox 191 1771 2355 1851; baseline 0.001 -18"><span class='ocrx_word' id='word_1_141' title='bbox 191 1771 450 1835; x_wconf 85' lang='lat' dir='ltr'>taminis</span> <span class='ocrx_word' id='word_1_142' title='bbox 493 1771 692 1837; x_wconf 74' lang='lat' dir='ltr'>foret:</span> <span class='ocrx_word' id='word_1_143' title='bbox 747 1772 1000 1851; x_wconf 89' lang='lat' dir='ltr'>deinde,</span> <span class='ocrx_word' id='word_1_144' title='bbox 1050 1786 1123 1838; x_wconf 91' lang='lat' dir='ltr'>ut</span> <span class='ocrx_word' id='word_1_145' title='bbox 1167 1773 1486 1838; x_wconf 86' lang='lat' dir='ltr'>silentium</span> <span class='ocrx_word' id='word_1_146' title='bbox 1534 1786 1778 1839; x_wconf 85' lang='lat' dir='ltr'>vastum</span> <span class='ocrx_word' id='word_1_147' title='bbox 1822 1772 1891 1836; x_wconf 87' lang='lat' dir='ltr'>in</span> <span class='ocrx_word' id='word_1_148' title='bbox 1936 1772 2110 1850; x_wconf 88' lang='lat' dir='ltr'>urbe,</span> <span class='ocrx_word' id='word_1_149' title='bbox 2156 1796 2277 1837; x_wconf 89' lang='lat' dir='ltr'>nec</span> <span class='ocrx_word' id='word_1_150' title='bbox 2340 1826 2355 1834; x_wconf 90' lang='lat'>-</span> 
     </span>
     <span class='ocr_line' id='line_1_19' title="bbox 191 1858 2275 1937; baseline 0.002 -18"><span class='ocrx_word' id='word_1_151' title='bbox 191 1878 386 1935; x_wconf 78' lang='lat' dir='ltr'>anna,</span> <span class='ocrx_word' id='word_1_152' title='bbox 411 1880 530 1923; x_wconf 90' lang='lat' dir='ltr'>nec</span> <span class='ocrx_word' id='word_1_153' title='bbox 551 1859 718 1924; x_wconf 84' lang='lat' dir='ltr'>viros</span> <span class='ocrx_word' id='word_1_154' title='bbox 747 1860 816 1923; x_wconf 90' lang='lat' dir='ltr'>in</span> <span class='ocrx_word' id='word_1_155' title='bbox 843 1861 1118 1925; x_wconf 89' lang='lat' dir='ltr'>turribus</span> <span class='ocrx_word' id='word_1_156' title='bbox 1139 1882 1212 1925; x_wconf 90' lang='lat' dir='ltr'>ac</span> <span class='ocrx_word' id='word_1_157' title='bbox 1236 1860 1431 1925; x_wconf 85' lang='lat' dir='ltr'>muris</span> <span class='ocrx_word' id='word_1_158' title='bbox 1453 1859 1631 1937; x_wconf 86' lang='lat' dir='ltr'>vidit,</span> <span class='ocrx_word' id='word_1_159' title='bbox 1657 1858 1912 1924; x_wconf 86' lang='lat' dir='ltr'>avidum</span> <span class='ocrx_word' id='word_1_160' title='bbox 1935 1858 2275 1924; x_wconf 85' lang='lat' dir='ltr'>invadendi</span> 
     </span>
     <span class='ocr_line' id='line_1_20' title="bbox 190 1942 2276 2033; baseline 0.002 -27"><span class='ocrx_word' id='word_1_161' title='bbox 190 1942 444 2008; x_wconf 89' lang='lat' dir='ltr'>deserta</span> <span class='ocrx_word' id='word_1_162' title='bbox 472 1946 722 2010; x_wconf 90' lang='lat' dir='ltr'>moenia</span> <span class='ocrx_word' id='word_1_163' title='bbox 750 1945 1011 2012; x_wconf 86' lang='lat' dir='ltr'>militem</span> <span class='ocrx_word' id='word_1_164' title='bbox 1042 1946 1305 2024; x_wconf 86' lang='lat' dir='ltr'>detinet,</span> <span class='ocrx_word' id='word_1_165' title='bbox 1338 1969 1419 2011; x_wconf 88' lang='lat' dir='ltr'>ne</span> <span class='ocrx_word' id='word_1_166' title='bbox 1450 1968 1643 2033; x_wconf 90' lang='lat' dir='ltr'>quam</span> <span class='ocrx_word' id='word_1_167' title='bbox 1671 1944 1983 2010; x_wconf 89' lang='lat' dir='ltr'>occultam</span> <span class='ocrx_word' id='word_1_168' title='bbox 2012 1946 2079 2010; x_wconf 91' lang='lat' dir='ltr'>in</span> <span class='ocrx_word' id='word_1_169' title='bbox 2106 1946 2276 2011; x_wconf 77' lang='lat' dir='ltr'>fmu-</span> 
     </span>
     <span class='ocr_line' id='line_1_21' title="bbox 191 2029 2275 2098; baseline 0.001 -5"><span class='ocrx_word' id='word_1_170' title='bbox 191 2029 344 2094; x_wconf 89' lang='lat' dir='ltr'>dem</span> <span class='ocrx_word' id='word_1_171' title='bbox 371 2030 662 2096; x_wconf 87' lang='lat' dir='ltr'>incautus</span> <span class='ocrx_word' id='word_1_172' title='bbox 689 2045 916 2098; x_wconf 86' lang='lat' dir='ltr'>rueret.</span> <span class='ocrx_word' id='word_1_173' title='bbox 1007 2033 1186 2098; x_wconf 89' lang='lat' dir='ltr'>Duas</span> <span class='ocrx_word' id='word_1_174' title='bbox 1221 2046 1456 2098; x_wconf 84' lang='lat' dir='ltr'>turmas</span> <span class='ocrx_word' id='word_1_175' title='bbox 1483 2033 1796 2097; x_wconf 88' lang='lat' dir='ltr'>sociorum</span> <span class='ocrx_word' id='word_1_176' title='bbox 1826 2030 2042 2095; x_wconf 90' lang='lat' dir='ltr'>Latini</span> <span class='ocrx_word' id='word_1_177' title='bbox 2070 2033 2275 2096; x_wconf 87' lang='lat' dir='ltr'>nomi-</span> 
     </span>
     <span class='ocr_line' id='line_1_22' title="bbox 190 2116 2268 2206; baseline 0.002 -27"><span class='ocrx_word' id='word_1_178' title='bbox 190 2116 294 2179; x_wconf 87' lang='lat' dir='ltr'>nis</span> <span class='ocrx_word' id='word_1_179' title='bbox 339 2117 860 2205; x_wconf 84' lang='lat' dir='ltr'>circumequitare</span> <span class='ocrx_word' id='word_1_180' title='bbox 905 2120 1173 2196; x_wconf 76' lang='lat' dir='ltr'>moenia,</span> <span class='ocrx_word' id='word_1_181' title='bbox 1219 2133 1409 2206; x_wconf 89' lang='lat' dir='ltr'>atque</span> <span class='ocrx_word' id='word_1_182' title='bbox 1453 2142 1490 2183; x_wconf 87' lang='lat' dir='ltr'>e</span> <span class='ocrx_word' id='word_1_183' title='bbox 1579 2118 1777 2182; x_wconf 88' lang='lat' dir='ltr'>lorare</span> <span class='ocrx_word' id='word_1_184' title='bbox 1822 2117 2035 2181; x_wconf 89' lang='lat' dir='ltr'>omnia</span> <span class='ocrx_word' id='word_1_185' title='bbox 2076 2118 2268 2183; x_wconf 90' lang='lat' dir='ltr'>iubet.</span> 
     </span>
     <span class='ocr_line' id='line_1_23' title="bbox 141 2201 2274 2292; baseline 0.001 -27"><span class='ocrx_word' id='word_1_186' title='bbox 141 2212 174 2257; x_wconf 90' lang='lat'>8</span> <span class='ocrx_word' id='word_1_187' title='bbox 195 2201 462 2289; x_wconf 82' lang='lat' dir='ltr'>Equites</span> <span class='ocrx_word' id='word_1_188' title='bbox 502 2218 746 2291; x_wconf 88' lang='lat' dir='ltr'>portam</span> <span class='ocrx_word' id='word_1_189' title='bbox 789 2228 982 2270; x_wconf 90' lang='lat' dir='ltr'>unam</span> <span class='ocrx_word' id='word_1_190' title='bbox 1025 2206 1410 2292; x_wconf 84' lang='lat' dir='ltr'>alteramque</span> <span class='ocrx_word' id='word_1_191' title='bbox 1453 2228 1489 2269; x_wconf 91' lang='lat' dir='ltr'>e</span> <span class='ocrx_word' id='word_1_192' title='bbox 1576 2226 1677 2269; x_wconf 88' lang='lat' dir='ltr'>em</span> <span class='ocrx_word' id='word_1_193' title='bbox 1720 2202 1977 2290; x_wconf 87' lang='lat' dir='ltr'>regione</span> <span class='ocrx_word' id='word_1_194' title='bbox 2016 2203 2084 2265; x_wconf 90' lang='lat' dir='ltr'>in</span> <span class='ocrx_word' id='word_1_195' title='bbox 2128 2226 2274 2290; x_wconf 90' lang='lat' dir='ltr'>pro·</span> 
     </span>
     <span class='ocr_line' id='line_1_24' title="bbox 191 2288 2275 2390; baseline 0 -39"><span class='ocrx_word' id='word_1_196' title='bbox 191 2290 436 2376; x_wconf 87' lang='lat' dir='ltr'>pinquo</span> <span class='ocrx_word' id='word_1_197' title='bbox 507 2304 794 2377; x_wconf 86' lang='lat' dir='ltr'>patentes</span> <span class='ocrx_word' id='word_1_198' title='bbox 863 2292 1279 2381; x_wconf 87' lang='lat' dir='ltr'>conspiciunt,</span> <span class='ocrx_word' id='word_1_199' title='bbox 1345 2291 1817 2377; x_wconf 65' lang='lat' dir='ltr'>itineribusque</span> <span class='ocrx_word' id='word_1_200' title='bbox 1876 2288 1951 2353; x_wconf 86' lang='lat' dir='ltr'>iis</span> <span class='ocrx_word' id='word_1_201' title='bbox 2013 2290 2275 2390; x_wconf 80' lang='lat' dir='ltr'>vestigia</span> 
     </span>
     <span class='ocr_line' id='line_1_25' title="bbox 191 2374 2269 2466; baseline 0 -27"><span class='ocrx_word' id='word_1_202' title='bbox 191 2388 538 2442; x_wconf 85' lang='lat' dir='ltr'>nocturnae</span> <span class='ocrx_word' id='word_1_203' title='bbox 607 2377 882 2443; x_wconf 83' lang='lat' dir='ltr'>hostium</span> <span class='ocrx_word' id='word_1_204' title='bbox 948 2379 1152 2466; x_wconf 85' lang='lat' dir='ltr'>fugae.</span> <span class='ocrx_word' id='word_1_205' title='bbox 1265 2376 1665 2464; x_wconf 79' lang='lat' dir='ltr'>Adequitant</span> <span class='ocrx_word' id='word_1_206' title='bbox 1734 2374 1967 2441; x_wconf 86' lang='lat' dir='ltr'>deinde</span> <span class='ocrx_word' id='word_1_207' title='bbox 2039 2398 2269 2440; x_wconf 83' lang='lat' dir='ltr'>seusun</span> 
     </span>
     <span class='ocr_line' id='line_1_26' title="bbox 191 2462 2273 2551; baseline -0.001 -24"><span class='ocrx_word' id='word_1_208' title='bbox 191 2462 406 2548; x_wconf 90' lang='lat' dir='ltr'>portis,</span> <span class='ocrx_word' id='word_1_209' title='bbox 454 2463 802 2551; x_wconf 88' lang='lat' dir='ltr'>urbemque</span> <span class='ocrx_word' id='word_1_210' title='bbox 851 2488 935 2531; x_wconf 86' lang='lat' dir='ltr'>ex</span> <span class='ocrx_word' id='word_1_211' title='bbox 987 2478 1126 2530; x_wconf 91' lang='lat' dir='ltr'>tuto</span> <span class='ocrx_word' id='word_1_212' title='bbox 1176 2464 1361 2530; x_wconf 89' lang='lat' dir='ltr'>rectis</span> <span class='ocrx_word' id='word_1_213' title='bbox 1409 2464 1743 2528; x_wconf 81' lang='lat' dir='ltr'>itineribus</span> <span class='ocrx_word' id='word_1_214' title='bbox 1792 2462 2071 2551; x_wconf 83' lang='lat' dir='ltr'>perviam</span> <span class='ocrx_word' id='word_1_215' title='bbox 2120 2484 2273 2526; x_wconf 91' lang='lat' dir='ltr'>con-</span> 
     </span>
     <span class='ocr_line' id='line_1_27' title="bbox 191 2548 2273 2635; baseline 0.001 -24"><span class='ocrx_word' id='word_1_216' title='bbox 191 2548 502 2635; x_wconf 85' lang='lat' dir='ltr'>spiciunt:</span> <span class='ocrx_word' id='word_1_217' title='bbox 549 2550 630 2614; x_wconf 87' lang='lat' dir='ltr'>ad</span> <span class='ocrx_word' id='word_1_218' title='bbox 659 2552 982 2617; x_wconf 88' lang='lat' dir='ltr'>consulem</span> <span class='ocrx_word' id='word_1_219' title='bbox 1011 2552 1308 2628; x_wconf 65' lang='lat' dir='ltr'>referimt⁹</span> <span class='ocrx_word' id='word_1_220' title='bbox 1340 2572 1665 2615; x_wconf 73' lang='lat' dir='ltr'>excessum</span> <span class='ocrx_word' id='word_1_221' title='bbox 1696 2548 1886 2625; x_wconf 86' lang='lat' dir='ltr'>urbe3</span> <span class='ocrx_word' id='word_1_222' title='bbox 1932 2548 2273 2614; x_wconf 81' lang='lat' dir='ltr'>solitudine</span> 
     </span>
     <span class='ocr_line' id='line_1_28' title="bbox 191 2633 2269 2726; baseline 0 -28"><span class='ocrx_word' id='word_1_223' title='bbox 191 2633 363 2699; x_wconf 87' lang='lat' dir='ltr'>haud</span> <span class='ocrx_word' id='word_1_224' title='bbox 385 2634 580 2701; x_wconf 87' lang='lat' dir='ltr'>dubia</span> <span class='ocrx_word' id='word_1_225' title='bbox 601 2637 668 2702; x_wconf 90' lang='lat' dir='ltr'>id</span> <span class='ocrx_word' id='word_1_226' title='bbox 689 2638 1092 2726; x_wconf 88' lang='lat' dir='ltr'>perspicuum</span> <span class='ocrx_word' id='word_1_227' title='bbox 1115 2660 1268 2715; x_wconf 90' lang='lat' dir='ltr'>esse,</span> <span class='ocrx_word' id='word_1_228' title='bbox 1293 2650 1361 2702; x_wconf 93' lang='lat' dir='ltr'>et</span> <span class='ocrx_word' id='word_1_229' title='bbox 1386 2637 1746 2702; x_wconf 86' lang='lat' dir='ltr'>recentibus</span> <span class='ocrx_word' id='word_1_230' title='bbox 1765 2635 2043 2723; x_wconf 82' lang='lat' dir='ltr'>vestigiis</span> <span class='ocrx_word' id='word_1_231' title='bbox 2064 2634 2269 2721; x_wconf 81' lang='lat' dir='ltr'>fugae,</span> 
     </span>
     <span class='ocr_line' id='line_1_29' title="bbox 192 2720 2265 2811; baseline 0 -26"><span class='ocrx_word' id='word_1_232' title='bbox 192 2744 266 2785; x_wconf 85' lang='lat' dir='ltr'>ac</span> <span class='ocrx_word' id='word_1_233' title='bbox 288 2734 488 2809; x_wconf 87' lang='lat' dir='ltr'>strage</span> <span class='ocrx_word' id='word_1_234' title='bbox 517 2745 728 2788; x_wconf 88' lang='lat' dir='ltr'>rerum</span> <span class='ocrx_word' id='word_1_235' title='bbox 757 2726 826 2789; x_wconf 91' lang='lat' dir='ltr'>in</span> <span class='ocrx_word' id='word_1_236' title='bbox 854 2724 1270 2811; x_wconf 86' lang='lat' dir='ltr'>trepidatione</span> <span class='ocrx_word' id='word_1_237' title='bbox 1300 2736 1611 2788; x_wconf 87' lang='lat' dir='ltr'>nocturna</span> <span class='ocrx_word' id='word_1_238' title='bbox 1779 2722 1864 2785; x_wconf 86' lang='lat' dir='ltr'>&#39;m</span> <span class='ocrx_word' id='word_1_239' title='bbox 1892 2720 2265 2787; x_wconf 85' lang='lat' dir='ltr'>relictarum.</span> 
     </span>
     <span class='ocr_line' id='line_1_30' title="bbox 195 2806 2271 2897; baseline -0 -25"><span class='ocrx_word' id='word_1_240' title='bbox 195 2806 318 2872; x_wconf 87' lang='lat' dir='ltr'>His</span> <span class='ocrx_word' id='word_1_241' title='bbox 367 2808 617 2887; x_wconf 82' lang='lat' dir='ltr'>auditis,</span> <span class='ocrx_word' id='word_1_242' title='bbox 671 2811 890 2876; x_wconf 85' lang='lat' dir='ltr'>consul</span> <span class='ocrx_word' id='word_1_243' title='bbox 947 2810 1029 2875; x_wconf 82' lang='lat' dir='ltr'>ad</span> <span class='ocrx_word' id='word_1_244' title='bbox 1080 2833 1220 2875; x_wconf 89' lang='lat' dir='ltr'>eam</span> <span class='ocrx_word' id='word_1_245' title='bbox 1271 2824 1515 2897; x_wconf 90' lang='lat' dir='ltr'>partem</span> <span class='ocrx_word' id='word_1_246' title='bbox 1686 2809 1758 2885; x_wconf 89' lang='lat' dir='ltr'>is,</span> <span class='ocrx_word' id='word_1_247' title='bbox 1856 2830 1939 2872; x_wconf 93' lang='lat' dir='ltr'>ua</span> <span class='ocrx_word' id='word_1_248' title='bbox 1986 2806 2271 2873; x_wconf 78' lang='lat' dir='ltr'>adierant</span> 
     </span>
     <span class='ocr_line' id='line_1_31' title="bbox 193 2892 2270 2985; baseline -0 -27"><span class='ocrx_word' id='word_1_249' title='bbox 193 2894 456 2981; x_wconf 78' lang='lat' dir='ltr'>equiteS,</span> <span class='ocrx_word' id='word_1_250' title='bbox 501 2896 916 2963; x_wconf 89' lang='lat' dir='ltr'>circumducit</span> <span class='ocrx_word' id='word_1_251' title='bbox 967 2920 1234 2985; x_wconf 83' lang='lat' dir='ltr'>agmen:</span> <span class='ocrx_word' id='word_1_252' title='bbox 1291 2896 1773 2983; x_wconf 88' lang='lat' dir='ltr'>constitutisque</span> <span class='ocrx_word' id='word_1_253' title='bbox 1910 2893 1999 2959; x_wconf 90' lang='lat' dir='ltr'>ud</span> <span class='ocrx_word' id='word_1_254' title='bbox 2048 2892 2270 2981; x_wconf 91' lang='lat' dir='ltr'>procul</span> 
     </span>
     <span class='ocr_line' id='line_1_32' title="bbox 193 2982 2271 3072; baseline 0 -27"><span class='ocrx_word' id='word_1_255' title='bbox 193 2994 371 3067; x_wconf 87' lang='lat' dir='ltr'>porta</span> <span class='ocrx_word' id='word_1_256' title='bbox 407 2982 620 3069; x_wconf 85' lang='lat' dir='ltr'>signis,</span> <span class='ocrx_word' id='word_1_257' title='bbox 651 2984 936 3072; x_wconf 87' lang='lat' dir='ltr'>quinque</span> <span class='ocrx_word' id='word_1_258' title='bbox 977 2984 1222 3071; x_wconf 87' lang='lat' dir='ltr'>equites</span> <span class='ocrx_word' id='word_1_259' title='bbox 1261 2983 1440 3047; x_wconf 91' lang='lat' dir='ltr'>iubet</span> <span class='ocrx_word' id='word_1_260' title='bbox 1476 2983 1708 3047; x_wconf 88' lang='lat' dir='ltr'>intrare</span> <span class='ocrx_word' id='word_1_261' title='bbox 1746 2982 1985 3058; x_wconf 89' lang='lat' dir='ltr'>urbem,</span> <span class='ocrx_word' id='word_1_262' title='bbox 2016 2994 2101 3057; x_wconf 86' lang='lat' dir='ltr'>et,</span> <span class='ocrx_word' id='word_1_263' title='bbox 2132 3002 2271 3045; x_wconf 88' lang='lat' dir='ltr'>mo·-</span> 
     </span>
     <span class='ocr_line' id='line_1_33' title="bbox 193 3066 2269 3159; baseline 0 -29"><span class='ocrx_word' id='word_1_264' title='bbox 193 3066 402 3131; x_wconf 90' lang='lat' dir='ltr'>dicum</span> <span class='ocrx_word' id='word_1_265' title='bbox 431 3070 702 3155; x_wconf 90' lang='lat' dir='ltr'>spatium</span> <span class='ocrx_word' id='word_1_266' title='bbox 732 3094 1104 3159; x_wconf 83' lang='lat' dir='ltr'>progressos,</span> <span class='ocrx_word' id='word_1_267' title='bbox 1136 3084 1261 3135; x_wconf 89' lang='lat' dir='ltr'>tres</span> <span class='ocrx_word' id='word_1_268' title='bbox 1301 3092 1555 3134; x_wconf 89' lang='lat' dir='ltr'>manere</span> <span class='ocrx_word' id='word_1_269' title='bbox 1594 3068 1821 3134; x_wconf 90' lang='lat' dir='ltr'>eodem</span> <span class='ocrx_word' id='word_1_270' title='bbox 1857 3068 2017 3145; x_wconf 93' lang='lat' dir='ltr'>loco,</span> <span class='ocrx_word' id='word_1_271' title='bbox 2048 3068 2102 3131; x_wconf 89' lang='lat' dir='ltr'>si</span> <span class='ocrx_word' id='word_1_272' title='bbox 2132 3080 2269 3132; x_wconf 90' lang='lat' dir='ltr'>tuta</span> 
     </span>
     <span class='ocr_line' id='line_1_34' title="bbox 193 3152 2267 3245; baseline 0 -28"><span class='ocrx_word' id='word_1_273' title='bbox 193 3152 556 3219; x_wconf 83' lang='lat' dir='ltr'>videantur:</span> <span class='ocrx_word' id='word_1_274' title='bbox 605 3157 764 3223; x_wconf 86' lang='lat' dir='ltr'>duos</span> <span class='ocrx_word' id='word_1_275' title='bbox 803 3157 1127 3245; x_wconf 87' lang='lat' dir='ltr'>explorata</span> <span class='ocrx_word' id='word_1_276' title='bbox 1166 3156 1248 3221; x_wconf 81' lang='lat' dir='ltr'>ad</span> <span class='ocrx_word' id='word_1_277' title='bbox 1289 3178 1355 3220; x_wconf 90' lang='lat' dir='ltr'>se</span> <span class='ocrx_word' id='word_1_278' title='bbox 1399 3156 1646 3220; x_wconf 83' lang='lat' dir='ltr'>referre.</span> <span class='ocrx_word' id='word_1_279' title='bbox 1742 3155 1877 3230; x_wconf 83' lang='lat' dir='ltr'>Qui</span> <span class='ocrx_word' id='word_1_280' title='bbox 1914 3154 2023 3218; x_wconf 92' lang='lat' dir='ltr'>ubi</span> <span class='ocrx_word' id='word_1_281' title='bbox 2059 3153 2267 3217; x_wconf 88' lang='lat' dir='ltr'>redie-</span> 
     </span>
     <span class='ocr_line' id='line_1_35' title="bbox 195 3240 2265 3333; baseline -0 -30"><span class='ocrx_word' id='word_1_282' title='bbox 195 3252 359 3317; x_wconf 91' lang='lat' dir='ltr'>runt,</span> <span class='ocrx_word' id='word_1_283' title='bbox 387 3240 888 3333; x_wconf 87' lang='lat' dir='ltr'>retuleruntque,</span> <span class='ocrx_word' id='word_1_284' title='bbox 912 3267 991 3309; x_wconf 88' lang='lat' dir='ltr'>eo</span> <span class='ocrx_word' id='word_1_285' title='bbox 1019 3266 1085 3308; x_wconf 88' lang='lat' dir='ltr'>se</span> <span class='ocrx_word' id='word_1_286' title='bbox 1157 3264 1486 3329; x_wconf 75' lang='lat' dir='ltr'>rogreSSOS,</span> <span class='ocrx_word' id='word_1_287' title='bbox 1512 3241 1683 3305; x_wconf 90' lang='lat' dir='ltr'>unde</span> <span class='ocrx_word' id='word_1_288' title='bbox 1714 3240 1781 3303; x_wconf 89' lang='lat' dir='ltr'>in</span> <span class='ocrx_word' id='word_1_289' title='bbox 1811 3261 2029 3304; x_wconf 90' lang='lat' dir='ltr'>omnes</span> <span class='ocrx_word' id='word_1_290' title='bbox 2234 3262 2265 3302; x_wconf 90' lang='lat' dir='ltr'>s</span> 
     </span>
     <span class='ocr_line' id='line_1_36' title="bbox 195 3324 2265 3416; baseline -0.001 -27"><span class='ocrx_word' id='word_1_291' title='bbox 195 3326 676 3415; x_wconf 88' lang='lat' dir='ltr'>circumspectus</span> <span class='ocrx_word' id='word_1_292' title='bbox 705 3344 884 3408; x_wconf 86' lang='lat' dir='ltr'>esset,</span> <span class='ocrx_word' id='word_1_293' title='bbox 908 3330 1094 3416; x_wconf 84' lang='lat' dir='ltr'>longe</span> <span class='ocrx_word' id='word_1_294' title='bbox 1149 3342 1376 3415; x_wconf 88' lang='lat' dir='ltr'>ateque</span> <span class='ocrx_word' id='word_1_295' title='bbox 1405 3327 1727 3391; x_wconf 89' lang='lat' dir='ltr'>silentium</span> <span class='ocrx_word' id='word_1_296' title='bbox 1756 3346 1829 3389; x_wconf 90' lang='lat' dir='ltr'>ac</span> <span class='ocrx_word' id='word_1_297' title='bbox 1858 3324 2045 3390; x_wconf 82' lang='lat' dir='ltr'>solitu</span> <span class='ocrx_word' id='word_1_298' title='bbox 2092 3325 2265 3389; x_wconf 83' lang='lat' dir='ltr'>inem</span> 
     </span>
     <span class='ocr_line' id='line_1_37' title="bbox 195 3410 2268 3504; baseline -0 -28"><span class='ocrx_word' id='word_1_299' title='bbox 195 3412 454 3477; x_wconf 85' lang='lat' dir='ltr'>vidisse:</span> <span class='ocrx_word' id='word_1_300' title='bbox 501 3418 820 3504; x_wconf 85' lang='lat' dir='ltr'>extemplo</span> <span class='ocrx_word' id='word_1_301' title='bbox 858 3414 1079 3481; x_wconf 87' lang='lat' dir='ltr'>consul</span> <span class='ocrx_word' id='word_1_302' title='bbox 1119 3414 1408 3480; x_wconf 87' lang='lat' dir='ltr'>cohortes</span> <span class='ocrx_word' id='word_1_303' title='bbox 1446 3412 1774 3500; x_wconf 84' lang='lat' dir='ltr'>expeditas</span> <span class='ocrx_word' id='word_1_304' title='bbox 1812 3412 1881 3475; x_wconf 88' lang='lat' dir='ltr'>in</span> <span class='ocrx_word' id='word_1_305' title='bbox 1916 3412 2137 3475; x_wconf 87' lang='lat' dir='ltr'>urbem</span> <span class='ocrx_word' id='word_1_306' title='bbox 2166 3410 2268 3475; x_wconf 90' lang='lat' dir='ltr'>in-</span> 
     </span>
     <span class='ocr_line' id='line_1_38' title="bbox 197 3496 2267 3583; baseline 0 -22"><span class='ocrx_word' id='word_1_307' title='bbox 197 3498 411 3577; x_wconf 84' lang='lat' dir='ltr'>duxit3</span> <span class='ocrx_word' id='word_1_308' title='bbox 457 3515 697 3568; x_wconf 81' lang='lat' dir='ltr'>ceteros</span> <span class='ocrx_word' id='word_1_309' title='bbox 738 3504 991 3568; x_wconf 88' lang='lat' dir='ltr'>interim</span> <span class='ocrx_word' id='word_1_310' title='bbox 1031 3514 1231 3566; x_wconf 84' lang='lat' dir='ltr'>castra</span> <span class='ocrx_word' id='word_1_311' title='bbox 1269 3499 1659 3564; x_wconf 84' lang='lat' dir='ltr'>communire</span> <span class='ocrx_word' id='word_1_312' title='bbox 1704 3498 1899 3563; x_wconf 85' lang='lat' dir='ltr'>iussit.</span> <span class='ocrx_word' id='word_1_313' title='bbox 1991 3496 2267 3583; x_wconf 86' lang='lat' dir='ltr'>Ingressi</span> 
     </span>
    </p>
   </div>
   <div class='ocr_carea' id='block_1_4' title="bbox 2415 652 2518 711">
    <p class='ocr_par' dir='ltr' id='par_1_4' title="bbox 2415 652 2518 711">
     <span class='ocr_line' id='line_1_39' title="bbox 2415 652 2518 711; baseline 0 0"><span class='ocrx_word' id='word_1_314' title='bbox 2415 652 2518 711; x_wconf 88' lang='lat'>34.</span> 
     </span>
    </p>
   </div>
   <div class='ocr_carea' id='block_1_5' title="bbox 2304 732 2621 910">
    <p class='ocr_par' dir='ltr' id='par_1_5' title="bbox 2304 732 2621 910">
     <span class='ocr_line' id='line_1_40' title="bbox 2311 732 2621 784; baseline 0.003 -1"><span class='ocrx_word' id='word_1_315' title='bbox 2311 732 2473 783; x_wconf 81' lang='lat' dir='ltr'>Urbes</span> <span class='ocrx_word' id='word_1_316' title='bbox 2485 734 2621 784; x_wconf 82' lang='lat' dir='ltr'>Sam-</span> 
     </span>
     <span class='ocr_line' id='line_1_41' title="bbox 2304 797 2615 910; baseline 0.003 -63"><span class='ocrx_word' id='word_1_317' title='bbox 2304 797 2481 910; x_wconf 53' lang='lat' dir='ltr'>ffigium</span> <span class='ocrx_word' id='word_1_318' title='bbox 2502 816 2615 863; x_wconf 84' lang='lat' dir='ltr'>cap-</span> 
     </span>
    </p>
   </div>
   <div class='ocr_carea' id='block_1_6' title="bbox 199 3749 1199 4455">
    <p class='ocr_par' dir='ltr' id='par_1_6' title="bbox 199 3749 1197 4009">
     <span class='ocr_line' id='line_1_42' title="bbox 199 3749 1193 3815; baseline -0.001 -16"><span class='ocrx_word' id='word_1_319' title='bbox 199 3752 288 3801; x_wconf 80' lang='lat' dir='ltr'>fert</span> <span class='ocrx_word' id='word_1_320' title='bbox 307 3753 465 3801; x_wconf 81' lang='lat' dir='ltr'>xxxiv.</span> <span class='ocrx_word' id='word_1_321' title='bbox 495 3768 535 3801; x_wconf 83' lang='lat'>1.</span> <span class='ocrx_word' id='word_1_322' title='bbox 557 3768 625 3815; x_wconf 84' lang='lat' dir='ltr'>sq.</span> <span class='ocrx_word' id='word_1_323' title='bbox 648 3756 736 3800; x_wconf 79' lang='lat' dir='ltr'>aut</span> <span class='ocrx_word' id='word_1_324' title='bbox 758 3751 842 3809; x_wconf 85' lang='lat' dir='ltr'>rei,</span> <span class='ocrx_word' id='word_1_325' title='bbox 863 3766 961 3799; x_wconf 83' lang='lat' dir='ltr'>non</span> <span class='ocrx_word' id='word_1_326' title='bbox 987 3764 1116 3799; x_wconf 83' lang='lat' dir='ltr'>anno</span> <span class='ocrx_word' id='word_1_327' title='bbox 1137 3749 1193 3798; x_wconf 85' lang='lat' dir='ltr'>il-</span> 
     </span>
     <span class='ocr_line' id='line_1_43' title="bbox 201 3814 1193 3878; baseline -0.002 -15"><span class='ocrx_word' id='word_1_328' title='bbox 201 3818 265 3873; x_wconf 83' lang='lat' dir='ltr'>lo,</span> <span class='ocrx_word' id='word_1_329' title='bbox 284 3830 376 3878; x_wconf 88' lang='lat' dir='ltr'>quo</span> <span class='ocrx_word' id='word_1_330' title='bbox 394 3816 457 3865; x_wconf 83' lang='lat' dir='ltr'>de</span> <span class='ocrx_word' id='word_1_331' title='bbox 487 3832 548 3865; x_wconf 79' lang='lat' dir='ltr'>oa</span> <span class='ocrx_word' id='word_1_332' title='bbox 577 3822 743 3864; x_wconf 79' lang='lat' dir='ltr'>actum</span> <span class='ocrx_word' id='word_1_333' title='bbox 769 3820 859 3874; x_wconf 84' lang='lat' dir='ltr'>est,</span> <span class='ocrx_word' id='word_1_334' title='bbox 882 3830 1046 3863; x_wconf 79' lang='lat' dir='ltr'>verum</span> <span class='ocrx_word' id='word_1_335' title='bbox 1069 3814 1193 3861; x_wconf 90' lang='lat' dir='ltr'>mul-</span> 
     </span>
     <span class='ocr_line' id='line_1_44' title="bbox 200 3878 1197 3945; baseline -0.002 -18"><span class='ocrx_word' id='word_1_336' title='bbox 200 3886 274 3927; x_wconf 88' lang='lat' dir='ltr'>tos</span> <span class='ocrx_word' id='word_1_337' title='bbox 297 3886 402 3945; x_wconf 81' lang='lat' dir='ltr'>post</span> <span class='ocrx_word' id='word_1_338' title='bbox 428 3896 584 3929; x_wconf 78' lang='lat' dir='ltr'>annos</span> <span class='ocrx_word' id='word_1_339' title='bbox 607 3878 750 3944; x_wconf 78' lang='lat' dir='ltr'>(data</span> <span class='ocrx_word' id='word_1_340' title='bbox 780 3878 1032 3928; x_wconf 82' lang='lat' dir='ltr'>occasione</span> <span class='ocrx_word' id='word_1_341' title='bbox 1058 3878 1120 3926; x_wconf 72' lang='grc' dir='ltr'>ὥς</span> <span class='ocrx_word' id='word_1_342' title='bbox 1145 3878 1197 3925; x_wconf 73' lang='grc' dir='ltr'>δν</span> 
     </span>
     <span class='ocr_line' id='line_1_45' title="bbox 202 3942 1125 4009; baseline 0 -18"><span class='ocrx_word' id='word_1_343' title='bbox 202 3942 392 4009; x_wconf 53' lang='lat' dir='ltr'>sopolim)</span> <span class='ocrx_word' id='word_1_344' title='bbox 414 3944 710 3993; x_wconf 77' lang='lat' dir='ltr'>mentionem</span> <span class='ocrx_word' id='word_1_345' title='bbox 733 3943 920 3992; x_wconf 81' lang='lat' dir='ltr'>inferat.</span> <span class='ocrx_word' id='word_1_346' title='bbox 955 3943 1125 3992; x_wconf 70' lang='lat' dir='ltr'>Sicos.</span> 
     </span>
    </p>

    <p class='ocr_par' dir='ltr' id='par_1_7' title="bbox 203 4007 1199 4455">
     <span class='ocr_line' id='line_1_46' title="bbox 267 4007 1196 4070; baseline -0.002 -13"><span class='ocrx_word' id='word_1_347' title='bbox 267 4022 292 4070; x_wconf 89' lang='lat'><strong>7</strong></span> <span class='ocrx_word' id='word_1_348' title='bbox 321 4010 658 4069; x_wconf 67' lang='lat' dir='ltr'>Ferentinum]</span> <span class='ocrx_word' id='word_1_349' title='bbox 695 4007 870 4057; x_wconf 76' lang='lat' dir='ltr'>Mendi</span> <span class='ocrx_word' id='word_1_350' title='bbox 891 4007 1048 4070; x_wconf 71' lang='lat' dir='ltr'>arguit</span> <span class='ocrx_word' id='word_1_351' title='bbox 1067 4007 1196 4056; x_wconf 85' lang='lat' dir='ltr'>hanc</span> 
     </span>
     <span class='ocr_line' id='line_1_47' title="bbox 203 4070 1195 4123; baseline -0.002 -2"><span class='ocrx_word' id='word_1_352' title='bbox 203 4086 360 4121; x_wconf 77' lang='lat' dir='ltr'>vocem</span> <span class='ocrx_word' id='word_1_353' title='bbox 383 4072 670 4123; x_wconf 79' lang='lat' dir='ltr'>Gronovius.</span> <span class='ocrx_word' id='word_1_354' title='bbox 725 4071 1042 4121; x_wconf 81' lang='lat' dir='ltr'>Ferentinum</span> <span class='ocrx_word' id='word_1_355' title='bbox 1065 4070 1195 4119; x_wconf 84' lang='lat' dir='ltr'>enim</span> 
     </span>
     <span class='ocr_line' id='line_1_48' title="bbox 203 4135 1196 4195; baseline -0.002 -10"><span class='ocrx_word' id='word_1_356' title='bbox 203 4138 396 4185; x_wconf 79' lang='lat' dir='ltr'>alterum</span> <span class='ocrx_word' id='word_1_357' title='bbox 449 4136 500 4185; x_wconf 88' lang='lat' dir='ltr'>in</span> <span class='ocrx_word' id='word_1_358' title='bbox 554 4136 699 4185; x_wconf 86' lang='lat' dir='ltr'>Latio</span> <span class='ocrx_word' id='word_1_359' title='bbox 741 4140 833 4195; x_wconf 86' lang='lat' dir='ltr'>est,</span> <span class='ocrx_word' id='word_1_360' title='bbox 883 4136 1092 4184; x_wconf 79' lang='lat' dir='ltr'>alterum</span> <span class='ocrx_word' id='word_1_361' title='bbox 1145 4135 1196 4183; x_wconf 83' lang='lat' dir='ltr'>in</span> 
     </span>
     <span class='ocr_line' id='line_1_49' title="bbox 207 4198 1195 4275; baseline -0.001 -26"><span class='ocrx_word' id='word_1_362' title='bbox 207 4200 402 4260; x_wconf 79' lang='lat' dir='ltr'>Etruria,</span> <span class='ocrx_word' id='word_1_363' title='bbox 427 4202 598 4275; x_wconf 79' lang='lat' dir='ltr'>procul</span> <span class='ocrx_word' id='word_1_364' title='bbox 629 4206 892 4262; x_wconf 87' lang='lat' dir='ltr'>utrumque</span> <span class='ocrx_word' id='word_1_365' title='bbox 923 4198 986 4248; x_wconf 87' lang='lat' dir='ltr'>ab</span> <span class='ocrx_word' id='word_1_366' title='bbox 1017 4198 1094 4247; x_wconf 83' lang='lat' dir='ltr'>his</span> <span class='ocrx_word' id='word_1_367' title='bbox 1123 4214 1195 4248; x_wconf 83' lang='lat' dir='ltr'>re-</span> 
     </span>
     <span class='ocr_line' id='line_1_50' title="bbox 205 4264 1198 4327; baseline -0.002 -14"><span class='ocrx_word' id='word_1_368' title='bbox 205 4264 409 4327; x_wconf 78' lang='lat' dir='ltr'>gionibus</span> <span class='ocrx_word' id='word_1_369' title='bbox 426 4280 480 4313; x_wconf 84' lang='lat' dir='ltr'>m</span> <span class='ocrx_word' id='word_1_370' title='bbox 501 4265 678 4327; x_wconf 88' lang='lat' dir='ltr'>quibus</span> <span class='ocrx_word' id='word_1_371' title='bbox 701 4279 832 4313; x_wconf 82' lang='lat' dir='ltr'>nunc</span> <span class='ocrx_word' id='word_1_372' title='bbox 859 4264 1046 4312; x_wconf 85' lang='lat' dir='ltr'>bellum</span> <span class='ocrx_word' id='word_1_373' title='bbox 1077 4264 1198 4326; x_wconf 79' lang='lat' dir='ltr'>geri-</span> 
     </span>
     <span class='ocr_line' id='line_1_51' title="bbox 207 4327 1198 4378; baseline 0 -2"><span class='ocrx_word' id='word_1_374' title='bbox 207 4335 308 4378; x_wconf 76' lang='lat' dir='ltr'>turt</span> <span class='ocrx_word' id='word_1_375' title='bbox 343 4344 430 4378; x_wconf 87' lang='lat' dir='ltr'>nec</span> <span class='ocrx_word' id='word_1_376' title='bbox 467 4330 574 4377; x_wconf 84' lang='lat' dir='ltr'>ulla</span> <span class='ocrx_word' id='word_1_377' title='bbox 605 4330 722 4377; x_wconf 87' lang='lat' dir='ltr'>urbs</span> <span class='ocrx_word' id='word_1_378' title='bbox 761 4328 867 4377; x_wconf 85' lang='lat' dir='ltr'>eius</span> <span class='ocrx_word' id='word_1_379' title='bbox 903 4327 1112 4377; x_wconf 84' lang='lat' dir='ltr'>nominis</span> <span class='ocrx_word' id='word_1_380' title='bbox 1147 4328 1198 4376; x_wconf 85' lang='lat' dir='ltr'>in</span> 
     </span>
     <span class='ocr_line' id='line_1_52' title="bbox 209 4392 1199 4455; baseline -0.003 -14"><span class='ocrx_word' id='word_1_381' title='bbox 209 4392 393 4441; x_wconf 76' lang='lat' dir='ltr'>samnio</span> <span class='ocrx_word' id='word_1_382' title='bbox 415 4392 664 4455; x_wconf 84' lang='lat' dir='ltr'>reperitur.</span> <span class='ocrx_word' id='word_1_383' title='bbox 719 4392 903 4441; x_wconf 82' lang='lat' dir='ltr'>Mirum</span> <span class='ocrx_word' id='word_1_384' title='bbox 926 4392 978 4439; x_wconf 84' lang='lat' dir='ltr'>iu</span> <span class='ocrx_word' id='word_1_385' title='bbox 997 4392 1199 4439; x_wconf 86' lang='lat' dir='ltr'>modum</span> 
     </span>
    </p>
   </div>
   <div class='ocr_carea' id='block_1_7' title="bbox 1259 3744 2269 4373">
    <p class='ocr_par' dir='ltr' id='par_1_8' title="bbox 1259 3744 2269 4119">
     <span class='ocr_line' id='line_1_53' title="bbox 1261 3744 2269 3811; baseline 0 -16"><span class='ocrx_word' id='word_1_386' title='bbox 1261 3748 1448 3797; x_wconf 80' lang='lat' dir='ltr'>variant</span> <span class='ocrx_word' id='word_1_387' title='bbox 1489 3746 1673 3811; x_wconf 84' lang='lat' dir='ltr'>scripti.</span> <span class='ocrx_word' id='word_1_388' title='bbox 1739 3744 2015 3795; x_wconf 80' lang='lat' dir='ltr'>Gronovius</span> <span class='ocrx_word' id='word_1_389' title='bbox 2055 3746 2269 3809; x_wconf 65' lang='lat' dir='ltr'>suspica«-</span> 
     </span>
     <span class='ocr_line' id='line_1_54' title="bbox 1259 3810 2267 3870; baseline -0.003 -10"><span class='ocrx_word' id='word_1_390' title='bbox 1259 3817 1338 3861; x_wconf 87' lang='lat' dir='ltr'>tur</span> <span class='ocrx_word' id='word_1_391' title='bbox 1349 3812 1711 3870; x_wconf 69' lang='lat' dir='ltr'>Treventinum,</span> <span class='ocrx_word' id='word_1_392' title='bbox 1720 3810 1982 3860; x_wconf 83' lang='lat' dir='ltr'>Douistius</span> <span class='ocrx_word' id='word_1_393' title='bbox 1987 3812 2267 3860; x_wconf 67' lang='lat' dir='ltr'>Forentum.</span> 
     </span>
     <span class='ocr_line' id='line_1_55' title="bbox 1259 3877 2267 3936; baseline -0.007 -9"><span class='ocrx_word' id='word_1_394' title='bbox 1259 3878 1420 3927; x_wconf 73' lang='lat' dir='ltr'>Casv.</span> <span class='ocrx_word' id='word_1_395' title='bbox 1473 3877 1572 3926; x_wconf 83' lang='lat' dir='ltr'>Sed</span> <span class='ocrx_word' id='word_1_396' title='bbox 1588 3878 1909 3926; x_wconf 68' lang='lat' dir='ltr'>Ferentinum</span> <span class='ocrx_word' id='word_1_397' title='bbox 1928 3888 2055 3936; x_wconf 84' lang='lat' dir='ltr'>supr.</span> <span class='ocrx_word' id='word_1_398' title='bbox 2076 3888 2095 3921; x_wconf 76' lang='grc' dir='ltr'>ι</span> <span class='ocrx_word' id='word_1_399' title='bbox 2107 3884 2147 3933; x_wconf 87' lang='grc'>7.</span> <span class='ocrx_word' id='word_1_400' title='bbox 2160 3878 2267 3921; x_wconf 81' lang='lat' dir='ltr'>tan-</span> 
     </span>
     <span class='ocr_line' id='line_1_56' title="bbox 1261 3934 2267 4003; baseline -0.008 -11"><span class='ocrx_word' id='word_1_401' title='bbox 1261 3956 1406 4003; x_wconf 85' lang='lat' dir='ltr'>quam</span> <span class='ocrx_word' id='word_1_402' title='bbox 1434 3939 1727 3991; x_wconf 79' lang='lat' dir='ltr'>Samnitium</span> <span class='ocrx_word' id='word_1_403' title='bbox 1760 3938 2015 4002; x_wconf 72' lang='lat' dir='ltr'>oppfflnm,</span> <span class='ocrx_word' id='word_1_404' title='bbox 2046 3934 2267 3984; x_wconf 79' lang='lat' dir='ltr'>occurrit.</span> 
     </span>
     <span class='ocr_line' id='line_1_57' title="bbox 1259 3998 2267 4064; baseline -0.008 -9"><span class='ocrx_word' id='word_1_405' title='bbox 1259 4008 1515 4056; x_wconf 62' lang='lat' dir='ltr'>Fau-etrum</span> <span class='ocrx_word' id='word_1_406' title='bbox 1536 4020 1597 4053; x_wconf 86' lang='lat' dir='ltr'>ex</span> <span class='ocrx_word' id='word_1_407' title='bbox 1616 4002 1761 4053; x_wconf 80' lang='lat' dir='ltr'>MSS.</span> <span class='ocrx_word' id='word_1_408' title='bbox 1786 4004 1957 4064; x_wconf 82' lang='lat' dir='ltr'>probat</span> <span class='ocrx_word' id='word_1_409' title='bbox 1973 3999 2176 4048; x_wconf 84' lang='lat' dir='ltr'>Niebhr.</span> <span class='ocrx_word' id='word_1_410' title='bbox 2196 3998 2267 4047; x_wconf 87' lang='lat' dir='ltr'>iii.</span> 
     </span>
     <span class='ocr_line' id='line_1_58' title="bbox 1259 4068 1440 4119; baseline -0.006 0"><span class='ocrx_word' id='word_1_411' title='bbox 1259 4086 1308 4119; x_wconf 84' lang='lat' dir='ltr'>n.</span> <span class='ocrx_word' id='word_1_412' title='bbox 1330 4068 1362 4119; x_wconf 92' lang='lat'><strong>6</strong></span> <span class='ocrx_word' id='word_1_413' title='bbox 1398 4085 1440 4118; x_wconf 66' lang='grc' dir='ltr'>ι.</span> 
     </span>
    </p>

    <p class='ocr_par' dir='ltr' id='par_1_9' title="bbox 1261 4082 2269 4373">
     <span class='ocr_line' id='line_1_59' title="bbox 1323 4082 2269 4193; baseline -0.013 -9"><span class='ocrx_word' id='word_1_414' title='bbox 1323 4082 1573 4183; x_wconf 71' lang='lat' dir='ltr'>8⁵Eadem</span> <span class='ocrx_word' id='word_1_415' title='bbox 1593 4131 1812 4193; x_wconf 61' lang='lat' dir='ltr'>roffio-e]</span> <span class='ocrx_word' id='word_1_416' title='bbox 1851 4126 2053 4175; x_wconf 70' lang='lat' dir='ltr'>Vicinus</span> <span class='ocrx_word' id='word_1_417' title='bbox 2078 4125 2169 4173; x_wconf 89' lang='lat' dir='ltr'>sibi</span> <span class='ocrx_word' id='word_1_418' title='bbox 2193 4124 2269 4174; x_wconf 83' lang='lat' dir='ltr'>in-</span> 
     </span>
     <span class='ocr_line' id='line_1_60' title="bbox 1261 4191 2267 4256; baseline -0.007 -11"><span class='ocrx_word' id='word_1_419' title='bbox 1261 4198 1434 4256; x_wconf 79' lang='lat' dir='ltr'>vicem,</span> <span class='ocrx_word' id='word_1_420' title='bbox 1449 4197 1500 4245; x_wconf 86' lang='lat' dir='ltr'>in</span> <span class='ocrx_word' id='word_1_421' title='bbox 1518 4197 1689 4245; x_wconf 80' lang='lat' dir='ltr'>eadem</span> <span class='ocrx_word' id='word_1_422' title='bbox 1710 4192 1845 4241; x_wconf 89' lang='lat' dir='ltr'>urbis</span> <span class='ocrx_word' id='word_1_423' title='bbox 1862 4191 2071 4255; x_wconf 82' lang='lat' dir='ltr'>regione.</span> <span class='ocrx_word' id='word_1_424' title='bbox 2114 4191 2267 4239; x_wconf 72' lang='lat' dir='ltr'>ltine-</span> 
     </span>
     <span class='ocr_line' id='line_1_61' title="bbox 1262 4253 2267 4325; baseline -0.011 -14"><span class='ocrx_word' id='word_1_425' title='bbox 1262 4263 1490 4325; x_wconf 73' lang='lat' dir='ltr'>n&#39;busqtoe</span> <span class='ocrx_word' id='word_1_426' title='bbox 1510 4262 1589 4319; x_wconf 70' lang='lat' dir='ltr'>iis,</span> <span class='ocrx_word' id='word_1_427' title='bbox 1610 4274 1675 4307; x_wconf 84' lang='lat' dir='ltr'>sc.</span> <span class='ocrx_word' id='word_1_428' title='bbox 1695 4255 1783 4304; x_wconf 81' lang='lat' dir='ltr'>viis</span> <span class='ocrx_word' id='word_1_429' title='bbox 1803 4271 1863 4304; x_wconf 88' lang='lat' dir='ltr'>ex</span> <span class='ocrx_word' id='word_1_430' title='bbox 1887 4254 1985 4303; x_wconf 86' lang='lat' dir='ltr'>illis</span> <span class='ocrx_word' id='word_1_431' title='bbox 2010 4253 2159 4317; x_wconf 87' lang='lat' dir='ltr'>portis</span> <span class='ocrx_word' id='word_1_432' title='bbox 2180 4254 2267 4301; x_wconf 83' lang='lat' dir='ltr'>du-</span> 
     </span>
     <span class='ocr_line' id='line_1_62' title="bbox 1267 4325 1500 4373; baseline -0.004 1"><span class='ocrx_word' id='word_1_433' title='bbox 1267 4325 1500 4373; x_wconf 81' lang='lat' dir='ltr'>centibus.</span> 
     </span>
    </p>
   </div>
   <div class='ocr_carea' id='block_1_8' title="bbox 1736 4452 1919 4534">
    <p class='ocr_par' dir='ltr' id='par_1_10' title="bbox 1736 4452 1919 4534">
     <span class='ocr_line' id='line_1_63' title="bbox 1736 4452 1919 4534; baseline 0 -15"><span class='ocrx_word' id='word_1_434' title='bbox 1736 4452 1919 4534; x_wconf 78' lang='lat' dir='ltr'>Qq2</span> 
     </span>
    </p>
   </div>
  </div>
 </body>
</html>
