3000 4784
875 215 1064 282 LIB.
1123 217 1173 283 L
1236 217 1454 284 CAP.
1502 224 1605 284 46.
2190 228 2273 288 53

247 349 378 414 uod
407 350 642 416 addere
687 352 828 417 urbi
861 351 1070 418 decus·
1161 353 1296 418 Iam
1339 367 1474 418 tum
1508 367 1643 419 erat
1681 354 1991 420 inclutum
2024 356 2273 422 Dianae
2291 368 2342 412 et
2364 363 2557 414 Latino-

153 450 186 501 6
201 373 520 523 {phesiae
549 438 800 502 fanum:
847 438 913 502 id
931 441 1347 504 communiter
1373 463 1412 505 a
1437 440 1793 506 civitatibus
1820 441 2011 507 Asiae
2039 443 2273 508 factum
2290 442 2411 477 ‘⁰¹¹¹‘

199 523 371 587 fama
395 523 653 588 ferebat.
747 525 965 600 Quum
999 549 1373 591 consensum
1411 527 1689 614 deosque
1724 529 2107 594 consociatos
2141 529 2275 594 lau-

200 609 386 676 daret
421 610 579 676 mire
623 610 874 676 Servius
901 612 1071 676 inter
1104 635 1395 699 proceres
1435 613 1827 692 Latinorum,
1860 637 2005 678 cum
2090 616 2273 682 uibus

199 695 458 796 publice
525 697 942 785 privatimque
1009 697 1282 785 hospitia
1337 699 1763 788 amicitiasque
1822 700 1903 766 de
1970 702 2038 766 in
2086 703 2276 768 ustria

202 795 538 859 iunxerat3
621 806 724 848 sae
872 784 1161 850 iterando
1225 785 1448 850 eadem
1515 787 1790 874 perpulit
1858 787 2133 866 tande-m,
2201 803 2275 854 ut

157 887 185 938 7
205 869 454 933 Romae
491 869 708 934 fanum
814 870 990 934 ‘anae
1113 871 1247 971 puli
1287 871 1507 937 Latini
1540 895 1685 938 cum
1796 874 1946 960 pulo
1983 873 2281 940 Romano

152 973 182 1020 8
200 955 500 1020 facerent.
591 954 688 1020 Ea
724 970 860 1022 erat
887 980 961 1022 co
1031 980 1210 1036 essm,
1249 973 1440 1047 caput
1465 983 1675 1024 rerum
1772 983 1977 1026 omam
2006 984 2159 1039 esse,
2190 961 2271 1027 de

200 1064 334 1128 quo
373 1041 558 1106 toties
589 1043 777 1108 armis
819 1057 1124 1108 certatum
1157 1045 1374 1110 fuerat.
1465 1045 1545 1109 Id
1578 1069 1938 1133 quanquam
1976 1048 2273 1114 omissum

199 1129 330 1192 iam
375 1151 456 1192 ex
496 1130 778 1194 omnium
812 1153 964 1195 cura
1005 1129 1397 1208 Latinorum,
1438 1133 1522 1196 ob
1554 1154 1688 1198 rem
1728 1134 1912 1198 toties
1939 1133 2275 1200 infeliciter

199 1226 512 1278 tentatam
561 1217 768 1293 armis,
818 1216 1184 1293 videbatur3
1245 1217 1358 1282 uni
1403 1240 1469 1282 se
1520 1241 1605 1284 ex
1658 1217 1905 1284 Sabinis
1947 1220 2072 1284 fors
2121 1221 2271 1286 dare

199 1300 336 1364 visa
351 1314 450 1364 est
466 1300 710 1400 privato
731 1302 990 1367 consilio
1011 1303 1256 1390 imperii
1279 1305 1711 1390 recuperandi.
1788 1304 1913 1369 Bos
1931 1306 1999 1369 in
2026 1305 2273 1372 Sabinis
2291 1314 2390 1390 1²30ss
2410 1312 2549 1390 insig-

200 1401 354 1450 nata
380 1386 633 1451 cuidam
669 1388 1102 1474 patrifamiliae
1131 1389 1381 1466 dicitur,
1411 1389 1697 1454 miranda
1738 1391 2171 1492 magnitudine
2198 1415 2271 1458 ac
2287 1393 2561 1490 fffflssssssm‘

355 1473 432 1538 'e.
522 1472 680 1538 Fixa
699 1497 814 1561 per
839 1475 1068 1540 multas
1093 1487 1328 1540 aetates
1355 1497 1593 1540 cornua
1619 1475 1689 1540 in
1714 1476 2025 1542 vestibulo
2054 1477 2271 1564 templi
2288 1513 2514 1557 mactata.

152 1581 186 1629 9
276 1560 292 1573 ⁶
381 1583 454 1626 ae
489 1573 970 1626 monumentum
1008 1562 1070 1626 ei
1107 1561 1280 1626 fuere
1321 1561 1639 1626 miraculo.
1731 1561 1986 1640 Habita,
2017 1577 2089 1628 ut
2117 1577 2271 1642 erat,

199 1669 302 1712 res
329 1645 606 1733 prodigii
643 1647 782 1712 loco
815 1661 942 1712 est:
989 1660 1056 1712 et
1083 1648 1366 1713 cecinere
1395 1661 1588 1726 vates»,
1619 1648 1799 1714 cuius
1824 1649 2093 1716 civitatis
2132 1673 2273 1716 eam

199 1731 356 1796 civis
396 1731 642 1797 Dianae
671 1733 1068 1811 immolasset,
1098 1733 1184 1800 ibi
1214 1734 1346 1798 fore
1377 1735 1751 1821 imperium3
1798 1735 1990 1822 idque
2020 1759 2273 1802 carmen

199 1831 577 1906 pervenerat
613 1819 693 1883 ad
729 1819 1068 1884 antistitem
1105 1819 1235 1885 fani
1269 1819 1536 1886 Dianae.
1630 1820 1915 1900 Sabinus,
1960 1834 2033 1886 ut
2072 1823 2281 1910 prima

200 1929 240 1969 a
283 1917 350 1970 ta
377 1905 515 1970 dies
553 1905 854 1970 sacrificio
887 1907 1018 1976 visa
1044 1921 1159 1984 est,
1199 1908 1424 1972 bovem
1461 1907 1733 1973 Romam
1772 1922 1975 1974 actam
2013 1908 2274 1974 deducit

340 1991 562 2056 fanum
628 1991 896 2070 Dianae,
955 2004 1023 2057 et
1077 2006 1222 2058 ante
1281 2015 1452 2058 aram
1508 1994 1741 2058 statuit.
1858 1994 1959 2060 Ibi
2015 1995 2273 2060 antistes

204 2077 552 2156 Romanus,
593 2101 792 2165 quum
835 2102 982 2144 eum
1215 2079 1395 2144 itudo
1427 2079 1715 2145 victimae
1758 2081 2077 2146 celebrata
2107 2082 2273 2148 fama

199 2164 516 2241 movisset,
545 2187 786 2230 memor
821 2166 1102 2252 responsi
1145 2101 1451 2232 gabinum
1488 2166 1579 2231 ita
1605 2165 1973 2268 alloquitur:
2024 2175 2045 2205 ‘
2065 2167 2273 2242 Quid-

203 2259 224 2290 ‘
239 2272 392 2314 nam
412 2263 499 2327 tu,
521 2251 766 2338 hospes,
785 2274 965 2338 paras
979 2253 1036 2316 Τ
1077 2252 1303 2340 inquit,
1330 2259 1350 2290 ‘
1365 2252 1601 2318 inceste
1623 2253 1994 2319 sacrificium
2023 2253 2271 2320 Dianae

203 2336 496 2401 ‘facere?
572 2338 748 2413 Quin
777 2350 850 2402 tu
891 2350 1040 2404 ante
1067 2339 1210 2403 vivo
1238 2338 1633 2426 perfunderis
1666 2339 1972 2406 flumine?
2044 2339 2273 2408 Infima

205 2431 226 2462 ‘
240 2422 404 2486 valle
465 2424 714 2488 raefluit
734 2424 1023 2490 Tiberis?
1067 2423 1401 2512 Religione
1421 2437 1623 2490 tactus
1644 2424 1687 2488 h
1838 2449 1887 2504 s,
1911 2428 2024 2514 qui
2040 2429 2271 2504 omnia,

201 2521 278 2574 ut
337 2445 583 2609 rogigio
781 2511 1007 2576 nderet
1023 2523 1304 2589 eventus,
1324 2523 1585 2598 cuperet
1600 2510 1719 2575 rite
1760 2524 1917 2589 acta,
1936 2535 2018 2578 ex
2041 2513 2274 2600 templo

201 2595 537 2661 descendit
572 2596 651 2661 ad
743 2597 982 2662 iberim.
1072 2595 1326 2662 Interea
1363 2595 1690 2661 Romanus
1718 2596 2000 2663 immolat
2028 2598 2273 2664 Dianae

203 2683 430 2747 bovem
446 2708 465 2747 z
512 2682 580 2748 id
609 2684 766 2748 mire
793 2697 1043 2770 gratum
1071 2683 1205 2770 regi
1234 2696 1422 2770 atque
1453 2682 1692 2749 civitati
1718 2683 1857 2749 fuit.

161 2787 182 2824 1
294 2767 566 2848 ServiuS,
589 2791 949 2857 quanquam
978 2769 1104 2834 iam
1131 2792 1251 2834 usu
1278 2769 1450 2834 haud
1478 2769 1745 2834 dubium
1772 2793 2039 2858 regnum
2064 2793 2277 2859 posse-
2391 2775 2494 2837 46.

201 2855 402 2932 derat,
422 2869 654 2934 tamen,
673 2857 822 2943 quia
841 2856 1160 2922 interdum
1181 2856 1398 2921 iactari
1413 2879 1598 2922 voces
1620 2879 1659 2922 a
1677 2857 1903 2922 iuvene
1928 2856 2277 2946 Tarquinio

205 2940 519 3018 audiebat,
550 2965 616 3008 se
651 2943 890 3008 iniussu
927 2943 1146 3031 populi
1175 2965 1457 3031 regnare,
1487 2942 1817 3009 conciliata
1852 2944 2027 3030 prius
2054 2943 2276 3010 volun-

205 3039 336 3092 tate
365 3028 584 3114 plebis,
725 3052 763 3095 o
792 3043 976 3116 capto
1012 3054 1096 3096 ex
1124 3029 1405 3095 hostibus
1433 3030 1666 3094 viritim
1710 3029 1931 3108 diviso,
1967 3053 2153 3096 ausus
2180 3043 2277 3096 est

203 3113 366 3178 ferre
397 3114 480 3178 ad
507 3137 680 3201 popu
706 3137 831 3192 um,
865 3124 882 3153 ‘
898 3114 1150 3193 vellent,
1181 3116 1575 3194 iuberentne,
1604 3139 1670 3181 se
1693 3139 1953 3205 regnare
1970 3117 2025 3182 ?’
2070 3129 2277 3182 tanto-

250 3222 330 3264 ue
375 3223 701 3277 consensu,
746 3212 982 3288 quanto
1025 3201 1208 3266 haud·
1238 3202 1570 3289 quisquam
1612 3203 1769 3266 alius
1811 3217 1976 3280 ante,
2022 3225 2134 3268 rex
2180 3216 2277 3268 est

251 3286 570 3352 eclaratus.
663 3286 892 3374 Neque
922 3310 999 3352 ea
1025 3310 1123 3352 res
1151 3287 1500 3375 Tarquinio
1530 3311 1705 3376 spem
1733 3289 2067 3354 affectandi
2095 3289 2274 3377 regni
2291 3298 2347 3348 L.
2370 3298 2571 3362 Tarqui-

277 3453 309 3503 6
345 3457 546 3506 Dianae
585 3456 829 3518 Ephaiae
857 3454 1068 3514 sanam]
1148 3454 1209 3502 cf.
1276 3452 1400 3502 Livii
1431 3453 1596 3502 animo
1629 3453 1833 3514 videtur,
1866 3457 1993 3518 quod
2030 3456 2191 3506 Latini
2223 3456 2274 3508 in

208 3519 339 3568 Plin.
361 3519 430 3568 Η.
449 3519 517 3568 Ν.
533 3519 698 3568 xxxvi.
726 3534 797 3580 ¹4·
815 3517 962 3580 quiid
977 3531 1112 3566 ccxx
1128 3533 1210 3566 au-
1276 3517 1519 3566 Aventino
1561 3519 1697 3566 sedes
1748 3535 1858 3568 suas
1900 3520 2187 3582 posuissent,
2226 3529 2279 3572 et

205 3584 282 3632 nis
311 3599 344 3632 a
371 3589 476 3632 tota
497 3583 614 3633 Asia
633 3583 940 3632 aedificatum
961 3581 1140 3640 scribit,
1161 3587 1212 3628 et
1273 3583 1400 3642 quod
1419 3587 1557 3629 extm
1572 3582 1871 3643 pomoerium
1886 3599 2037 3645 usque
2052 3585 2117 3633 ad
2129 3585 2275 3635 Clau-

207 3647 334 3696 inter
375 3648 544 3696 mundi
585 3648 821 3695 miracula
859 3647 1098 3694 relatum:
1149 3645 1211 3694 ab
1273 3645 1341 3694 dii
1372 3651 1583 3694 aetatem
1615 3661 1753 3694 mons
1783 3647 1870 3695 ille
1891 3649 2115 3697 exclusus
2135 3656 2274 3699 esset.

209 3712 498 3760 Herostrato
513 3711 706 3770 deinde,
721 3716 777 3759 ut
797 3709 1210 3758 immortalitatem
1275 3709 1334 3758 A.
1359 3709 1490 3758 Gen.
1512 3709 1613 3758 xiii.
1642 3725 1712 3771 14.
1747 3711 1807 3760 cf.
1829 3711 2079 3761 Wachsm.
2097 3728 2145 3775 p.
2171 3713 2273 3776 165.

205 3774 418 3823 nominis
457 3774 548 3824 sibi
591 3780 796 3836 pataret,
836 3774 1106 3832 incensum,
1141 3772 1210 3820 in·
1337 3788 1369 3838 9
1399 3775 1621 3835 Dianae]
1646 3791 1711 3824 sc.
1727 3775 2055 3826 Aventinensi.
2079 3777 2139 3826 cf.
2160 3777 2273 3828 val.

205 3845 572 3900 mutatumque
599 3837 863 3888 Alexandri
891 3837 1062 3900 Magni
1091 3843 1210 3885 tem·
1275 3839 1410 3886 Max.
1434 3837 1514 3886 vii.
1540 3852 1581 3898 3.

207 3903 420 3966 poribus.
451 3903 583 3952 Bur.
1341 3916 1362 3949 1
1398 3903 1507 3950 Iam
1539 3918 1635 3951 usu
1656 3937 1669 3951 .
1692 3937 1707 3950 .
1728 3939 1743 3952 .
1765 3939 1779 3952 .
1797 3905 2093 3966 persederat]
2143 3904 2272 3954 Tan·

273 3979 299 4029 7
331 3969 514 4016 Rome
533 3968 718 4026 sanum
743 3967 964 4025 Dianae]
1003 3965 1210 4013 Factum
1273 3979 1417 4025 quam
1460 3981 1556 4014 um
1594 3973 1799 4028 ceperat.
1866 3967 1999 4016 Nam
2040 3973 2274 4032 usucapio

205 4030 254 4078 in
277 4045 470 4079 summo
495 4029 674 4078 montis
694 4029 922 4078 Aventini
945 4029 1211 4085 cacumine,
1273 4035 1346 4076 est
1377 4028 1452 4076 ius
1478 4029 1547 4077 rei
1570 4031 1884 4091 possidendae
1907 4033 1983 4080 vel
2005 4033 2271 4094 legitimum

207 4110 372 4143 versus
412 4093 642 4144 Tiberim.
727 4094 790 4142 In
831 4093 1066 4142 aheneam
1110 4091 1214 4140 eius
1273 4091 1342 4140 rei
1374 4093 1659 4154 dominium,
1688 4099 1853 4142 natum
1887 4111 1949 4144 ex
1982 4097 2274 4158 possessione

206 4160 488 4207 columnam
511 4156 712 4207 Graecis
743 4157 892 4206 literis
915 4157 1094 4205 incisae
1113 4157 1211 4205 foe-
1275 4155 1376 4204 cius
1409 4156 1637 4206 diuturna
1668 4163 1719 4206 et
1753 4175 1851 4206 non
1888 4159 2155 4221 interrupta
2189 4176 2274 4221 per

206 4222 334 4271 deris
354 4223 502 4284 leges,
522 4237 647 4283 quae
670 4220 872 4284 Augusti
903 4221 1063 4270 adhuc
1090 4226 1210 4270 tem-
1274 4227 1456 4270 certum
1479 4221 1757 4284 legibusque
1772 4222 2025 4270 definitum
2045 4223 2277 4284 temporis

205 4286 406 4348 poribus
425 4286 722 4348 legebantur.
758 4285 887 4336 Rur.
1273 4285 1498 4348 spatium.
1532 4285 1663 4336 Bur.
1707 4285 1767 4334 cf.
1787 4284 1899 4334 Gaii
1923 4285 2043 4333 Inst-
2061 4284 2109 4334 ii.
2133 4287 2161 4344 3
2176 4300 2255 4346 40.

269 4351 300 4399 8
333 4352 417 4398 Ea
437 4357 545 4398 crat
564 4350 817 4409 mffmio]
869 4347 1118 4398 Excidim
1150 4364 1211 4397 ex
