3000 4784
816 192 1005 257 LIB.
1056 191 1156 257 ·11.
1224 191 1445 257 CAP.
1509 196 1611 255 23.
2173 192 2252 257 97

198 326 603 415 invidiamque
652 353 811 407 eam,
862 354 979 395 sua
1024 342 1249 417 sponte
1298 329 1690 417 gliscentem,
1743 329 2008 417 insignis
2064 334 2253 399 unius
2272 353 2339 405 U.
2363 356 2421 403 C.
2447 369 2554 419 259·

156 437 177 469 π
194 412 487 480 calamitas
548 418 857 483 accendit.
952 416 1195 504 Magno
1238 434 1397 481 natu
1442 418 1704 504 quidam
1761 440 1908 481 cum
1967 420 2252 485 omnium
2269 421 2328 469 A.
2363 420 2422 469 C·
2445 434 2566 484 493-

194 501 479 567 malorum
519 528 775 570 suorum
820 504 1171 590 insignibus
1198 526 1265 568 se
1306 504 1376 567 in
1403 504 1612 569 forum
1651 504 1933 591 proiecit.
2027 506 2253 575 Obsita

190 604 309 652 erat
362 592 653 677 squalore
698 592 906 669 vestie,
956 589 1197 655 foedior
1248 590 1526 677 corporis
1583 590 1836 657 habitus
1892 590 2128 677 pallore
2175 618 2250 662 ac

150 692 175 738 3
190 676 365 739 macie
395 680 729 768 perempti.
821 678 933 743 Ad
960 677 1103 755 hoc,
1134 678 1439 765 promissa
1471 678 1666 743 barba
1693 691 1759 741 et
1786 677 1998 765 capilli
2025 678 2250 747 effera—

186 776 385 826 verant
421 767 703 851 speciem
743 767 884 832 oris.
976 763 1047 829 N
1046 766 1431 831 oscitabamr
1469 776 1683 829 tamen
1721 764 1790 827 in
1831 776 2004 829 tanta
2042 765 2250 833 defor-

144 876 171 915 4
186 848 401 929 mitate,
433 866 501 916 et
539 854 798 919 ordines
836 854 1088 918 duxisse
1124 852 1399 929 aiebant,
1430 850 1678 937 aliaque
1719 850 1982 917 militiae
2022 852 2251 921 decora

182 935 371 1023 vulgo,
400 940 775 1005 miserantes
802 962 971 1018 eum,
1002 940 1333 1005 iactabant.
1426 936 1592 1025 Ipse,
1625 950 1813 1003 testes
1841 938 2249 1007 honestarum

180 1019 399 1109 aliquot
433 1024 591 1091 locis
620 1050 996 1128 pugnarum,
1027 1026 1348 1091 cicatrices
1376 1025 1638 1091 adverso
1675 1038 1932 1113 pectore
1973 1040 2248 1095 ostenta-

180 1108 291 1173 bat.
381 1110 884 1191 SciscitantlbuS,
918 1123 939 1153 ‘
954 1113 1127 1177 unde
1150 1113 1254 1177 ille
1284 1112 1586 1179 habitus?
1629 1112 1801 1212 unde
1831 1112 2248 1213 deformitas?

178 1201 1003 1365 9ἓὲῃῆἭῆῗῖ
1042 1213 1442 1362 ῗξῗιῖἱᾶξῖἓξῗ
1477 1222 1942 1373 Ἑωὶοἷῖΐξέτ
1963 1201 2246 1387 ᾜΞΞἙΞ

178 1372 198 1401 ‘
212 1370 401 1437 tiones
450 1375 589 1460 agri
639 1396 770 1439 non
816 1374 1027 1439 fluctu
1069 1372 1261 1437 modo
1310 1372 1600 1449 caruerit,
1644 1372 1760 1437 sed
1799 1372 1950 1437 villa
1987 1396 2247 1441 mcensa

180 1460 195 1488 ‘
208 1455 403 1536 fuerit,
432 1460 691 1548 direpta
724 1462 956 1539 omnia,
986 1481 1218 1548 pecora
1255 1460 1495 1537 abacta,
1527 1458 1840 1525 tributum
1865 1460 2090 1548 iniquo
2127 1485 2243 1527 suo

180 1548 197 1577 ‘
213 1556 477 1645 tempore
519 1548 923 1635 imperatum,
962 1570 1069 1613 aes
1106 1546 1385 1611 alienum
1428 1546 1684 1647 fecisse:
1731 1545 1838 1646 id.
1850 1546 2242 1649 cumulatum

178 1651 675 1787 ffiffi?
700 1646 1976 1809 ssffiofsse‘ffiss'sssffssssssveffl
1993 1634 2240 1810 3333

176 1808 195 1836 ‘
208 1800 478 1872 Ductum
506 1830 576 1873 se
608 1812 693 1874 ab
722 1808 1053 1885 creditore,
1084 1828 1216 1872 non
1244 1807 1313 1872 in
1348 1806 1692 1884 servitium,
1723 1806 1836 1871 sed
1863 1807 1932 1871 in
1961 1824 2242 1895 ergastu-

178 1886 327 1955 ‘lum
355 1909 421 1958 et
446 1895 885 1960 carnificinam
914 1895 1087 1961 esse?
1173 1892 1335 1959 Inde
1358 1906 1670 1959 ostentare
1695 1906 1964 1981 tergum,
1982 1895 2240 1961 foedum

174 1980 507 2047 recentibus
554 1982 839 2071 vestigiis
894 1982 1245 2046 verberum.
1335 1979 1447 2045 Ad
1503 1981 1659 2045 haec
1715 1982 1850 2046 visa
1897 1981 2240 2070 auditaque

174 2059 385 2131 clamor
408 2068 643 2157 ingens
672 2068 887 2133 oritur.
979 2066 1135 2133 Non
1162 2068 1289 2133 iam
1316 2066 1453 2133 foro
1491 2090 1558 2132 se
1588 2066 1896 2133 tumultus
1934 2070 2238 2147 continet,

136 2166 160 2215 5
173 2148 271 2213 sed
304 2156 531 2239 passim
562 2168 765 2221 totam
804 2157 1030 2220 urbem
1059 2153 1363 2242 pervadit.
1456 2153 1656 2218 Nexu
1691 2153 1891 2220 vineti
1923 2156 2238 2243 solutique

175 2255 231 2298 se
268 2240 545 2331 undique
599 2244 666 2306 in
754 2242 1035 2308 ublicum
1078 2242 1250 2329 prori
1292 2242 1453 2319 iunt,
1496 2241 1841 2328 implorant
1887 2241 2240 2317 Quiritium

176 2319 363 2390 fidem.
462 2328 671 2397 Nullo
752 2352 869 2394 oco
927 2329 1107 2394 deest
1162 2350 1229 2393 se
1279 2328 1489 2393 'tionis
1545 2328 1934 2393 voluntarius
1990 2351 2200 2395 comes
2215 2355 2234 2394 z

174 2409 365 2476 multis
404 2417 643 2503 passim
678 2416 1035 2503 agminibus
1072 2438 1189 2502 per
1224 2437 1445 2479 omnes
1486 2415 1620 2478 vias
1661 2438 1810 2478 cum
1851 2414 2124 2481 clamore
2166 2418 2236 2481 in

174 2492 355 2563 sorum
376 2504 668 2569 curritur.
760 2502 1006 2588 Magno
1026 2524 1174 2567 cum
1194 2500 1476 2588 periculo
1496 2524 1632 2577 su0,
1653 2502 1764 2587 qui
1785 2501 1946 2565 forte
1970 2501 2234 2566 Patrum

174 2580 233 2645 in
254 2584 381 2653 foro
406 2602 613 2668 erant,
645 2590 715 2653 in
751 2610 891 2654 eam
928 2588 1177 2653 turbam
1215 2588 1611 2653 inciderunt:
1658 2609 1780 2651 nec
1815 2600 2233 2674 temperatum

175 2673 441 2740 manibus
494 2678 683 2754 fouet,
730 2678 799 2740 ni
850 2696 1117 2763 propere
1161 2673 1471 2752 consules,
1516 2673 1592 2738 P.
1643 2672 1943 2739 Servilius
1989 2687 2056 2738 et
2101 2674 2234 2825 AR

178 2752 479 2841 Claudius,
504 2764 593 2829 ad
608 2763 1145 2851 comprimendam
1166 2760 1544 2827 seditionem
1563 2761 2062 2826 intervenissent.

176 2862 267 2906 eos
295 2849 634 2916 multitudo
663 2872 857 2927 versa,
882 2862 1197 2915 ostentare
1226 2846 1479 2913 vincula
1505 2870 1620 2912 sua
1639 2846 2232 2936 deformitatemque

174 2926 353 2998 aliam.
416 2936 603 3004 Haec
631 2960 697 3003 se
727 2936 987 3001 meritos
1012 2936 1245 3012 dicere,
1274 2936 1726 3023 exprobrantes
1754 2958 1932 3000 suam
1961 2936 2231 3023 quisque

176 3013 314 3082 alius
368 3023 516 3091 alibi
578 3024 887 3088 militiam.
980 3021 1305 3087 Postulare
1364 3022 1566 3087 multo
1623 3022 1954 3087 minaciter
2009 3024 2228 3125 magis,

172 3120 343 3247 ‘squam
392 3110 781 3199 suppliciter,
828 3124 900 3175 ut
946 3122 1237 3174 senatum
1280 3121 1616 3173 vocarent:
1677 3110 2064 3197 curiamque,
2109 3110 2232 3197 ipsi

196 3194 345 3257 uturi
373 3198 593 3265 arbitri
622 3197 1173 3283 moderatoresque
1195 3195 1431 3287 publici
1453 3195 1718 3272 consilii,
1743 3196 2225 3261 circumsistunt.

230 3442 255 3473 2
284 3430 463 3493 Mamm
492 3441 618 3483 natu
648 3434 871 3497 quidam]
910 3430 1157 3480 Nan-atio-

176 3502 273 3561 ss?m
311 3494 433 3545 hanc
474 3498 683 3547 totidem
722 3497 821 3545 fere
859 3495 1017 3544 verbis
1048 3494 1155 3543 infr.

178 3566 227 3602 Vl.
254 3568 317 3617 14.
344 3559 557 3623 legimus.

214 3632 256 3689 ,3
285 3622 551 3701 Permpet]
578 3626 842 3687 Pmmpto
857 3622 1041 3673 similis.
1078 3624 1160 3671 Ita

176 3678 327 3733 emero
345 3703 549 3753 saepius,
559 3692 701 3751 fame
720 3692 895 3753 miquo
916 3689 1084 3739 mcci.

222 3764 256 3819 ,4
291 3751 491 3806 Ordines
531 3756 751 3815 ausim]
808 3752 1157 3802 Centurionem

176 3805 317 3881 fiune,
368 3818 553 3883 Viginti
574 3824 625 3867 et
646 3824 758 3866 octo
787 3816 1029 3891 stipendia
1059 3832 1159 3891 me·

234 4016 259 4063 5
288 4008 429 4059 Nea-u
446 4013 599 4062 vincti
616 4012 881 4075 solum]
932 4010 1047 4059 Hoc
1068 4014 1160 4069 est,

178 4075 292 4139 ”03¹1
324 4073 465 4125 vineti
506 4084 557 4126 et
592 4092 723 4125 nexu
761 4072 923 4125 soluti.
986 4078 1160 4124 Nea-uc

176 4140 341 4206 ‘lmppe
368 4140 608 4205 obligatio,
628 4156 729 4203 qua
748 4140 936 4188 debitor
956 4154 1009 4187 se
1028 4139 1159 4187 ultro

180 4194 379 4251 creditori
414 4205 629 4255 devinxit
664 4205 729 4253 ad
761 4203 1021 4267 pecuniam
1052 4218 1157 4251 mu·

180 4256 299 4307 tuam
340 4280 479 4327 opera
517 4284 607 4318 sua
646 4268 808 4317 servili
862 4268 1159 4316 solvendam.

180 4316 208 4343 ‘⁴
222 4322 401 4377 Neam
424 4335 551 4382 enim
573 4340 665 4393 ent,
684 4334 755 4382 ait
773 4332 953 4381 uanus
974 4330 1161 4391 Aenus,

256 4404 389 4456 V01..
420 4416 460 4463 1.

1221 3432 1542 3493 quodcunque
1567 3446 1652 3495 per
1671 3446 1754 3481 aes
1770 3439 1821 3480 et
1841 3432 2012 3481 libram
2034 3434 2230 3495 geritur,

1220 3495 1368 3557 idque
1384 3495 1516 3544 necti
1532 3496 1758 3544 dicitur.”
1779 3496 1966 3546 Festus.
2032 3498 2066 3525 ‘⁴
2084 3498 2231 3547 Liber

1220 3559 1307 3621 qui
1328 3575 1441 3608 suas
1459 3574 1632 3621 operas
1659 3560 1708 3607 in
1736 3560 2016 3610 servitutem
2037 3578 2125 3625 pro
2147 3579 2228 3625 pe—

1223 3623 1368 3672 cunia
1387 3639 1534 3687 quam
1563 3624 1788 3683 debebat,
1809 3625 1956 3673 dabat
1987 3626 2106 3674 dum
2138 3629 2228 3676 sol-

1224 3694 1371 3747 veret,
1403 3704 1559 3736 nexus
1593 3694 1804 3748 vocatur,
1825 3694 1878 3737 ut
1910 3689 1974 3737 ab
2004 3705 2116 3739 aere
2148 3694 2228 3740 ob-

1223 3754 1466 3801 aeratus.”
1511 3752 1668 3801 Varro
1705 3754 1768 3802 de
1805 3752 1864 3802 L.
1907 3753 1963 3803 L.
2002 3754 2081 3804 vii.
2126 3772 2229 3806 101.

1224 3817 1407 3866 Contra
1437 3818 1659 3867 addtom
1691 3817 1841 3866 fiebat
1871 3818 2077 3879 debitor,
2096 3821 2180 3882 qui
2202 3837 2232 3869 a

1222 3887 1445 3943 praetore
1471 3880 1522 3930 in
1554 3881 1851 3941 servitutem,
1873 3898 2020 3944 quum
2044 3884 2231 3933 solven-

1222 3946 1286 3993 do
1318 3960 1417 3995 non
1436 3952 1580 4006 esset,
1601 3946 1824 3997 creditori
1849 3946 2229 3997 adiudicabatur.

1222 4012 1395 4069 Nea-us
1406 4010 1604 4073 quidem
1622 4010 1866 4061 civitatem
1891 4010 2091 4059 minime
2111 4012 2230 4059 ami-

1221 4074 1301 4132 sit,
1338 4076 1560 4123 addtctm
1603 4090 1715 4124 vero
1755 4077 1913 4137 capite
1954 4076 2231 4124 domium

1221 4144 1313 4197 est,
1332 4140 1463 4201 quod
1479 4139 1644 4189 “liber
1662 4138 1802 4187 alteri
1821 4138 2066 4200 mancipio
2087 4140 2231 4186 datus

1221 4206 1398 4252 esset.''
1440 4204 1502 4253 cf.
1537 4202 1744 4253 Niebhr.
1766 4202 1798 4253 i.
1821 4219 1868 4265 p.
1895 4202 2001 4263 567.
2039 4200 2142 4251 Cic.
2164 4201 2228 4248 de

1224 4268 1353 4329 Rep.
1376 4267 1425 4317 ii.
1452 4283 1528 4330 34.

1837 4412 1884 4453 Η
