3000 4784
710 235 839 295 484
1478 222 1705 289 TITI
1765 220 2042 287 LIVII

565 386 675 437 429-
714 377 943 430 natura
978 384 1079 427 res
1118 382 1319 447 quum
1358 382 1389 422 s
1471 358 1638 423 ciem
1677 358 1946 423 iniuriae
1987 357 2208 443 magis,
2240 380 2436 445 quam
2468 357 2628 433 doli,
2671 380 2816 444 prae

567 450 679 501 ³²3·
716 474 782 516 se
814 452 1021 525 ferret,
1052 446 1351 511 concitati
1382 380 1674 509 ffimines
1703 456 1942 531 cogunt
1969 443 2242 509 clamore
2271 467 2388 509 suo
2418 445 2820 531 magistratus

714 549 1005 603 senatum
1049 555 1315 597 vocaret
1362 545 1429 595 et
1472 531 1602 607 alii,
1648 532 2126 595 circumstantes
2169 530 2530 607 concilium,
2575 530 2820 595 bellum

714 623 785 687 in
817 622 1142 686 Romanos
1169 633 1477 706 poscunt:
1529 618 1636 680 alii
1675 617 1758 681 ad
1797 617 2238 681 concitandam
2281 617 2352 679 in
2389 640 2567 681 arma
2609 616 2824 681 multi·

714 708 1005 773 tudinem
1056 706 1397 791 agrestium
1449 704 1851 767 discurrunt:
1924 703 2329 790 tumultuque
2388 704 2586 767 etiam
2644 725 2826 767 sanos

714 806 1159 859 consternante
1204 792 1467 868 animOS,
1511 790 1894 866 decernitur,
1941 804 2013 854 ut
2059 791 2325 853 societas
2371 813 2520 853 cum
2571 789 2826 855 Samni·

716 882 885 945 tibus
916 893 1362 953 renovaretur3
1410 876 1733 962 legatique
1763 876 1847 940 ad
1881 899 2024 939 eam
2059 899 2192 939 rem
2233 876 2598 941 mittuntur.
2701 876 2830 939 Re-

799 967 983 1030 ntina
1008 988 1108 1030 res
1132 964 1282 1051 quia
1304 986 1495 1049 quam
1520 985 1770 1027 causam
1795 962 2055 1038 nullam,
2077 978 2206 1026 tam
2231 985 2311 1026 ne
2335 962 2532 1025 fidem
2559 962 2828 1048 quidem
2847 984 2864 1019 ι

716 990 1009 1129 albebat,
1040 1050 1242 1116 coacti
1282 1074 1321 1115 a
1360 1048 1748 1114 Samnitibus
1792 1062 1859 1113 et
1901 1048 2154 1113 obsides
2193 1048 2364 1124 dare,
2395 1062 2464 1112 et
2506 1049 2830 1135 praesidia

716 1139 785 1203 in
816 1139 955 1203 loca
983 1138 1228 1202 munita
1248 1137 1555 1223 accipere,
1580 1135 1751 1199 caeci
1774 1135 1996 1200 fraude
2020 1150 2087 1199 et
2115 1136 2209 1199 ira
2236 1135 2397 1198 nihil
2427 1150 2826 1199 recusarunt.

718 1224 1022 1290 Dilucere
1076 1224 1309 1289 deinde
1362 1223 1538 1287 brevi
1589 1221 1758 1285 fraus
1809 1223 2039 1308 coepit,
2089 1234 2426 1307 postquam
2479 1223 2827 1286 criminum

715 1313 1013 1378 falsorum
1064 1323 1351 1375 auctores
1403 1308 1760 1374 Tarentum
1809 1308 2338 1395 commigravere:
2403 1308 2544 1384 sed,
2603 1310 2834 1373 amiaea

716 1399 891 1462 omni
950 1398 1032 1462 de
1092 1420 1157 1461 se
1214 1408 1548 1483 potestate,
1609 1393 1771 1459 nihil
1830 1394 2012 1472 ultra,
2075 1417 2269 1480 quam
2327 1407 2401 1457 ut
2459 1396 2830 1481 poeniteret

713 1485 961 1561 frustra,
990 1484 1279 1547 restabat.

488 1571 590 1629 28.
806 1570 905 1634 Eo
948 1592 1117 1634 anno
1170 1568 1343 1655 plebi
1396 1567 1726 1632 Romanae
1772 1566 1950 1631 velut
1992 1566 2167 1631 aliud
2211 1566 2470 1630 initium
2513 1566 2832 1633 libertatis

716 1656 951 1721 factum
993 1670 1107 1730 est,
1140 1654 1316 1740 quod
1356 1653 1528 1719 necti
1563 1653 1928 1717 desierunt:
1978 1668 2290 1715 mutatum
2339 1666 2562 1716 autem
2607 1656 2718 1719 ius
2755 1655 2830 1717 ob

716 1742 905 1805 unius
942 1740 1312 1803 feneratoris
1357 1739 1548 1803 simul
1598 1738 1946 1815 libidinem,
1996 1738 2184 1803 simul
2229 1738 2688 1805 crudelitatem
2739 1741 2832 1803 in-

390 1843 576 1907 Papirii
716 1827 979 1913 signem.
1070 1824 1148 1887 L.
1175 1824 1469 1911 Papirius
1510 1826 1563 1888 is
1591 1824 1748 1889 fuit:
1797 1824 1901 1888 cui
1932 1846 2131 1911 quum
2171 1847 2237 1888 se
2273 1822 2351 1889 C.
2377 1825 2714 1891 Publilius
2753 1827 2868 1896 ob4

389 1910 657 1985 foenerato-
716 1934 823 1976 aes
845 1911 1123 1976 alienum
1144 1923 1480 1997 paternum
1505 1932 1744 1975 nexum
1768 1910 2082 1985 dedisset3
2115 1934 2280 1997 quae
2299 1926 2471 1975 aetas
2487 1912 2830 1999 formaque

387 1974 616 2088 flssisffid‘
717 1996 1208 2062 misericordiam
1237 1997 1466 2061 elicere
1495 2010 1762 2083 poterat,
1796 1996 1878 2059 ad
1906 1997 2235 2061 libidinem
2266 2011 2334 2061 et
2359 2000 2830 2064 contumeliam

717 2085 999 2149 animum
1038 2082 1503 2148 accenderunt:
1553 2096 1636 2161 et,
1677 2084 1896 2148 florem
1939 2083 2160 2147 aetatis
2203 2084 2339 2146 eius
2383 2084 2680 2149 fluctum
2723 2085 2832 2149 ad-

715 2172 1061 2237 venticium
1100 2170 1325 2234 crediti
1365 2181 1556 2245 ratuS,
1588 2170 1794 2256 primo
1835 2169 2132 2255 pellicere
2177 2168 2658 2235 adolescentem
2707 2194 2831 2235 ser-

716 2280 904 2323 mone
950 2257 1192 2321 incesto
1236 2267 1332 2321 est
1374 2268 1674 2319 conatus:
1725 2254 1895 2331 dein,
1941 2268 2275 2341 postquam
2319 2258 2832 2342 aspernabantur

716 2343 1025 2430 flagitium
1062 2364 1261 2419 aureS,
1294 2341 1483 2405 minis
1520 2342 1824 2418 territare,
1857 2356 2050 2441 atque
2085 2340 2435 2406 identidem
2474 2343 2828 2410 admonere

713 2429 1042 2495 fortunae:
1090 2444 1427 2515 postrem0,
1460 2450 1662 2513 quum
1701 2427 2112 2513 ingenuitatis
2151 2428 2370 2513 magiS,
2401 2452 2604 2528 quarn
2649 2452 2830 2519 prae·

716 2516 910 2581 sentis
968 2515 1367 2592 conditionis,
1422 2536 1767 2579 memorem
1819 2513 2082 2590 videret,
2135 2514 2361 2577 nudari
2420 2516 2630 2594 iubet,
2691 2540 2829 2583 ver-

716 2604 993 2688 beraque
1052 2601 1274 2665 afferri.
1395 2600 1647 2674 Quibus
1704 2600 2010 2664 laceratus
2061 2600 2325 2677 iuveniS,
2374 2624 2578 2688 quum
2639 2627 2714 2669 se
2765 2603 2828 2667 in

714 2689 1043 2775 publicum
1082 2687 1512 2774 proripuisset,
1550 2686 1878 2751 libidinem
1923 2685 2492 2773 crudelitatemque
2535 2710 2831 2777 conque·

716 2796 863 2838 rens
891 2775 1257 2839 feneratoris
1280 2798 1297 2850 ;
1344 2774 1571 2859 ingens
1598 2773 1694 2836 vis
1721 2772 2071 2849 hominum,
2105 2795 2308 2858 quum
2335 2775 2562 2837 aetatis
2603 2777 2830 2841 miser·

715 2860 927 2922 atione
972 2872 1163 2945 atque
1208 2858 1588 2945 indignitate
1635 2858 1900 2923 iniuriae
1955 2880 2236 2935 accensa,
2289 2873 2430 2923 tum
2467 2883 2627 2925 suae
2677 2886 2830 2927 con·

715 2942 973 3007 ditionis
1001 2944 1399 3029 liberumque
1430 2967 1689 3009 suorum
1718 2957 2026 3031 respectu,
2057 2946 2126 3009 in
2154 2945 2386 3023 forum,
2415 2958 2615 3033 atque
2651 2949 2824 3023 inde,

715 3028 966 3115 agmine
1017 3028 1202 3106 fact0,
1252 3030 1335 3093 ad
1386 3031 1624 3095 curiam
1685 3031 2018 3095 concurrit.
2113 3030 2202 3094 Et
2247 3054 2448 3118 quum
2501 3036 2824 3111 consules,

716 3114 997 3179 tumultu
1034 3136 1103 3181 re
1185 3115 1368 3179 ntino
1408 3117 1630 3193 coacti,
1673 3132 1962 3183 senatum
1997 3132 2314 3194 vocarent,
2345 3118 2826 3187 introeuntibus

716 3202 785 3269 in
814 3202 1053 3267 curiam
1134 3202 1371 3267 atribus
1392 3201 1732 3267 laceratum
1757 3204 2002 3268 iuvenis
2029 3215 2300 3290 tergum,
2323 3208 2826 3290 procumbentes

716 3288 799 3353 ad
838 3289 1231 3376 singulorum
1270 3289 1485 3376 pedeS,
1519 3291 1936 3353 ostentabant.
2026 3288 2290 3355 Victum
2326 3314 2404 3355 eo
2433 3290 2541 3356 die
2581 3294 2672 3358 ob
2707 3295 2826 3358 im-

716 3388 1044 3465 potentem
1090 3376 1384 3440 iniuriam
1432 3376 1623 3439 unius
1669 3375 1895 3462 ingens
1930 3376 2256 3441 vinculum
2295 3376 2482 3441 fidei:
2531 3378 2824 3466 iussique

389 372 456 423 U.
482 372 539 423 C.

386 438 447 489 A.
484 438 542 488 C.

2847 1646 2868 1678 2

2849 1708 2871 1754 3

784 3604 804 3639 1
833 3593 963 3649 Quia
984 3608 1130 3655 quam
1151 3608 1349 3641 oausam
1365 3588 1731 3650 nullam1Quia
1795 3589 2087 3639 Caudinam.
2165 3590 2280 3640 Hac
2311 3590 2419 3655 lege
2437 3594 2639 3653 fiducia
2681 3596 2819 3644 bono-

713 3654 934 3713 rei,quae
949 3669 1143 3702 causam
1162 3656 1349 3703 nullam
1368 3656 1596 3711 habebat,
1611 3653 1732 3701 fides
1795 3670 1908 3702 rum
1945 3656 2170 3703 debitoris
2209 3656 2316 3704 loco
2357 3660 2678 3717 possessionis
2721 3675 2822 3707 σα·-

716 3716 797 3763 vix
832 3716 1059 3766 habenda
1090 3724 1232 3775 esset,
1264 3718 1509 3767 Samnites
1541 3717 1732 3765 obsides
1789 3720 1928 3779 poris
1946 3718 2267 3768 substituitur.

716 3778 903 3827 dandos
934 3785 985 3826 et
1017 3780 1311 3840 praesidium
1330 3781 1385 3827 in
1406 3781 1516 3829 loca
1543 3780 1734 3829 munita
1868 3799 1900 3841 4
1933 3783 1986 3830 C.
2011 3784 2286 3843 Publilius]
2329 3782 2480 3832 Dion.
2511 3784 2614 3833 xvi.
2635 3786 2672 3834 8
2699 3794 2752 3835 et
2772 3802 2818 3851 9.

716 3840 1054 3904 accipiendum
1069 3842 1346 3891 Tarentinis
1358 3843 1732 3905 imperaverunt.
1798 3850 1847 3892 et
1873 3846 1986 3893 Val.
2023 3846 2161 3893 Max.
2193 3846 2254 3896 vi.
2291 3862 2330 3896 1.
2367 3854 2585 3907 narrant,
2623 3856 2818 3909 patrem

783 3921 810 3955 2
847 3906 987 3963 Quod
1004 3908 1131 3955 neoti
1150 3908 1425 3966 desierunt]
1462 3908 1564 3957 h.e.
1581 3908 1734 3963 Quod
1797 3908 2118 3956 adolescentis
2151 3910 2200 3957 in
2232 3925 2347 3973 agro
2377 3911 2656 3960 Samnitum
2689 3912 2816 3961 mili·

716 3970 959 4019 debitores
989 3969 1305 4019 creditoribus
1336 3987 1508 4033 operas
1539 3985 1650 4019 suas
1683 3971 1734 4018 in
1797 3978 1941 4031 tasse,
1987 3979 2037 4021 et
2077 3980 2188 4034 post
2229 3974 2418 4022 cladem
2461 3976 2524 4023 ad
2561 3978 2818 4025 Caudinas

716 4034 997 4084 servitutem
1020 4049 1117 4083 non
1138 4035 1353 4097 amplius
1374 4036 1572 4083 dabant.
1796 4034 1979 4083 Furcas
1999 4044 2254 4099 acceptam
2283 4039 2518 4099 angustiis
2545 4040 2618 4087 rei
2647 4041 2816 4089 dome-

781 4114 809 4161 3
831 4101 1085 4147 Mraaeum
1102 4106 1264 4148 autem
1282 4102 1384 4159 ius]
1414 4098 1594 4160 Legem
1607 4098 1730 4146 Poe-
1795 4099 1946 4147 sticae
1963 4114 2247 4161 oppressum
2265 4101 2438 4149 fuisse:
2470 4118 2653 4152 nomen
2671 4105 2718 4153 ei
2733 4104 2812 4153 Ti-

710 4162 899 4219 teliam‚
932 4161 1032 4210 sive
1068 4163 1337 4221 Petilliam,
1358 4178 1486 4225 supr.
1525 4176 1603 4224 23,
1633 4178 1731 4223 qua
1794 4169 1900 4211 tum
1928 4164 2188 4212 Veturium
2221 4165 2370 4215 fuisse
2399 4165 2512 4214 Val.
2537 4168 2680 4216 Max.
2705 4167 2812 4217 scri—

710 4227 841 4274 necti
864 4225 1110 4274 desierunt
1132 4226 1363 4285 Romani,
1380 4241 1411 4274 a
1428 4227 1485 4275 C.
1505 4226 1728 4275 Poetelio
1793 4227 1882 4286 bit,
1898 4228 2034 4289 apud
2057 4244 2202 4291 quem
2221 4230 2274 4277 C.
2289 4230 2510 4278 Plotium
2531 4244 2624 4292 pro
2637 4234 2698 4281 L.
2714 4234 2810 4280 ea-

709 4302 787 4335 an.
813 4302 922 4347 440.
949 4288 1016 4337 U.
1040 4290 1099 4338 C.
1124 4289 1359 4337 dictatore
1392 4290 1547 4338 latam
1579 4291 1726 4339 fliius
1825 4294 1936 4349 irio,
1957 4306 2038 4353 ap.
2069 4292 2218 4341 Dion.
2251 4298 2420 4340 autem
2451 4294 2510 4342 C'.
2529 4296 2810 4346 monn-

710 4350 957 4397 existimat
980 4351 1031 4397 N
1034 4351 1185 4399 iebhr.
1214 4357 1326 4411 post
1358 4352 1551 4401 cladem
1582 4353 1724 4405 inam
1807 4355 2040 4403 nubemus.
