3000 4784
888 228 1080 297 LIB.
1129 230 1211 296 V.
1281 230 1503 297 CAP.
1551 236 1611 299 5.
2176 238 2305 300 293

131 371 398 450 7‘quot
455 364 660 429 maria
713 364 996 431 distansl
1057 366 1198 431 Nos
1255 368 1424 433 intra
1469 368 1839 433 vicesimum
1884 368 2185 457 lapidem,
2232 368 2476 437 inuc.
2502 398 2627 449 35²·-

197 457 218 487 ‘
231 463 594 538 conspectu
643 473 840 538 prope
893 452 1067 517 urbis
1117 466 1387 530 nostrae,
1435 476 1713 519 annuam
1758 478 1801 520 o
1844 456 2299 557 pugnationem
2321 452 2383 499 A,
2416 452 2477 501 0·
2498 465 2615 512 ⁴⁰0·

193 544 214 573 ‘
232 536 524 623 perferre
569 537 781 625 piget:
843 538 1101 615 scilicet,
1151 540 1304 626 quia
1359 539 1515 605 levis
1570 563 1761 606 causa
1801 476 1967 606 zelh
2016 555 2133 620 est⁹
2180 564 2305 607 nec

189 630 210 657 ‘
231 624 390 687 satis
455 622 757 709 uicquam
780 624 930 689 iusti
948 623 1183 691 doloris
1197 639 1314 704 est,
1339 626 1516 712 quod
1532 648 1649 693 nos
1670 626 1751 693 ad
1770 628 2303 715 perseverandum

125 717 169 765 8
189 709 436 773 ‘stimu
461 722 546 774 et.
643 708 893 798 Septies
949 710 1366 777 rebellarunt:
1441 712 1515 776 in
1688 736 1725 779 e
1786 736 1920 779 nun
1968 738 2111 779 uam
2172 714 2305 781 fida

185 804 206 833 ‘
225 796 505 861 fuerunt
519 820 538 859 ε
587 818 768 884 agros
795 810 1044 863 nostros
1073 797 1302 863 millies
1329 798 1589 886 depopu
1648 800 1699 865 ti
1726 812 1877 865 sunt
1897 825 1916 864 ε
2018 800 2303 867 idenstes

185 890 204 919 ‘
223 882 516 947 deficere
546 905 588 947 a
622 883 804 947 nobis
843 896 1227 971 coegerunt:
1276 884 1535 951 colonos
1573 898 1817 951 nostros
1845 886 1933 951 ibi
1966 886 2303 955 interfece-

185 974 388 1033 ‘runt
405 994 424 1033 z
488 980 776 1033 auctores
819 970 998 1035 fuere
1041 982 1262 1035 contra
1317 971 1418 1035 ius
1467 972 1759 1059 gentium
1805 970 2016 1039 caedis
2064 972 2297 1061 impiae

183 1062 206 1091 ‘
219 1056 594 1142 legatorum
651 1068 1048 1121 nostrorumz
1129 1054 1450 1121 Etruriam
1511 1080 1767 1123 omnem
1826 1057 2125 1124 adversus
2182 1082 2299 1125 nos

186 1149 206 1179 ‘
227 1142 566 1206 concitare
597 1140 950 1219 voluerunt,
983 1139 1304 1229 hodieque
1333 1142 1404 1206 id
1433 1144 1813 1209 moliuntur:
1864 1166 1963 1209 res
2002 1167 2071 1211 re
2158 1158 2301 1211 ten-

185 1234 208 1265 ‘
229 1240 336 1292 tes
395 1227 420 1291 l
543 1240 642 1293 tos
697 1242 962 1305 nostros,
1022 1226 1192 1293 haud
1245 1228 1465 1316 procul
1518 1230 1695 1306 afuit,
1750 1230 1909 1316 quin
1966 1230 2070 1295 vio
2094 1244 2293 1295 arent.

185 1322 206 1353 ‘
235 1314 420 1379 Cum
512 1315 526 1327 “
599 1313 876 1381 molliter
912 1328 980 1385 et
1012 1336 1132 1414 per
1159 1314 1497 1379 dilationes
1540 1314 1781 1380 bellum
1819 1316 1957 1403 geri
2001 1318 2299 1403 oportet?
2434 1328 2495 1389 5.

185 1408 206 1439 6
233 1400 308 1465 Si
345 1422 468 1465 nos
497 1412 626 1465 tam
655 1399 892 1465 iustum
922 1400 1142 1465 odmm
1171 1400 1333 1465 nihil
1363 1414 1597 1479 movet,
1627 1424 1709 1467 ne
1740 1400 1851 1466 illa
1870 1402 2153 1489 quidem,
2186 1426 2299 1469 oro

185 1496 204 1523 6
231 1510 370 1564 vos,
403 1500 664 1551 movent
683 1487 714 1551 ἲ
761 1486 1080 1573 Operibus
1107 1486 1476 1587 ingentibus
1495 1498 1715 1574 saepta
1742 1489 1893 1553 urbs
1921 1501 2036 1566 est,
2067 1488 2301 1575 quibus

185 1580 206 1611 ‘
229 1575 408 1638 intra
437 1594 654 1637 muros
681 1584 1008 1637 coercetur
1035 1572 1254 1639 hostis.
1343 1573 1595 1660 Agrum
1624 1596 1756 1639 non
1784 1574 2001 1653 coluit,
2034 1587 2101 1640 et
2128 1574 2301 1641 culta

185 1667 206 1697 6
225 1672 520 1724 evastata
567 1672 718 1723 sunt
765 1658 950 1723 bello.
1047 1658 1116 1725 Si
1165 1658 1529 1725 reducimus
1570 1660 1943 1737 exercitum,
1989 1661 2133 1748 quis
2182 1674 2297 1739 est,

187 1754 210 1783 ‘
225 1746 350 1833 qui
385 1745 662 1821 dubitet,
703 1744 864 1822 illos,
893 1768 1024 1809 non
1066 1767 1107 1810 a
1148 1744 1496 1832 eupiditate
1532 1746 1737 1811 solum
1778 1746 2147 1825 ulciscendi,
2184 1747 2299 1813 sed

187 1840 208 1871 ‘
231 1833 440 1897 etiam
467 1830 840 1895 necessitate
882 1830 1176 1919 imposita
1203 1853 1290 1896 ex
1317 1831 1527 1897 alieno
1600 1832 1923 1910 medandi,
1955 1856 2155 1921 quum
2184 1856 2301 1901 sua

189 1926 212 1956 ‘
225 1916 582 1993 amiserint,
605 1939 826 2005 agrum
847 1930 1136 1983 nostrum
1157 1918 1517 1983 invasuros?
1554 1855 1713 1985 &on
1734 1920 2086 1985 differimus
2108 1921 2301 2007 igitur

189 2014 210 2043 ‘
227 2004 480 2070 bellum
525 2003 648 2067 isto
696 2002 977 2081 consilio,
1030 2003 1144 2069 sed
1200 2004 1368 2069 intra
1422 2004 1585 2071 fines
1642 2019 1889 2072 nostros
1932 2006 2295 2093 accipimus.

189 2098 212 2129 6
233 2090 472 2167 Quid?
543 2089 723 2167 illud,
821 2089 952 2154 uod
1007 2090 1260 2177 proprie
1307 2089 1391 2154 ad
1437 2091 1673 2156 milites
1716 2092 2015 2179 pertinet,
2065 2093 2299 2180 quibus

191 2184 212 2215 ‘
229 2177 392 2242 boni
425 2175 662 2241 tribuni
684 2174 788 2263 ple
833 2176 888 2240 is
909 2198 1110 2262 quum
1137 2176 1531 2263 stipendium
1552 2190 1931 2265 extorquere
1962 2178 2297 2255 voluerint,

193 2270 215 2301 6
229 2284 414 2329 nunc
457 2261 818 2327 consultum
853 2278 1118 2349 repente
1161 2262 1406 2341 volunt,
1451 2263 1640 2351 quale
1684 2265 1826 2329 est?
1870 2262 2130 2329 Vallum
2172 2264 2299 2329 fos·

193 2358 522 2437 ‘samque,
555 2348 829 2436 ingentis
871 2362 1204 2437 utramque
1240 2370 1374 2413 rem
1410 2352 1639 2437 operis,
1670 2373 1785 2438 per
1825 2363 2074 2415 tantum
2113 2350 2299 2437 spatii

143 2454 177 2504 9
198 2436 600 2501 ‘duxeruntt
663 2434 920 2501 castella
959 2436 1166 2522 primo
1209 2458 1430 2523 pauca,
1475 2450 1714 2523 postea,
1761 2437 2047 2501 exercitu
2087 2448 2297 2515 aucto,

195 2530 218 2561 ‘
237 2522 626 2587 creberrima
651 2522 972 2587 feceruntt
1021 2522 1408 2587 munitiones
1436 2544 1567 2587 non
1596 2522 1667 2585 in
1695 2522 1919 2587 urbem
1948 2521 2161 2599 modo,
2184 2522 2300 2587 sed

198 2617 221 2647 ‘
235 2610 310 2673 in
343 2607 666 2673 Etruriam
695 2608 887 2673 etiam
917 2620 1292 2695 spectantes,
1323 2608 1377 2672 si
1407 2630 1538 2695 qua
1575 2607 1726 2674 inde
1756 2607 1993 2673 auxilia
2020 2608 2297 2687 veniant,

199 2703 220 2733 6
235 2718 278 2759 o
321 2714 612 2782 posuere.
709 2693 888 2770 Quid
935 2708 1158 2773 turres,
1213 2693 1372 2779 quid
1418 2694 1635 2759 vineas
1682 2693 2179 2781 testudinesque,
2233 2708 2301 2759 et

201 2790 222 2819 6
301 2782 438 2845 ‘um
468 2801 553 2867 op
597 2779 1038 2868 ugnandarum
1065 2780 1318 2845 urbium
1350 2792 1719 2867 apparatum
1748 2779 2021 2867 loquar?
2078 2778 2299 2855 Quum

137 2948 144 2953 ·
201 2876 222 2905 ‘
243 2880 498 2933 tantum
579 2867 784 2932 aboris
839 2866 1220 2931 exhaustum
1279 2866 1378 2943 sit,
1431 2880 1498 2931 et
1551 2866 1634 2932 ad
1680 2867 1876 2931 finem
1921 2867 2044 2931 iam
2091 2867 2301 2955 operis

201 2962 223 2993 ‘
245 2952 508 3018 tandem
551 2964 960 3041 perventum3
1015 2952 1519 3038 relinquendane
1564 2952 1723 3019 haec
1766 2954 2057 3032 censetis,
2102 2966 2177 3019 ut
2218 2952 2303 3019 ad

203 3048 224 3079 ‘
244 3052 549 3105 aestatem
565 3061 780 3104 rursus
795 3062 996 3103 novus
1017 3037 1099 3103 de
1128 3037 1378 3125 integro
1399 3039 1500 3103 his
1528 3039 1935 3105 instituendis
1957 3040 2304 3105 exsudetur

203 3137 224 3165 ‘
243 3126 468 3191 labor?
525 3123 790 3200 Quanto
823 3138 920 3191 est
957 3125 1170 3188 minus
1209 3145 1404 3211 opera
1430 3126 1597 3189 tueri
1634 3126 1817 3203 facta,
1850 3138 1917 3191 et
1950 3126 2204 3203 instare,
2236 3138 2305 3190 et

207 3221 226 3250 ‘
243 3234 664 3299 perseverare,
705 3209 1095 3297 defungique
1137 3211 1331 3275 cura?
1405 3209 1630 3275 Brevis
1668 3211 1841 3275 enim
1881 3210 2164 3298 profecto
2202 3234 2303 3276 res

209 3306 360 3375 ‘esu'
391 3297 444 3361 si
489 3319 621 3362 uno
660 3310 879 3361 tenore
919 3296 1284 3383 peragitur3
1331 3318 1452 3361 nec
1491 3296 1615 3383 ipsi
1654 3318 1771 3383 per
1808 3296 2304 3362 intermissiones

209 3394 228 3423 ‘
246 3384 362 3447 has
399 3382 856 3467 intervallaque
891 3381 1228 3447 lentiorem
1266 3404 1446 3469 spem
1475 3394 1757 3447 nostram
1796 3381 2079 3447 facimus.
2172 3380 2304 3449 Lo-

209 3479 230 3509 ‘
247 3490 410 3556 quor
437 3467 520 3533 de
559 3490 771 3555 opere,
803 3480 872 3533 et
898 3467 980 3532 de
1024 3468 1324 3555 temporis
1359 3468 1617 3533 iactura.
1713 3466 1943 3543 Quid?
2015 3469 2302 3555 periculi,

211 3554 420 3641 ‘quod
449 3553 804 3619 differendo
833 3553 1002 3619 bello
1032 3553 1298 3630 adimus,
1329 3576 1486 3618 num
1518 3552 1799 3619 oblivisci
1840 3576 1957 3619 nos
1986 3554 2145 3619 haec
2173 3567 2304 3619 tam

211 3651 232 3681 6
251 3642 472 3705 crebra
511 3640 803 3704 Etruriae
832 3640 1104 3705 concilia
1131 3639 1214 3703 de
1255 3639 1585 3704 mittendis
1625 3638 1821 3704 Veios
1848 3640 2101 3705 auxiliis
2140 3642 2306 3729 pati-

211 3738 230 3769 ‘
250 3726 487 3791 untur?
533 3726 627 3791 Ut
665 3748 840 3791 nunc
879 3747 979 3790 res
1007 3748 1074 3791 se
1114 3724 1326 3804 habet,
1359 3726 1503 3791 irati
1543 3740 1712 3803 sunt,
1744 3725 2037 3804 oderunt,
2068 3744 2307 3815 negant

277 3922 303 3972 7
335 3910 480 3959 Intra
513 3910 790 3959 &cesimum
822 3909 1061 3969 lapidem]
1097 3906 1225 3957 Cen·
1357 3908 1387 3955 8
1419 3907 1607 3969 Sepeia
1628 3908 1955 3969 rebellarunt]
1994 3909 2056 3957 cf.
2080 3909 2223 3971 Supr.
2240 3908 2303 3957 iv.

216 3980 318 4023 tum
351 3978 544 4021 tautum
575 3972 752 4031 stadis,
772 3970 810 4018 si
835 3970 1080 4033 Dionysio
1107 3970 1229 4019 fides
1294 3984 1371 4033 3²·

215 4038 372 4085 danda
416 4035 497 4095 sit,
545 4050 578 4083 a
625 4036 791 4085 Roma
834 4034 952 4083 Veii
1007 4035 1224 4082 aberant.
1361 4048 1393 4097 9
1427 4034 1664 4095 Gastslla]
1723 4034 1955 4083 Subitsrii
1999 4034 2160 4097 operis
2201 4050 2307 4082 mu·

217 4101 346 4149 Hod.
375 4100 576 4160 quidem
611 4099 766 4147 Veios
797 4098 930 4147 haud
963 4096 1112 4146 dubie
1143 4112 1225 4159 ap.
1290 4097 1531 4156 nimenta,
1567 4098 1632 4145 sd
1676 4104 1835 4146 castra
1876 4104 1993 4146 ante
2038 4099 2180 4145 urbes
2223 4112 2307 4158 op-

213 4166 340 4214 Ioula
365 4164 602 4221 Far-nm,
621 4176 722 4211 non
749 4176 830 4225 sp.
853 4162 1020 4211 OEvita
1045 4160 1226 4211 Gastsl-
1291 4166 1535 4223 pugnatas
1556 4166 1727 4210 contra
1757 4161 1959 4210 hostiles
1987 4175 2053 4222 op
2090 4160 2308 4222 ugustio-

213 4230 330 4275 Iom
361 4224 668 4289 quaesiveris.
717 4226 1070 4275 Duodecimum
1101 4226 1226 4286 lapi-
1291 4239 1380 4273 nes
1400 4226 1599 4275 tuenda.
1635 4225 1697 4274 cf.
1720 4226 1864 4275 Caes.
1882 4224 1945 4274 de
1964 4223 2027 4273 Β.
2097 4257 2111 4272 .
2138 4222 2215 4271 vii.
2230 4222 2311 4287 69.

215 4292 316 4340 den·
347 4288 544 4338 coniicit
576 4290 776 4340 Cluver.
807 4288 925 4339 ltsl.
950 4288 1066 4339 Ant.
1101 4288 1152 4337 ii.
1184 4301 1228 4350 3.
1297 4288 1462 4337 Dosa.

219 4370 266 4416 p.
285 4366 390 4415 530.
