3000 4784
690 214 879 280 LIB.
929 213 1116 281 VIII.
1187 215 1409 284 CAP.
1459 223 1560 281 24.
2037 224 2168 288 479

116 362 147 425 t,
173 370 293 436 pro
317 348 605 417 consule
638 370 775 414 rem
795 362 1063 437 gereret,
1088 350 1301 436 quoad
1322 350 1710 416 debellatum
1734 373 1880 415 eum
1908 350 2170 417 Graecis
2191 370 2258 420 U.
2283 371 2342 419 c,
2366 372 2477 430 428.

116 450 212 499 set.
310 435 395 499 L.
422 434 771 513 Corneli0‚
804 437 955 521 quia
981 459 1065 501 ne
1095 459 1244 501 eum
1272 437 1547 524 quidem,
1568 436 1641 500 in
1674 435 2004 503 Samnium
2041 440 2170 504 iam
2189 436 2250 484 A.
2284 436 2344 485 0·
2370 449 2479 496 3²⁴·
2511 468 2520 473 ·

116 544 399 608 gressum
428 523 733 586 revocari
762 522 841 586 ab
869 522 1115 609 impetu
1149 522 1298 587 belli
1334 523 1643 609 placebat,
1675 522 1892 588 literae
1923 525 2168 603 missae,

142 609 547 673 dictatorem
591 608 996 673 comitiorum
1035 632 1225 673 causa
1260 609 1517 673 diceret.
1613 608 1800 674 Dixit
1845 610 1942 675 M.
1973 610 2170 676 Clau·
2189 624 2262 671 M.
2272 620 2512 671 Claudius

116 716 215 757 um
246 693 705 759 Marcellum:
754 696 835 759 ab
876 717 955 759 eo
999 695 1295 781 magister
1334 696 1626 782 equitum
1660 695 1868 760 dictus
1911 696 2018 784 Sp.
2044 697 2173 761 Po-
2189 686 2410 735 dictator.

117 780 325 843 unius.
396 778 557 843 Nec
593 792 811 845 tamen
840 781 920 845 ab
948 780 1255 846 dictatore
1279 781 1536 846 comitia
1563 794 1714 847 sunt
1741 782 1976 860 habita,
1999 784 2172 870 quia,

116 866 275 930 :ione
332 879 615 931 creatus
671 879 853 943 esset,
907 868 977 930 in
1028 865 1540 953 disquisitionem
1588 869 1779 932 venit.
1878 868 2176 935 Consulti

117 976 330 1039 gureS‚
355 952 682 1017 vitiosum
710 952 913 1017 videri
944 951 1335 1030 dictatorem,
1360 955 1947 1039 pronuntiaverunt.
2014 955 2174 1019 Eam

116 1060 173 1101 m
219 1039 477 1103 tribuni
530 1050 895 1125 suspectam
940 1038 1367 1125 infamemque
1420 1039 1820 1104 criminando
1865 1041 2171 1106 fecerunt.

116 1122 261 1189 &lam
308 1148 545 1211 neque
600 1124 781 1189 facile
828 1124 1019 1189 fuisse
1072 1124 1141 1188 id
1182 1124 1409 1188 vitium
1455 1126 1653 1202 nosci,
1704 1148 1905 1210 quum
1955 1127 2176 1191 consul

116 1210 299 1274 triens
338 1223 549 1275 nocte
596 1210 847 1274 silentio
888 1210 1131 1275 diceret
1168 1211 1580 1274 dictatorem:
1635 1233 1846 1309 neque
1895 1212 1976 1275 ab
2023 1234 2178 1275 con-

117 1296 219 1359 ule
248 1297 583 1383 cuiquam
612 1296 867 1382 publice
908 1297 1280 1383 privatimve
1311 1296 1392 1359 de
1422 1318 1502 1360 ea
1539 1318 1608 1360 re
1651 1311 1956 1382 scriptum
1997 1320 2172 1361 esse:

116 1404 207 1444 tec
268 1405 688 1483 quemquam
747 1382 1106 1446 mortalium
1165 1395 1430 1458 exstare,
1485 1382 1598 1467 qui
1657 1405 1724 1445 se
1776 1382 2004 1447 vidisse
2065 1396 2177 1447 aut

116 1468 339 1534 kuffiSSe
456 1468 585 1533 uid
641 1468 831 1545 dicat,
886 1468 1061 1555 quod
1120 1468 1469 1553 auspicium
1529 1467 1890 1533 dirimeret:
1961 1492 2174 1554 neque

116 1576 365 1639 tugures
448 1555 701 1618 ivinare
735 1554 979 1618 Romae
1010 1554 1304 1617 sedentes
1338 1554 1640 1639 potuisse,
1673 1552 1830 1639 quid
1857 1554 1928 1617 in
1959 1555 2178 1619 castris

116 1640 341 1703 tonsuli
372 1640 527 1705 vitii
560 1640 936 1704 obvenisset.
1011 1638 1139 1703 Cui
1170 1661 1299 1703 non
1330 1662 1652 1738 apparere,
1731 1640 1859 1703 uod
1889 1639 2176 1727 plebeius

117 1724 371 1791 lictator
416 1727 529 1803 sit,
571 1727 641 1789 id
680 1726 907 1789 vitium
951 1725 1293 1811 auguribus
1327 1748 1532 1790 Visum
1555 1726 1610 1789 P’

1771 1749 1882 1790 aec
1926 1725 2174 1813 aliaque

116 1834 129 1873 ι
160 1812 443 1877 tribunis
474 1812 913 1961 nequicquam
943 1813 1207 1876 iactata:
1256 1825 1469 1877 tamen
1500 1812 1584 1875 ad
1611 1813 2045 1911 interregnum
2075 1836 2176 1877 res

116 1897 217 1961 :dit
240 1923 257 1963 ε
306 1898 667 1986 dilatisque

769 1898 831 1961 ia
868 1910 1060 1983 atque
1102 1897 1226 1961 alia
1254 1898 1336 1962 de
1372 1920 1562 1963 causa
1590 1899 1881 1975 comitiis,
1912 1911 2174 1985 quartus

116 1984 345 2049 ecimus
394 1986 671 2049 demum
722 1985 1003 2047 interrex
1054 1982 1129 2046 L.
1159 1983 1473 2047 Aemilius
1525 1984 1816 2048 consules
1867 1997 2042 2049 creat
2091 1984 2168 2049 C.
2193 2001 2261 2050 U.
2285 2000 2344 2049 C.
2369 2014 2480 2065 429.

117 2070 445 2148 oetelium,
496 2071 579 2135 L.
607 2069 937 2156 Papirium
982 2068 1429 2155 Mugillanum.
1528 2068 1870 2133 Cursorem
1917 2070 1988 2133 in
2034 2069 2174 2134 aliis

116 2155 395 2221 malibus
428 2156 711 2221 inveniO.

2191 2067 2252 2113 A.
2287 2066 2345 2113 Ο.
2370 2078 2480 2125 323.

2193 2130 2248 2176 P.
2267 2127 2491 2176 Poetelio

2191 2191 2267 2239 11.
2293 2190 2350 2239 L.
2368 2192 2460 2239 Pa-

148 2238 403 2307 Eodem
458 2264 634 2307 anno
680 2240 1138 2307 Alexandriam
1184 2240 1253 2303 in
1296 2239 1598 2327 Aegypto
1647 2239 1970 2326 proditum
2020 2263 2173 2305 con-
2189 2253 2313 2316 pirio
2330 2254 2468 2303 Com.

116 2324 303 2403 itam3
352 2327 955 2413 Alexandrumque,
1007 2325 1189 2425 Epiri
1230 2348 1466 2425 regem,
1513 2325 1593 2389 ab
1645 2325 1860 2389 exsule
1907 2324 2172 2391 Lucano
2446 2404 2458 2415 ι

118 2412 495 2493 aeffectum,
532 2427 731 2479 sortes
761 2414 1100 2477 Dodonaei
1131 2409 1299 2477 Iovis
1328 2424 1564 2475 eventu
1593 2410 1947 2475 affirmasse.
2041 2414 2174 2478 Ac·
2190 2404 2460 2453 Alexandri

136 2614 163 2663 7
193 2607 298 2655 Pro
334 2610 566 2668 corvule]
622 2607 791 2656 Prima
827 2605 949 2654 haec
986 2620 1093 2667 pro-

120 2668 280 2717 ›nsulis
298 2672 495 2721 mentio
520 2671 743 2719 occurrit.

138 2730 167 2777 8
200 2734 377 2783 Oriens
397 2738 568 2795 nocte]
613 2736 790 2784 Oriens
809 2735 868 2781 de
888 2739 1025 2781 nocte
1046 2732 1095 2779 in

122 2800 263 2843 extum
286 2800 514 2859 reposuit
528 2798 689 2846 Bckk.
744 2796 880 2847 Olim
897 2798 1095 2845 oriente.

123 2856 249 2907 'elius
271 2860 477 2923 Longus
499 2862 563 2910 de
579 2860 957 2923 Orthographia‚
976 2861 1098 2907 oriri

124 2924 213 2967 oud
230 2927 459 2988 antiquos
480 2942 683 2987 sumere
692 2927 985 2988 frequenter
1004 2924 1097 2983 εἰρ-

124 2984 325 3045 lficabat,
344 2997 403 3037 ut
436 2996 651 3051 apparot
682 2990 738 3035 in
775 3004 830 3037 eo
866 2988 994 3049 quod
1027 2988 1100 3033 di-

128 3054 239 3095 tur.-
286 3052 497 3102 Consu‘r.
528 3065 711 3100 omnus
745 3064 1097 3099 nmsrxnuu

127 3122 257 3159 arum
284 3128 445 3165 meu.
517 3116 600 3163 Ex
630 3114 725 3162 hoc
754 3116 914 3164 oriem
934 3129 1097 3161 emen-

126 3174 215 3221 avit
236 3176 533 3229 Gronovius.

130 3252 179 3309 ‚9
208 3241 439 3305 Silentia]
482 3244 687 3292 Silentia
718 3257 920 3304 suryere
952 3256 1103 3303 quum

128 3302 281 3362 oeitur,
332 3309 581 3370 dynfficat
638 3324 739 3355 non
794 3305 1102 3365 interpellari

128 3368 1031 3495 matamfflx‘fisstqfflffiz‘
1051 3365 1103 3476 ἐξ

130 3491 287 3542 Οῦὶῦιιι
312 3499 519 3549 Silentia
552 3504 604 3545 et
630 3498 795 3545 Solida
826 3496 964 3550 sella,
986 3506 1105 3553 quo-

132 3556 237 3603 ¹0d0
270 3561 581 3620 providerent
614 3561 648 3607 ii
681 3559 767 3621 qui
802 3558 853 3606 in
886 3555 1105 3618 auspicio

132 3625 245 3693 rant,
266 3638 329 3671 ne
350 3626 467 3687 quid
488 3625 722 3687 strepitus
740 3622 963 3679 oriretur,
974 3620 1105 3693 quod

133 3684 313 3751 {mincia
333 3691 564 3738 turbaret.
618 3688 753 3736 Hinc
767 3687 1018 3735 silentium
1034 3684 1105 3731 ‹11-

135 3748 222 3792 1tur
260 3749 310 3797 in
352 3752 599 3813 auspiciis,
633 3752 765 3813 quod
810 3748 942 3797 omni
988 3746 1106 3795 vitio

134 3815 243 3889 }oet·
300 3814 416 3866 Vid.
452 3822 505 3865 et
536 3814 641 3865 Cic.
681 3816 745 3863 de
784 3813 901 3862 Div.
939 3811 991 3860 ii.
1031 3821 1107 3872 71.

136 3884 259 3923 tkssv.

182 3949 200 3981 1
236 3940 289 3987 C.
314 3943 607 4002 Poetelium]
665 3942 879 3990 Petilius
915 3942 1109 3987 tantum

137 4011 201 4045 =⁰1¹
234 4016 399 4055 omnes
429 4006 621 4055 codices
654 4011 705 4053 et
735 4004 844 4051 edd.
878 4002 1110 4061 antiquae

139 4066 221 4109 nte
250 4066 515 4129 ingenium,
547 4068 631 4130 qui
670 4083 733 4115 ex
772 4067 904 4115 Fast.
945 4066 1109 4127 Capit.

139 4120 375 4179 ·’0etelium
394 4134 445 4182 in
463 4138 655 4181 textum
678 4130 877 4192 recepit.
900 4144 1030 4191 supr.
1040 4128 1108 4177 iii.

138 4202 187 4247 15-
250 4192 309 4241 In
344 4196 555 4245 nummis
586 4210 780 4257 quoque
812 4193 989 4256 legitur
1016 4196 1110 4241 Pe-

141 4251 278 4313 fflius.
296 4257 345 4305 id
368 4260 499 4321 quod
529 4254 682 4321 nugo·
717 4258 899 4308 Geoeh.
928 4257 1015 4308 des
1046 4256 1111 4305 R.

140 4310 307 4368 Rechts.
331 4322 356 4379 ἓ
384 4338 488 4387 ¹59·
509 4329 663 4371 notat.

1224 2620 1253 2653 α
1276 2606 1460 2654 Eodem
1480 2620 1613 2653 anno
1628 2606 1984 2653 Alexandriam
2005 2605 2061 2652 in
2081 2606 2180 2653 Ae-

1155 2676 1305 2730 qypto
1324 2670 1576 2731 proditum
1595 2669 1861 2726 conditam]
1906 2668 2045 2715 Inter
2065 2668 2178 2715 doc-

1161 2737 1238 2779 tos
1270 2737 1459 2780 constat
1492 2746 1592 2779 non
1622 2730 1870 2779 conditam
1903 2746 2006 2778 esse
2030 2732 2180 2779 Alex-

1161 2796 1382 2843 andriam
1416 2795 1510 2843 hoc
1541 2810 1690 2853 anno,
1712 2810 1810 2855 quo
1833 2793 2057 2842 conditor
2075 2794 2182 2842 eius

1163 2860 1444 2907 Alexander
1466 2859 1724 2921 Babylone
1746 2864 1966 2906 mortuus
1987 2864 2077 2917 est,
2095 2860 2181 2907 sed

1163 2938 1249 2971 sex
1270 2928 1520 2983 septemve
1541 2928 1656 2971 ante
1677 2921 1832 2971 annis.
1895 2922 2182 2983 Suspicatur

1166 2986 1371 3049 Pighius
1401 2985 1452 3034 in
1486 2987 1666 3035 Annal.
1694 2988 1758 3035 ad
1791 3002 1870 3035 an.
1897 2986 1964 3036 U.
1984 2986 2044 3035 O.
2068 3002 2178 3047 420.

1164 3064 1371 3099 errorem
1390 3049 1536 3110 Livii,
1559 3051 1636 3099 vel
1660 3066 1826 3099 eorum
1850 3066 1970 3112 quos
1993 3050 2073 3097 hic
2094 3050 2184 3098 ille

1162 3114 1397 3175 sequitur,
1419 3120 1578 3161 ortum
1602 3130 1705 3163 esse
1727 3130 1790 3162 ex
1811 3114 1988 3162 omisso
2009 3114 2098 3161 illo
2121 3114 2180 3161 L.

1168 3177 1351 3239 Papirii
1386 3178 1626 3235 Cur-soris,
1655 3182 1704 3223 et
1733 3178 1793 3225 C.
1825 3175 2035 3223 Poetelii
2069 3191 2182 3222 con-

1166 3242 1351 3296 sulatu,
1371 3241 1433 3286 de
1454 3254 1552 3299 quo
1573 3253 1704 3299 supr.
1728 3239 1791 3285 ad
1822 3252 1892 3300 19.
1959 3238 2038 3285 Ad
2071 3238 2184 3285 illos

1168 3303 1297 3351 enim
1321 3302 1545 3349 consules
1563 3300 1912 3349 Alexandriam
1934 3300 2184 3349 conditam

1167 3367 1312 3414 refert
1356 3365 1569 3423 Solinus,
1609 3363 1849 3425 Polyhist.
1893 3376 1966 3425 35.
2041 3364 2186 3420 Quos

1168 3444 1321 3490 quum
1369 3443 1465 3476 non
1519 3426 1860 3475 memoraverit
1903 3427 2087 3485 Livius,
2131 3428 2182 3474 in

1168 3492 1393 3539 consule·
1445 3491 1592 3538 huius
1644 3489 1778 3547 anni,
1824 3490 1881 3538 L.
1929 3490 2181 3551 Papirium

1169 3555 1522 3617 Mugillanum.
1534 3555 1592 3603 C.
1606 3552 1880 3602 Poetelium
1897 3552 2184 3613 iterum‚no-

1169 3619 1359 3667 minum
1402 3617 1724 3665 similitudine
1761 3618 2014 3678 deceptus,
2054 3618 2186 3666 male

1170 3683 1337 3731 reiecit
1369 3681 1594 3730 conditae
1616 3681 1943 3730 Alexandriae
1975 3688 2188 3744 tempus.

1171 3748 1333 3796 Cnav.

1239 3824 1266 3871 3
1295 3810 1574 3869 Conditam]
1611 3809 1766 3857 Haud
1789 3808 1936 3859 dubie
1957 3809 2008 3858 in
2030 3825 2188 3859 errore

1173 3875 1385 3935 quodam
1408 3872 1489 3921 hic
1515 3878 1728 3921 versatur
1749 3873 1934 3933 Livius,
1956 3873 2188 3935 quoniam

1175 3937 1473 3986 Alexandria
1494 3938 1576 3986 01.
1601 3952 1704 3986 112.
1725 3952 1764 3985 1.
1784 3939 1845 3986 A.
1863 3939 1921 3986 C.
1949 3952 2054 3997 332.
2074 3949 2184 3983 con-

1174 4000 1277 4050 dita
1293 4007 1383 4059 est,
1398 4002 1571 4049 Ari-ian
1589 4001 1656 4049 iii.
1671 4016 1718 4061 p.
1741 3999 1846 4062 156.
1889 4000 1951 4046 cf.
1967 3998 2184 4047 Clinton.

1176 4066 1308 4114 Fast.
1334 4065 1473 4113 Hell.
1509 4064 1714 4112 Niebhr.
1739 4062 1788 4111 ii.
1811 4078 1860 4123 p.
1885 4060 1994 4122 566.

1238 4147 1270 4189 4
1300 4131 1462 4177 Sortes
1482 4128 1736 4176 Dodonaea·
1756 4126 1912 4182 Iovis]
1961 4123 2070 4170 Iam
2105 4122 2187 4167 ob-

1176 4191 1473 4241 servavimus
1500 4191 1564 4238 ad
1595 4191 1628 4237 i.
1657 4186 1732 4249 56.
1763 4194 1914 4235 sortes
1944 4184 2191 4233 interdum

1175 4255 1303 4303 sumi
1357 4268 1445 4315 pro
1488 4252 1660 4313 quovis
1711 4248 1894 4298 oraculi
1947 4260 2194 4309 τωροηιο,

1178 4318 1326 4367 etiam
1352 4331 1469 4364 voce
1490 4315 1638 4363 edito.
1702 4314 1804 4361 Hic
1827 4317 2030 4374 possunt
2050 4310 2192 4359 intel-

2298 2321 2402 2380 24.

2192 2467 2445 2529 Epirensis

2193 2532 2310 2579 fata.
