3000 4784
712 206 835 271 162
1080 266 1087 271 .
1470 199 1699 269 ΤῙΤΙ
1759 198 2031 268 LIVII

389 354 458 406 U.
480 354 541 407 c.
563 369 675 423 ²93·
714 338 949 405 Iudicii
986 338 1093 403 die
1121 360 1323 425 quum
1361 350 1770 438 excusaretur
1805 337 2010 402 solum
2049 334 2310 401 vertisse
2349 331 2562 399 exsilii
2601 355 2814 432 causa,

385 420 450 472 A.
483 420 543 471 0·
566 433 679 485 459·
714 426 921 491 nihilo
954 425 1165 489 minus
1202 424 1502 511 Virginio
1545 424 1804 489 comitia
1842 424 2143 499 habente,
2185 420 2466 507 collegae
2509 419 2820 519 appellati

716 511 1013 577 dimisere
1054 509 1429 577 concilium=
1474 510 1750 597 pecunia
1775 533 1816 575 a
1851 522 2029 597 patre
2059 521 2286 573 exacta
2319 504 2694 583 crudeliter,
2723 520 2818 582 ut,
2835 518 2868 565 8

718 596 1059 662 divenditis
1086 596 1381 661 omnibus
1408 595 1612 673 bonis,
1641 594 2036 682 aliquamdiu
2071 606 2242 659 trans
2272 592 2587 669 Tiberim,
2617 591 2822 656 veluti

716 682 847 748 rele
928 696 1049 759 tus,
1081 682 1267 748 devio
1296 682 1574 768 quodam
1604 683 1858 769 tugurio
1885 681 2143 745 viveret.

806 706 955 833 ἐξα
984 768 1293 833 iudicium
1336 780 1403 832 et
1429 768 1830 854 promulgata
1853 766 1962 831 lex
1999 764 2286 831 exercuit
2323 764 2649 829 civitatem
2673 786 2692 825 ε
2741 763 2824 827 ab

718 854 999 921 externis
1038 854 1227 919 armis
1264 854 1465 918 otium
1505 853 1644 917 fuit.
1741 852 1981 929 Quum,
2020 851 2197 916 velut
2234 850 2522 925 victores,
2553 848 2822 925 tribuni,

718 940 1022 1029 perculsis
1072 939 1367 1004 Patribus
1420 938 1738 1003 Kaesonis
1785 938 2028 1014 exsilic,
2073 958 2272 1024 prope
2317 935 2634 1022 perlatam
2685 956 2823 999 esse

719 1026 1055 1093 crederent
1097 1025 1323 1112 legem,
1366 1037 1451 1102 et,
1488 1024 1666 1111 quod
1703 1024 1786 1089 ad
1823 1024 2100 1089 seniores
2143 1022 2408 1085 Patrum
2529 1021 2822 1097 niuei-et,
2837 1044 2868 1093 9

718 1114 1053 1179 cessissent
1108 1111 1497 1199 possessione
1556 1110 1650 1174 rei
1693 1110 1980 1185 ublicae3
2050 1108 2348 1184 iuniores,
2409 1108 2432 1169 i
2537 1107 2824 1171 maxime

720 1198 897 1287 quod
943 1198 1257 1264 Kaesonis
1294 1196 1604 1262 sodalium
1643 1132 1784 1273 linit,
1821 1218 2054 1261 auxere
2094 1194 2215 1257 iras
2252 1194 2323 1258 in
2366 1192 2650 1280 plebem,
2691 1214 2826 1257 non

718 1285 1089 1351 minuerunt
1116 1282 1392 1348 animos:
1440 1282 1556 1347 sed
1585 1282 1674 1347 ibi
1712 1282 2058 1369 plurimum
2095 1278 2450 1366 profectum
2491 1294 2614 1355 est,
2647 1278 2828 1366 quod

718 1370 913 1435 modo
956 1368 1235 1456 quodam
1288 1380 1721 1469 temperavere
1765 1369 2042 1454 impetus
2083 1387 2246 1431 suos.
2342 1365 2569 1441 Quum
2615 1366 2828 1452 primo

718 1468 863 1543 post
905 1455 1221 1520 Kaesonis
1248 1454 1542 1519 exsilium
1571 1454 1678 1519 lex
1716 1467 1944 1540 coepta
1979 1452 2130 1517 ferri
2167 1464 2282 1529 est,
2314 1452 2612 1516 instructi
2633 1472 2828 1551 para-

719 1542 898 1627 tique
928 1562 1076 1604 cum
1114 1540 1363 1625 ingenti
1390 1539 1718 1605 clientium
1757 1540 2043 1605 exercitu
2069 1539 2160 1603 sic
2199 1538 2506 1615 tribunoe,
2537 1538 2657 1601 ubi
2693 1537 2832 1623 pri-

720 1648 901 1691 mum
928 1638 1397 1690 summoventes
1422 1627 1770 1711 praebuere
1800 1648 2074 1703 causam,
2097 1623 2302 1689 adorti
2328 1636 2500 1701 sunt,
2525 1636 2602 1689 ut
2631 1644 2830 1687 nemo

722 1734 891 1775 unus
916 1711 1071 1775 inde
1142 1711 1508 1797 raecipuum
1539 1713 1884 1798 quicquam
1911 1711 2148 1799 gloriae
2176 1709 2438 1775 domum
2459 1708 2828 1773 invidiaeve

720 1797 942 1874 ferret3
990 1798 1077 1860 mi
1126 1820 1161 1861 e
1178 1818 1297 1884 pro
1320 1820 1449 1861 uno
1480 1797 1812 1863 Kaesones
1833 1797 2165 1873 exstitisse,
2184 1796 2404 1882 plebes
2423 1807 2826 1882 quereretur.
2940 1874 2941 1879 ἵ

724 1881 965 1947 Mediis
1006 1882 1251 1959 diebus,
1291 1884 1524 1970 quibus
1565 1884 1805 1949 tribuni
1847 1884 1930 1949 de
1971 1884 2114 1971 lege
2157 1904 2290 1947 non
2331 1894 2620 1969 agerent,
2661 1880 2832 1945 nihil
2940 1896 2941 1903 ’

396 1972 654 2052 Βοδειῑίιῳι
721 1968 953 2033 iisdem
990 1968 1115 2033 illis
1150 1968 1461 2056 placidius
1503 1982 1617 2034 aut
1658 1970 1938 2056 quietius
1980 1982 2155 2035 eratz
2201 1967 2478 2054 benigne
2525 1966 2828 2042 salutare,

392 2108 497 2153 tem
616 2110 671 2153 ta
722 2054 961 2141 alloqui
1010 2054 1216 2141 plebis
1260 2055 1570 2134 homines,
1620 2056 1884 2121 domum
1931 2055 2218 2132 invitare,
2271 2053 2486 2119 adesse
2541 2053 2615 2117 in
2666 2053 2830 2130 foro,
2852 2074 2872 2107 1

396 2119 628 2217 0.,ωῇῗᾷ
722 2141 1011 2207 tribunos
1066 2141 1235 2228 ipsos
1301 2154 1516 2208 cetera
1579 2142 1714 2229 pati
1769 2143 1908 2207 sine
1973 2139 2480 2227 interpellatione
2551 2138 2834 2205 concilis

394 2230 593 2283 feroein.
722 2226 997 2293 habere:
1060 2249 1393 2327 nunquam
1449 2227 1586 2305 ulli,
1639 2250 1852 2313 neque
1909 2226 2185 2314 publice,
2231 2248 2442 2312 neque
2500 2227 2831 2313 privatim,

723 2325 931 2378 truces
970 2335 1125 2389 esse,
1166 2314 1289 2378 nisi
1328 2334 1530 2400 quum
1569 2312 1651 2377 de
1691 2312 1833 2400 lege
1875 2314 1978 2401 agi
2021 2324 2318 2399 coeptum
2363 2325 2548 2377 esset.
2643 2312 2832 2377 Alibi
2942 2392 2943 2411 Χ

720 2398 2076 2576 Ρῗὲιιῗῗωῗέἑῗᾛὲἱοῗῗοξὲῗὲ
2091 2397 2835 2571 ffissefflffinffi
2942 2444 2943 2475 ³

722 2508 833 2638 {le
883 2594 1039 2637 voce
1092 2572 1356 2660 quidem
1406 2572 1686 2636 incomm
1879 2572 2120 2636 nedum
2169 2584 2243 2635 ut
2287 2570 2418 2635 ulla
2461 2571 2566 2635 vis
2619 2571 2831 2646 fieret,

808 2658 1053 2723 ullatim
1094 2657 1552 2745 permulcendo
1595 2656 2052 2744 metandoque
2096 2656 2653 2722 mansuefecerant
2696 2657 2834 2745 ple-

722 2680 889 2809 ἕξω.
956 2743 1107 2843 'Izolis
1136 2765 1262 2844 per·
1280 2756 1487 2844 totum
1517 2766 1760 2843 annum
1787 2744 2025 2844 artibus
2052 2743 2158 2808 lex
2187 2741 2364 2807 elusa
2389 2755 2504 2807 est.
2717 2832 2732 2843 ·

398 2910 470 2961 u.
492 2828 685 2975 &⁵3⁹4
726 2829 976 3000 Assiffl
1018 2841 1165 2989 {1¹:22}
1200 2826 2833 2980 2²tv¹13¹¹zr¹213¹322¹d1³ff151320103⁰⁸⁰13153fif223222322

396 2975 459 3087 g:
480 2974 711 3095 813ζῇ196,
726 3020 929 3062 annus
968 2996 1296 3063 attulerat:
1344 2998 1502 3084 legis
1536 2999 1832 3065 ferendae
1878 3013 1988 3066 aut
2026 3000 2430 3086 accipiendae
2477 3023 2637 3065 cura
2679 3003 2834 3066 civi-

398 3098 457 3149 Ρ.
482 3099 685 3149 valerio
727 3096 922 3149 tatem
954 3084 1227 3149 tenebat.
1325 3084 1658 3161 Quantum
1697 3086 1976 3151 iuniores
2015 3086 2276 3151 Patrum
2350 3086 2480 3151 lebi
2517 3110 2590 3151 se
2627 3090 2832 3175 magis

397 3163 474 3213 11.
497 3164 632 3214 ⁰⁰⁸⁸·
726 3168 1152 3248 insinuabant,
1193 3194 1271 3237 eo
1317 3170 1524 3235 acrius
1569 3184 1790 3236 contra
1834 3173 2074 3238 tribuni
2121 3108 2486 3249 tendebant,
2530 3186 2610 3237 ut
2655 3174 2832 3261 plebi

2084 3266 2105 3297 ‘
2275 3259 2290 3273 .
2439 3258 2453 3271 .

724 3257 2830 3421 wassassffiffidgfflfffcffiazdesszfflffiffi

727 3436 749 3468 ‘
766 3428 1175 3493 trucidandae
1223 3429 1425 3516 plebis
1476 3430 1738 3494 consilia
1785 3430 1960 3495 inita.
2053 3430 2132 3495 Id
2179 3430 2417 3517 negotii
2469 3430 2704 3495 datum
2753 3434 2828 3496 ab

727 3522 749 3553 ‘
764 3514 1115 3579 senioribus
1153 3514 1437 3594 Patrum,
1479 3528 1552 3581 ut
1590 3517 1885 3580 iuventus
1921 3516 2320 3581 tribuniciam
2363 3530 2752 3603 potestatem
2792 3542 2830 3583 e

727 3608 749 3639 ‘
762 3600 1089 3687 republica
1138 3600 1407 3679 tolleret,
1452 3602 1781 3689 formaque
1827 3602 2051 3667 eadem
2095 3602 2365 3666 civitatis
2416 3616 2600 3681 esset,
2705 3628 2828 3669 uae

727 3693 749 3725 ‘
764 3699 913 3749 ante
958 3686 1221 3751 Sacrum
1258 3700 1545 3752 montem
1585 3702 1962 3775 occupatum
1991 3689 2237 3753 fiieratss
2325 3687 2414 3753 Et.
2451 3690 2532 3753 ab
2571 3628 2832 3755 lescis

724 3782 793 3835 et
812 3770 1061 3857 Aequis
1090 3784 1323 3837 statum
1352 3774 1478 3837 iam
1519 3796 1592 3837 ac
1635 3796 1832 3861 prope
1863 3774 2151 3839 sollenne
2195 3775 2264 3838 in
2293 3775 2576 3860 singulos
2620 3800 2830 3842 annos

502 772 601 833 14.

788 3934 819 3983 8
850 3937 1047 3983 Eaeaeta
1066 3936 1351 3995 crudeliter]
1378 3937 1439 3985 cf.
1457 3935 1509 3985 N
1513 3935 1662 3985 iebhr.
1684 3936 1736 3985 ii.
1803 3953 1925 3998 quos
1946 3938 2126 3987 Tullus
2147 3937 2392 3987 Hostilius
2423 3938 2475 3985 in
2508 3944 2674 3999 patres
2695 3940 2714 3987 1
2781 3956 2830 3990 e-

723 4014 775 4063 p.
812 3999 921 4062 289.
959 3998 1046 4060 qui
1090 4014 1192 4047 rem
1234 3998 1376 4047 aliter
1416 4016 1471 4048 se
1513 4000 1739 4049 habuisse
1801 4008 1892 4051 rat.
1926 4018 2058 4063 supr.
2081 4002 2112 4050 i.
2140 4016 2216 4063 30.
2256 4002 2316 4049 cs.
2343 4000 2550 4050 Niebhr.
2571 4001 2690 4051 ii.n.
2709 3956 2828 4054 ἄθ.

722 4066 881 4126 putat.
1871 4080 1892 4113 1
1929 4068 2136 4125 Adesse]
2177 4064 2248 4114 Iis
2279 4064 2616 4128 litigantibus„
2646 4082 2832 4116 causas

786 4142 818 4193 9
848 4128 1073 4177 Ssm'oroe
1092 4162 1107 4176 .
1130 4162 1144 4176 .
1168 4163 1181 4176 .
1202 4129 1445 4187 iuniores]
1480 4142 1546 4176 sc.
1567 4128 1738 4177 Patres
1801 4144 1968 4177 eorum
1990 4128 2252 4191 suscipere,
2269 4135 2356 4178 aut
2377 4134 2509 4178 certe
2527 4131 2831 4181 auctoritate

722 4192 963 4241 maiorum
984 4197 1035 4241 et
1056 4191 1299 4239 minorum
1319 4191 1563 4254 gentium:
1596 4192 1735 4253 quip-
1801 4198 1852 4241 et
1881 4193 2053 4255 grstia,
2083 4198 2322 4256 tanquam
2359 4193 2604 4255 advocati,
2634 4192 2828 4247 inmte.

724 4268 789 4317 pe
822 4255 1061 4312 Quinctia
1091 4270 1211 4318 gens
1242 4270 1303 4303 ex
1337 4255 1556 4317 patribus
1587 4255 1735 4305 maio-
1801 4257 1962 4308 Canv.

724 4330 833 4367 rum
852 4318 1072 4381 gentium
1092 4318 1738 4381 mutqmexslhmia,
