3000 4784
851 209 1041 273 LIB.
1090 208 1215 273 111.
1282 208 1654 295 CAP.·18.
2187 213 2306 275 165

202 354 227 383 ‘
242 346 625 410 tribuniciae
652 345 981 431 potestatis
1018 358 1524 431 sacratarumque
1564 344 1778 431 legum
1809 342 2096 420 oblitum,
2129 345 2304 431 quis-
2325 356 2392 407 U.
2415 356 2475 407 Ο.
2501 372 2608 423 294·

200 440 225 469 ‘
244 433 388 519 quis
416 432 521 495 ille
552 433 655 508 sit,
686 432 1050 518 ubicunque
1088 432 1187 507 sit,
1218 431 1286 493 in
1321 430 1659 517 Capitolio,
1691 430 1760 493 in
1787 429 1944 505 for0,
1975 452 2092 515 pro
2120 430 2299 496 hoste
2319 422 2381 470 A.
2415 423 2474 472 Ο·
2499 425 2608 484 4⁵⁸·

200 526 225 555 ‘
241 518 629 581 habiturum.
706 516 1009 581 luberent
1032 516 1289 592 tribuni,
1314 517 1616 602 quoniam
1641 517 1708 579 in
1737 516 1859 601 Ap.
1891 515 2298 581 Herdonium

200 612 225 641 ‘
240 617 551 679 vetarent,
592 605 663 665 in
699 602 771 666 P.
818 602 1144 666 Valerium
1180 602 1503 665 consulem
1543 602 1708 665 sumi
1742 624 1947 665 arma:
1995 625 2296 666 ausurum

144 722 175 754 2
199 699 310 753 ‘se
342 689 413 752 in
442 690 731 764 tribuniS‚
766 688 940 774 quod
975 688 1275 787 princeps
1311 687 1584 751 familiae
1615 710 1763 751 suae
1805 710 1992 751 ausus
2020 688 2088 751 in
2131 712 2197 753 re
2244 690 2297 752 i-

198 784 219 813 ‘
238 776 363 839 bus
390 776 593 839 esset?
684 773 835 838 Vim
874 774 1165 838 ultimam
1202 773 1544 860 apparebat
1580 772 1874 850 futuram,
1905 712 2295 860 spectacufo-

192 884 329 947 que
348 860 725 925 seditionem
748 860 1102 923 Romanam
1122 859 1405 923 hostibus
1421 859 1583 925 fore:
1622 882 1742 922 nec
1760 858 1866 923 lex
1890 872 2102 923 tamen
2120 860 2288 938 ferri,

190 970 323 1011 nec
346 947 439 1011 ire
464 948 531 1009 in
554 945 942 1032 Capitolium
966 945 1187 1025 consul
1203 944 1429 1031 potuit.
1525 944 1676 1007 Nox
1701 946 2044 1009 certamina
2063 959 2293 1033 coepta

191 1032 551 1120 oppressit:
602 1032 839 1095 tribuni
882 1053 1121 1095 cessere
1156 1031 1350 1106 nocti,
1393 1031 1690 1095 timentes
1727 1032 2056 1096 consulum
2095 1054 2284 1097 arma.

190 1119 459 1182 Amotis
477 1117 629 1181 inde
660 1116 985 1181 seditionis
1006 1117 1387 1192 auctoribuS,
1418 1116 1642 1180 Patres
1661 1117 1992 1181 circumire
2013 1117 2286 1204 plebem,

188 1205 671 1290 inferentesque
694 1226 760 1267 se
791 1204 859 1267 in
887 1204 1172 1280 circulos,
1197 1224 1519 1267 sermones
1548 1203 1818 1289 tempori
1845 1218 2026 1290 aptos
2049 1225 2282 1268 sereret

186 1290 565 1365 admonere,
610 1298 629 1326 ‘
650 1289 743 1353 Ut
791 1289 1097 1367 viderent,
1130 1289 1197 1351 in
1238 1288 1413 1374 quod
1452 1287 1795 1352 discrimen
1833 1288 2288 1375 rempublicam

190 1385 212 1413 ‘
232 1375 646 1439 adducerent.
741 1373 808 1438 N
812 1397 898 1439 on
930 1376 1097 1439 inter
1132 1374 1355 1438 Patres
1384 1395 1455 1437 ac
1490 1374 1744 1459 plebem
1783 1386 2103 1439 certamen
2131 1396 2287 1452 esse,

189 1472 213 1499 ‘
232 1462 355 1527 sed
382 1461 569 1525 simul
599 1461 822 1525 Patres
851 1462 1248 1547 plebemque,
1280 1480 1491 1523 arcem
1514 1460 1705 1535 urbiS,
1739 1459 1974 1547 templa
2000 1461 2286 1539 deorum,

189 1557 214 1586 ‘
232 1562 503 1634 penates
530 1547 816 1634 publicos
844 1547 1245 1633 privatosque
1268 1545 1552 1611 hostibus
1574 1544 1764 1609 dedi)
1822 1545 2000 1609 Dum
2030 1546 2190 1611 haec
2217 1547 2288 1610 in

184 1635 337 1698 foro
370 1633 685 1697 sedandae
721 1632 1071 1697 discordiae
1108 1654 1296 1696 causa
1342 1643 1634 1717 aguntur,
1672 1630 1960 1695 consules
2007 1633 2282 1710 interim,

188 1742 281 1783 ne
318 1719 557 1795 Sabini,
588 1742 671 1783 ne
702 1718 939 1782 Veiens
954 1718 1163 1782 hostis
1194 1731 1571 1795 moveretur,
1603 1717 1770 1783 circa
1806 1730 2016 1804 portas
2045 1741 2288 1783 muros-

189 1829 326 1891 que
358 1805 786 1869 discesserant.

284 1891 533 1956 Eadem
577 1904 763 1956 nocte
806 1904 875 1955 et
913 1891 1265 1955 Tusculum
1298 1890 1379 1955 de
1424 1912 1566 1955 arce
1607 1902 1792 1978 capta
1836 1890 2284 1981 Capitolioque
2415 1903 2514 1963 18.

187 1990 526 2063 occupatO,
562 1990 629 2041 et
666 1977 789 2041 alio
830 1978 1113 2041 turbatae
1157 1977 1330 2041 urbis
1370 1989 1540 2042 statu
1577 1977 1786 2041 nuntii
1829 1980 2114 2043 veniunt.
2205 1980 2282 2045 L.

188 2063 528 2128 Mamilius
572 2062 835 2127 Tusculi
881 2077 1018 2127 tum
1066 2062 1337 2127 dictator
1380 2075 1530 2127 erat.
1623 2063 1706 2140 Is,
1757 2064 2090 2128 confestim
2135 2089 2288 2131 con—

185 2162 422 2213 vocato
478 2162 720 2226 senatu,
782 2162 973 2236 atque
1041 2149 1419 2213 introductis
1486 2149 1746 2225 nuntiis,
1807 2172 2038 2236 magno
2095 2174 2134 2215 o
2179 2174 2285 2216 ere

187 2250 435 2312 censet,
490 2234 633 2299 ‘Ne
682 2247 1073 2322 exspectent,
1124 2234 1279 2299 dum
1324 2235 1405 2299 ab
1458 2235 1670 2299 Roma
1716 2234 1928 2321 legati,
1979 2237 2128 2299 auxi
2156 2237 2288 2300 ‘um

190 2330 213 2358 ‘
233 2334 545 2407 petentes,
598 2322 891 2385 veniant:
968 2320 1321 2408 periculum
1378 2320 1605 2406 ipsum,
1664 2321 2150 2407 discrimenque,
2212 2344 2286 2387 ac

134 2432 168 2479 3
190 2416 214 2445 ‘
232 2407 498 2471 sociales
526 2407 698 2484 deoS,
728 2407 1051 2493 fidemque
1074 2406 1402 2471 foederum
1424 2405 1493 2470 id
1523 2428 1798 2491 poscere.
1891 2406 2286 2471 Demerendi

190 2502 215 2531 ‘
232 2494 548 2558 beneficio
584 2507 711 2557 tam
742 2506 1087 2581 potentem,
1120 2504 1249 2555 tam
1284 2492 1708 2578 propinquam
1746 2492 2086 2569 civitatem,
2117 2516 2285 2555 nun-

190 2588 213 2617 ‘
234 2602 429 2679 quam
458 2602 673 2678 parem
704 2581 1097 2643 occasionem
1126 2578 1384 2641 daturos
1423 2576 1615 2640 deos.'
1701 2576 1923 2641 Placet
1950 2576 2097 2641 ferri
2128 2600 2285 2642 aux·
2302 2594 2570 2644 Tusculani

186 2666 407 2730 ilium:
455 2679 753 2729 iuventus
774 2665 1191 2729 conscribitur
1200 2687 1219 2739 ;
1266 2684 1439 2727 arma
1458 2662 1708 2726 dantur.
1787 2662 2058 2727 Romam
2127 2664 2288 2729 rima
2303 2659 2542 2733 Romanis

184 2752 341 2815 luce
369 2752 716 2829 venientes,
748 2749 965 2838 procul
998 2748 1272 2837 speciem
1300 2748 1582 2813 hostium
1609 2750 1974 2836 praebuere.
2133 2751 2286 2837 equi
2300 2724 2545 2837 ῗέξὲῖω.

186 2850 307 2901 aut
372 2838 587 2903 Volsci
644 2837 859 2901 venire
910 2837 1027 2900 visi
1080 2848 1243 2900 sunt.
1336 2834 1615 2911 Deinde,
1664 2836 1776 2899 ubi
1833 2857 2032 2901 vanus
2084 2849 2285 2901 terror

184 2924 371 3000 abiit,
404 2946 549 2988 acce
599 2924 645 2987 ti
674 2924 744 2987 in
772 2924 1014 3000 urbem,
1044 2923 1295 3008 agmine
1338 2921 1405 2984 in
1434 2922 1643 2985 forum
1673 2921 2087 2986 descendunt.
2179 2923 2282 2988 Ibi

182 3012 323 3074 iam
360 3009 433 3073 P.
468 2947 777 3086 VfieriuS,
810 3008 1029 3073 relicto
1059 3008 1141 3071 ad
1179 3020 1499 3093 portarum
1540 3008 1854 3094 praesidia
1891 3008 2150 3095 collega,
2183 3011 2281 3073 in-

182 3097 477 3161 struebat
506 3097 723 3161 aciem.
816 3094 1183 3159 Auctoritas
1211 3094 1329 3156 viri
1359 3107 1656 3170 moverat,
1691 3094 2074 3171 affirmantia
2111 3104 2130 3133 ‘
2155 3094 2283 3161 Ca-

130 3218 165 3261 4
188 3190 211 3219 ‘
232 3182 456 3268 pitolio
500 3195 887 3267 recuperat0,
934 3194 1001 3244 et
1043 3180 1197 3261 urbe
1242 3192 1480 3265 pacata,
1527 3181 1580 3242 si
1627 3180 1879 3243 edoceri
1921 3203 1988 3245 se
2037 3181 2281 3259 sissent,

187 3277 212 3306 ‘
233 3290 399 3354 quae
429 3267 602 3331 fraus
632 3269 709 3331 ab
752 3267 1019 3331 tribunis
1051 3264 1299 3330 occulta
1328 3264 1395 3327 in
1435 3263 1576 3349 lege
1616 3265 1903 3342 ferretur,
1935 3287 2280 3333 memorem

190 3362 213 3393 ‘
232 3376 301 3417 se
343 3354 651 3419 maiorum
690 3376 968 3429 suorum,
1012 3372 1357 3417 memorem
1396 3351 1810 3435 cognominiS,
1899 3351 2028 3421 uod
2063 3352 2284 3439 populi

190 3448 213 3477 ‘
232 3438 489 3505 colendi
545 3439 720 3504 velut
776 3437 1157 3503 hereditaria
1206 3458 1359 3500 cura
1407 3435 1524 3499 sibi
1584 3460 1622 3499 a
1671 3437 1886 3505 maion
1937 3460 2009 3501 us
2055 3438 2285 3505 tradita

192 3535 215 3564 ‘
232 3539 416 3603 esset,
450 3526 787 3591 concilium
826 3525 1027 3612 plebis
1066 3546 1199 3593 non
1234 3521 1729 3608 impediturum.’
1819 3522 2016 3594 Hunc
2051 3523 2284 3593 ducem
2302 3534 2476 3595 Pugna
2495 3534 2578 3583 ad-

188 3613 419 3693 secuti,
452 3611 879 3699 nequicquam
896 3609 1381 3681 reclamantibus
1411 3608 1701 3685 tribuniS,
1731 3608 1800 3671 in
1821 3608 2054 3673 clivum
2089 3608 2286 3699 Capi·
2302 3598 2616 3710 Ξξῖἰῗωῗῖθῐῒ

187 3760 361 3818 litum]
404 3758 627 3807 oblitum
660 3757 777 3817 quid
810 3762 937 3804 esset
958 3755 1209 3803 consulare
1272 3754 1437 3802 miliae
1472 3752 1577 3800 eius
1609 3754 1847 3815 appellat,
1879 3753 2004 3804 sicut
2043 3773 2149 3819 cap.
2184 3774 2287 3820 seq.

188 3822 475 3883 imperium,
508 3822 683 3881 quibus
720 3820 957 3868 limitibus
994 3818 1207 3865 contine-
1271 3819 1508 3865 maiorum
1527 3833 1739 3867 moram.
1773 3818 1986 3869 Srno‘m.

188 3892 363 3942 remi-3
394 3892 445 3933 et
466 3885 638 3932 eodem
663 3890 887 3945 agentem
910 3884 1075 3940 modo,
1096 3896 1209 3942 quo,
1340 3896 1367 3943 3
1398 3882 1608 3931 Sociales
1643 3884 1777 3943 deos]
1827 3884 1961 3931 Deos
1993 3884 2198 3932 arbitros
2235 3890 2286 3933 et

193 3949 234 3997 si
274 3949 445 3996 consul
482 3948 674 3996 infinita
707 3952 831 3995 esset
870 3951 1128 4007 potestate,
1160 3948 1211 3992 et
1273 3949 1421 3993 testes
1441 3952 1695 4006 pactorum
1717 3946 1893 4007 quibus
1923 3948 2040 3996 socii
2073 3948 2202 3995 inter
2233 3962 2286 3997 se

190 4012 459 4073 imperium
490 4012 595 4064 aine
627 4010 968 4073 provocatione
989 4009 1205 4057 haberet.
1274 4008 1481 4056 devincti
1505 4016 1634 4057 sunt.

193 4077 359 4125 Cnssv.
1337 4090 1368 4133 4
1398 4074 1453 4119 St·
1474 4075 1658 4122 edoceri
1677 4090 1728 4122 se
1748 4076 1946 4134 sissent]
1986 4074 2038 4123 Si
2072 4090 2124 4121 se
2153 4073 2285 4121 sivis-

248 4154 275 4188 α
290 4140 783 4201 Princepesamiliae]
794 4154 859 4186 sc.
874 4138 1021 4185 Pater
1034 4136 1139 4183 eius
1150 4136 1207 4183 P.
1274 4142 1382 4183 sent
1403 4137 1612 4195 edoceri,
1634 4152 1872 4198 quaenam
1907 4138 1956 4185 in
1989 4139 2116 4197 lege,
2138 4150 2284 4195 quam

194 4202 432 4251 Valerius
446 4204 723 4260 Publicola,
732 4216 875 4263 quem
893 4200 1061 4249 Livius
1077 4200 1209 4247 haud
1272 4200 1490 4247 serebant
1511 4200 1712 4259 tribuni,
1731 4202 1924 4249 occulta
1943 4201 2076 4248 fraus
2095 4200 2283 4246 lateret.

192 4268 317 4316 satis
336 4282 523 4315 memor
540 4272 817 4327 temporum
838 4264 985 4313 huius
1007 4262 1211 4321 Valerii,
1274 4264 1433 4314 (ἷκεν.

195 4346 261 4381 ex
295 4345 385 4379 sua
414 4336 575 4379 aetate
606 4330 816 4391 loeutus,
834 4329 1105 4391 prinoipem
1122 4327 1209 4386 sa·
