<?xml version="1.0" encoding="UTF-8"?>
<!DOCTYPE html PUBLIC "-//W3C//DTD XHTML 1.0 Transitional//EN"
    "http://www.w3.org/TR/xhtml1/DTD/xhtml1-transitional.dtd">
<html xmlns="http://www.w3.org/1999/xhtml" xml:lang="en" lang="en">
 <head>
  <title>
</title>
<meta http-equiv="Content-Type" content="text/html;charset=utf-8" />
  <meta name='ocr-system' content='tesseract 3.04.00' />
  <meta name='ocr-capabilities' content='ocr_page ocr_carea ocr_par ocr_line ocrx_word'/>
</head>
<body>
  <div class='ocr_page' id='page_1' title='image "./tliviipatavinih10unkngoog_0150.png"; bbox 0 0 3000 4784; ppageno 0'>
   <div class='ocr_carea' id='block_1_1' title="bbox 382 340 664 395">
    <p class='ocr_par' dir='ltr' id='par_1_1' title="bbox 382 340 664 395">
     <span class='ocr_line' id='line_1_1' title="bbox 382 340 664 395; baseline 0.018 -6"><span class='ocrx_word' id='word_1_1' title='bbox 382 340 451 389; x_wconf 88' lang='lat' dir='ltr'>U.</span> <span class='ocrx_word' id='word_1_2' title='bbox 474 342 533 392; x_wconf 81' lang='lat' dir='ltr'>C.</span> <span class='ocrx_word' id='word_1_3' title='bbox 559 345 664 395; x_wconf 79' lang='lat'>282.</span> 
     </span>
    </p>
   </div>
   <div class='ocr_carea' id='block_1_2' title="bbox 380 402 668 521">
    <p class='ocr_par' dir='ltr' id='par_1_2' title="bbox 380 402 668 521">
     <span class='ocr_line' id='line_1_2' title="bbox 380 402 668 470; baseline 0.024 -20"><span class='ocrx_word' id='word_1_4' title='bbox 380 402 441 451; x_wconf 80' lang='lat' dir='ltr'>A.</span> <span class='ocrx_word' id='word_1_5' title='bbox 474 406 533 454; x_wconf 86' lang='lat' dir='ltr'>C.</span> <span class='ocrx_word' id='word_1_6' title='bbox 558 420 668 470; x_wconf 82' lang='lat'>470.</span> 
     </span>
     <span class='ocr_line' id='line_1_3' title="bbox 383 466 666 521; baseline 0.025 -7"><span class='ocrx_word' id='word_1_7' title='bbox 383 466 467 515; x_wconf 89' lang='lat' dir='ltr'>Fit</span> <span class='ocrx_word' id='word_1_8' title='bbox 487 470 666 521; x_wconf 90' lang='lat' dir='ltr'>tribun.</span> 
     </span>
    </p>
   </div>
   <div class='ocr_carea' id='block_1_3' title="bbox 381 532 2793 875">
    <p class='ocr_par' dir='ltr' id='par_1_3' title="bbox 381 532 2793 875">
     <span class='ocr_line' id='line_1_4' title="bbox 381 532 552 591; baseline 0.018 -12"><span class='ocrx_word' id='word_1_9' title='bbox 381 532 552 591; x_wconf 77' lang='lat' dir='ltr'>plebis.</span> 
     </span>
     <span class='ocr_line' id='line_1_5' title="bbox 385 595 656 649; baseline 0.026 -7"><span class='ocrx_word' id='word_1_10' title='bbox 385 595 441 643; x_wconf 93' lang='lat' dir='ltr'>L.</span> <span class='ocrx_word' id='word_1_11' title='bbox 460 598 656 649; x_wconf 81' lang='lat' dir='ltr'>Pinario</span> 
     </span>
     <span class='ocr_line' id='line_1_6' title="bbox 384 660 613 712; baseline 0.022 -5"><span class='ocrx_word' id='word_1_12' title='bbox 384 660 440 708; x_wconf 86' lang='lat' dir='ltr'>P.</span> <span class='ocrx_word' id='word_1_13' title='bbox 465 662 613 712; x_wconf 86' lang='lat' dir='ltr'>Furio</span> 
     </span>
     <span class='ocr_line' id='line_1_7' title="bbox 382 724 517 775; baseline 0.022 -4"><span class='ocrx_word' id='word_1_14' title='bbox 382 724 517 775; x_wconf 73' lang='lat' dir='ltr'>coss.</span> 
     </span>
     <span class='ocr_line' id='line_1_8' title="bbox 386 773 2793 875; baseline 0 -39"><span class='ocrx_word' id='word_1_15' title='bbox 386 788 489 836; x_wconf 82' lang='lat' dir='ltr'>Lex</span> <span class='ocrx_word' id='word_1_16' title='bbox 516 782 645 841; x_wconf 81' lang='lat' dir='ltr'>P1ib-</span> <span class='ocrx_word' id='word_1_17' title='bbox 709 773 857 839; x_wconf 91' lang='lat' dir='ltr'>tulit</span> <span class='ocrx_word' id='word_1_18' title='bbox 902 776 985 841; x_wconf 88' lang='lat' dir='ltr'>ad</span> <span class='ocrx_word' id='word_1_19' title='bbox 1021 800 1105 863; x_wconf 93' lang='lat' dir='ltr'>po</span> <span class='ocrx_word' id='word_1_20' title='bbox 1150 778 1347 855; x_wconf 90' lang='lat' dir='ltr'>ulum,</span> <span class='ocrx_word' id='word_1_21' title='bbox 1386 791 1458 843; x_wconf 91' lang='lat' dir='ltr'>ut</span> <span class='ocrx_word' id='word_1_22' title='bbox 1503 778 1736 865; x_wconf 91' lang='lat' dir='ltr'>plebeii</span> <span class='ocrx_word' id='word_1_23' title='bbox 1784 778 2180 864; x_wconf 82' lang='lat' dir='ltr'><strong>magistratus</strong></span> <span class='ocrx_word' id='word_1_24' title='bbox 2225 775 2475 839; x_wconf 87' lang='lat' dir='ltr'>tributis</span> <span class='ocrx_word' id='word_1_25' title='bbox 2521 774 2793 875; x_wconf 73' lang='lat' dir='ltr'>comitiis</span> 
     </span>
    </p>
   </div>
   <div class='ocr_carea' id='block_1_4' title="bbox 380 852 2840 951">
    <p class='ocr_par' dir='ltr' id='par_1_4' title="bbox 380 852 2840 951">
     <span class='ocr_line' id='line_1_9' title="bbox 380 852 2840 951; baseline 0.005 -34"><span class='ocrx_word' id='word_1_26' title='bbox 380 852 499 903; x_wconf 84' lang='lat' dir='ltr'>lilia.</span> <span class='ocrx_word' id='word_1_27' title='bbox 1116 865 1242 928; x_wconf 88' lang='lat' dir='ltr'>aud</span> <span class='ocrx_word' id='word_1_28' title='bbox 1276 888 1469 951; x_wconf 78' lang='lat' dir='ltr'>parva</span> <span class='ocrx_word' id='word_1_29' title='bbox 1507 888 1604 930; x_wconf 86' lang='lat' dir='ltr'>res</span> <span class='ocrx_word' id='word_1_30' title='bbox 1643 866 1759 929; x_wconf 88' lang='lat' dir='ltr'>sub</span> <span class='ocrx_word' id='word_1_31' title='bbox 1801 863 1986 928; x_wconf 78' lang='lat' dir='ltr'>titulo</span> <span class='ocrx_word' id='word_1_32' title='bbox 2028 863 2230 950; x_wconf 89' lang='lat' dir='ltr'>prima</span> <span class='ocrx_word' id='word_1_33' title='bbox 2271 861 2480 948; x_wconf 89' lang='lat' dir='ltr'>specie</span> <span class='ocrx_word' id='word_1_34' title='bbox 2527 862 2791 924; x_wconf 84' lang='lat' dir='ltr'>mimme</span> <span class='ocrx_word' id='word_1_35' title='bbox 2811 884 2840 931; x_wconf 75' lang='grc'>7</span> 
     </span>
    </p>
   </div>
   <div class='ocr_carea' id='block_1_5' title="bbox 388 1611 655 1731">
    <p class='ocr_par' dir='ltr' id='par_1_5' title="bbox 388 1611 655 1731">
     <span class='ocr_line' id='line_1_10' title="bbox 388 1611 655 1671; baseline 0.007 -15"><span class='ocrx_word' id='word_1_36' title='bbox 388 1611 484 1671; x_wconf 83' lang='lat' dir='ltr'>Ap.</span> <span class='ocrx_word' id='word_1_37' title='bbox 508 1612 655 1659; x_wconf 86' lang='lat' dir='ltr'>Clau-</span> 
     </span>
     <span class='ocr_line' id='line_1_11' title="bbox 388 1672 564 1731; baseline 0.011 -10"><span class='ocrx_word' id='word_1_38' title='bbox 388 1672 487 1731; x_wconf 82' lang='lat' dir='ltr'>dio,</span> <span class='ocrx_word' id='word_1_39' title='bbox 504 1674 564 1723; x_wconf 87' lang='grc' dir='ltr'>Τ.</span> 
     </span>
    </p>
   </div>
   <div class='ocr_carea' id='block_1_6' title="bbox 388 1802 1395 2053">
    <p class='ocr_par' dir='ltr' id='par_1_6' title="bbox 388 1802 523 1851">
     <span class='ocr_line' id='line_1_12' title="bbox 388 1802 523 1851; baseline 0 0"><span class='ocrx_word' id='word_1_40' title='bbox 388 1802 523 1851; x_wconf 80' lang='lat' dir='ltr'>Coss.</span> 
     </span>
    </p>

    <p class='ocr_par' dir='ltr' id='par_1_7' title="bbox 388 1866 1395 2053">
     <span class='ocr_line' id='line_1_13' title="bbox 389 1866 603 1915; baseline 0.009 -2"><span class='ocrx_word' id='word_1_41' title='bbox 389 1866 603 1915; x_wconf 84' lang='lat' dir='ltr'>Laetorii</span> 
     </span>
     <span class='ocr_line' id='line_1_14' title="bbox 388 1928 577 1981; baseline 0.021 -4"><span class='ocrx_word' id='word_1_42' title='bbox 388 1928 471 1979; x_wconf 83' lang='lat' dir='ltr'>Tr.</span> <span class='ocrx_word' id='word_1_43' title='bbox 497 1931 577 1981; x_wconf 86' lang='lat' dir='ltr'>Pl.</span> 
     </span>
     <span class='ocr_line' id='line_1_15' title="bbox 388 1985 1395 2053; baseline 0.011 -12"><span class='ocrx_word' id='word_1_44' title='bbox 388 1994 653 2043; x_wconf 77' lang='lat' dir='ltr'>certamina</span> <span class='ocrx_word' id='word_1_45' title='bbox 714 1985 843 2051; x_wconf 88' lang='lat' dir='ltr'>Sed</span> <span class='ocrx_word' id='word_1_46' title='bbox 885 2000 958 2050; x_wconf 92' lang='lat' dir='ltr'>ut</span> <span class='ocrx_word' id='word_1_47' title='bbox 1000 2001 1293 2053; x_wconf 79' lang='lat' dir='ltr'>inventor</span> <span class='ocrx_word' id='word_1_48' title='bbox 1335 1988 1395 2052; x_wconf 85' lang='lat' dir='ltr'>le</span> 
     </span>
    </p>
   </div>
   <div class='ocr_carea' id='block_1_7' title="bbox 1395 1990 1917 2089">
    <p class='ocr_par' dir='ltr' id='par_1_8' title="bbox 1395 1990 1917 2089">
     <span class='ocr_line' id='line_1_16' title="bbox 1395 1990 1917 2089; baseline -0.004 -34"><span class='ocrx_word' id='word_1_49' title='bbox 1395 1990 1491 2089; x_wconf 77' lang='lat' dir='ltr'>gis</span> <span class='ocrx_word' id='word_1_50' title='bbox 1522 1990 1778 2067; x_wconf 85' lang='lat' dir='ltr'><strong>Volero,</strong></span> <span class='ocrx_word' id='word_1_51' title='bbox 1827 1990 1917 2053; x_wconf 87' lang='lat' dir='ltr'>sic</span> 
     </span>
    </p>
   </div>
   <div class='ocr_carea' id='block_1_8' title="bbox 388 2059 2842 2161">
    <p class='ocr_par' dir='ltr' id='par_1_9' title="bbox 388 2059 2842 2161">
     <span class='ocr_line' id='line_1_17' title="bbox 388 2059 2842 2161; baseline -0.003 -22"><span class='ocrx_word' id='word_1_52' title='bbox 388 2073 501 2144; x_wconf 51' lang='lat' dir='ltr'>epm</span> <span class='ocrx_word' id='word_1_53' title='bbox 516 2059 680 2122; x_wconf 64' lang='grc' dir='ltr'><strong>ΑΡΡῙΟ</strong></span> <span class='ocrx_word' id='word_1_54' title='bbox 708 2085 928 2138; x_wconf 85' lang='lat' dir='ltr'>auctor</span> <span class='ocrx_word' id='word_1_55' title='bbox 954 2098 1154 2161; x_wconf 91' lang='lat' dir='ltr'>quum</span> <span class='ocrx_word' id='word_1_56' title='bbox 1182 2090 1514 2154; x_wconf 76' lang='lat' dir='ltr'>recentior,</span> <span class='ocrx_word' id='word_1_57' title='bbox 1549 2089 1684 2141; x_wconf 90' lang='lat' dir='ltr'>tum</span> <span class='ocrx_word' id='word_1_58' title='bbox 1723 2076 1924 2141; x_wconf 80' lang='lat' dir='ltr'>acrior</span> <span class='ocrx_word' id='word_1_59' title='bbox 1949 2088 2100 2140; x_wconf 87' lang='lat' dir='ltr'>erat.</span> <span class='ocrx_word' id='word_1_60' title='bbox 2193 2074 2494 2139; x_wconf 87' lang='lat' dir='ltr'>Ferocem</span> <span class='ocrx_word' id='word_1_61' title='bbox 2517 2072 2802 2137; x_wconf 83' lang='lat' dir='ltr'><strong>faciebat</strong></span> <span class='ocrx_word' id='word_1_62' title='bbox 2827 2101 2842 2132; x_wconf 81' lang='grc' dir='ltr'><strong><em>ι</em></strong></span> 
     </span>
    </p>
   </div>
   <div class='ocr_carea' id='block_1_9' title="bbox 712 210 831 269">
    <p class='ocr_par' dir='ltr' id='par_1_10' title="bbox 712 210 831 269">
     <span class='ocr_line' id='line_1_18' title="bbox 712 210 831 269; baseline 0.008 -1"><span class='ocrx_word' id='word_1_63' title='bbox 712 210 831 269; x_wconf 86' lang='grc'>136</span> 
     </span>
    </p>
   </div>
   <div class='ocr_carea' id='block_1_10' title="bbox 1464 198 2016 273">
    <p class='ocr_par' dir='ltr' id='par_1_11' title="bbox 1464 198 2016 273">
     <span class='ocr_line' id='line_1_19' title="bbox 1464 198 2016 273; baseline -0.004 0"><span class='ocrx_word' id='word_1_64' title='bbox 1464 198 1696 273; x_wconf 89' lang='grc' dir='ltr'>ΤΙΤΙ</span> <span class='ocrx_word' id='word_1_65' title='bbox 1747 204 2016 273; x_wconf 92' lang='lat' dir='ltr'>LIVII</span> 
     </span>
    </p>
   </div>
   <div class='ocr_carea' id='block_1_11' title="bbox 706 338 2781 529">
    <p class='ocr_par' dir='ltr' id='par_1_12' title="bbox 706 338 2781 529">
     <span class='ocr_line' id='line_1_20' title="bbox 706 338 2779 431; baseline -0.001 -26"><span class='ocrx_word' id='word_1_66' title='bbox 706 343 949 405; x_wconf 90' lang='lat' dir='ltr'>bunum</span> <span class='ocrx_word' id='word_1_67' title='bbox 990 343 1162 431; x_wconf 86' lang='lat' dir='ltr'>plebi</span> <span class='ocrx_word' id='word_1_68' title='bbox 1206 357 1377 409; x_wconf 77' lang='lat' dir='ltr'>creat</span> <span class='ocrx_word' id='word_1_69' title='bbox 1426 346 1495 409; x_wconf 91' lang='lat' dir='ltr'>in</span> <span class='ocrx_word' id='word_1_70' title='bbox 1541 368 1689 409; x_wconf 91' lang='lat' dir='ltr'>eum</span> <span class='ocrx_word' id='word_1_71' title='bbox 1741 366 1999 420; x_wconf 86' lang='lat' dir='ltr'>annum,</span> <span class='ocrx_word' id='word_1_72' title='bbox 2042 343 2153 430; x_wconf 92' lang='lat' dir='ltr'>qui</span> <span class='ocrx_word' id='word_1_73' title='bbox 2199 341 2275 406; x_wconf 88' lang='lat' dir='ltr'>L.</span> <span class='ocrx_word' id='word_1_74' title='bbox 2315 340 2669 416; x_wconf 81' lang='lat' dir='ltr'>Pinarium,</span> <span class='ocrx_word' id='word_1_75' title='bbox 2713 338 2779 404; x_wconf 88' lang='lat' dir='ltr'>P.</span> 
     </span>
     <span class='ocr_line' id='line_1_21' title="bbox 708 427 2781 529; baseline -0.001 -37"><span class='ocrx_word' id='word_1_76' title='bbox 708 428 969 529; x_wconf 70' lang='lat' dir='ltr'>Furium</span> <span class='ocrx_word' id='word_1_77' title='bbox 1013 432 1301 495; x_wconf 87' lang='lat' dir='ltr'>consules</span> <span class='ocrx_word' id='word_1_78' title='bbox 1348 431 1606 496; x_wconf 85' lang='lat' dir='ltr'>habuit:</span> <span class='ocrx_word' id='word_1_79' title='bbox 1663 445 2006 516; x_wconf 80' lang='lat' dir='ltr'>contraque</span> <span class='ocrx_word' id='word_1_80' title='bbox 2059 428 2345 494; x_wconf 91' lang='lat' dir='ltr'>omnium</span> <span class='ocrx_word' id='word_1_81' title='bbox 2395 427 2781 527; x_wconf 78' lang='lat' dir='ltr'>opinionem,</span> 
     </span>
    </p>
   </div>
   <div class='ocr_carea' id='block_1_12' title="bbox 706 514 2832 605">
    <p class='ocr_par' dir='ltr' id='par_1_13' title="bbox 706 514 2832 605">
     <span class='ocr_line' id='line_1_22' title="bbox 706 514 2832 605; baseline 0.001 -27"><span class='ocrx_word' id='word_1_82' title='bbox 706 538 819 601; x_wconf 86' lang='lat' dir='ltr'>qm</span> <span class='ocrx_word' id='word_1_83' title='bbox 848 538 996 579; x_wconf 91' lang='lat' dir='ltr'>eum</span> <span class='ocrx_word' id='word_1_84' title='bbox 1022 518 1327 583; x_wconf 79' lang='lat' dir='ltr'>vexandis</span> <span class='ocrx_word' id='word_1_85' title='bbox 1355 519 1581 605; x_wconf 88' lang='lat' dir='ltr'>prioris</span> <span class='ocrx_word' id='word_1_86' title='bbox 1609 518 1762 581; x_wconf 89' lang='lat' dir='ltr'>anni</span> <span class='ocrx_word' id='word_1_87' title='bbox 1799 516 2160 582; x_wconf 87' lang='lat' dir='ltr'>consulibus</span> <span class='ocrx_word' id='word_1_88' title='bbox 2198 514 2656 602; x_wconf 85' lang='lat' dir='ltr'>permissurum</span> <span class='ocrx_word' id='word_1_89' title='bbox 2683 528 2788 577; x_wconf 87' lang='lat' dir='ltr'>tn-</span> <span class='ocrx_word' id='word_1_90' title='bbox 2804 534 2832 582; x_wconf 82' lang='grc'><strong>5</strong></span> 
     </span>
    </p>
   </div>
   <div class='ocr_carea' id='block_1_13' title="bbox 658 599 2788 705">
    <p class='ocr_par' dir='ltr' id='par_1_14' title="bbox 658 599 2788 705">
     <span class='ocr_line' id='line_1_23' title="bbox 658 599 2788 705; baseline 0 -42"><span class='ocrx_word' id='word_1_91' title='bbox 658 636 673 661; x_wconf 84' lang='lat'>‚</span> <span class='ocrx_word' id='word_1_92' title='bbox 707 603 1014 667; x_wconf 86' lang='lat' dir='ltr'>bunatum</span> <span class='ocrx_word' id='word_1_93' title='bbox 1058 605 1417 683; x_wconf 87' lang='lat' dir='ltr'>credebant,</span> <span class='ocrx_word' id='word_1_94' title='bbox 1446 618 1592 705; x_wconf 87' lang='lat' dir='ltr'>post</span> <span class='ocrx_word' id='word_1_95' title='bbox 1633 604 1952 693; x_wconf 81' lang='lat' dir='ltr'>publicam</span> <span class='ocrx_word' id='word_1_96' title='bbox 1991 625 2244 669; x_wconf 89' lang='lat' dir='ltr'>causam</span> <span class='ocrx_word' id='word_1_97' title='bbox 2285 602 2530 689; x_wconf 86' lang='lat' dir='ltr'>privato</span> <span class='ocrx_word' id='word_1_98' title='bbox 2576 599 2788 664; x_wconf 86' lang='lat' dir='ltr'>dolore</span> 
     </span>
    </p>
   </div>
   <div class='ocr_carea' id='block_1_14' title="bbox 707 687 2837 779">
    <p class='ocr_par' dir='ltr' id='par_1_15' title="bbox 707 687 2837 779">
     <span class='ocr_line' id='line_1_24' title="bbox 707 687 2837 779; baseline 0 -29"><span class='ocrx_word' id='word_1_99' title='bbox 707 687 941 767; x_wconf 90' lang='lat' dir='ltr'>habito,</span> <span class='ocrx_word' id='word_1_100' title='bbox 994 712 1076 755; x_wconf 91' lang='lat' dir='ltr'>ne</span> <span class='ocrx_word' id='word_1_101' title='bbox 1126 694 1319 756; x_wconf 88' lang='lat' dir='ltr'>verbo</span> <span class='ocrx_word' id='word_1_102' title='bbox 1366 693 1628 779; x_wconf 76' lang='lat' dir='ltr'>quidem</span> <span class='ocrx_word' id='word_1_103' title='bbox 1672 691 1920 756; x_wconf 86' lang='lat' dir='ltr'>violatis</span> <span class='ocrx_word' id='word_1_104' title='bbox 1976 690 2354 765; x_wconf 79' lang='lat' dir='ltr'>consulibuS,</span> <span class='ocrx_word' id='word_1_105' title='bbox 2399 688 2791 774; x_wconf 85' lang='lat' dir='ltr'>rogationem</span> <span class='ocrx_word' id='word_1_106' title='bbox 2804 702 2837 751; x_wconf 83' lang='lat'><strong>6</strong></span> 
     </span>
    </p>
   </div>
   <div class='ocr_carea' id='block_1_15' title="bbox 709 861 953 927">
    <p class='ocr_par' dir='ltr' id='par_1_16' title="bbox 709 861 953 927">
     <span class='ocr_line' id='line_1_25' title="bbox 709 861 953 927; baseline 0.012 -3"><span class='ocrx_word' id='word_1_107' title='bbox 709 861 953 927; x_wconf 88' lang='lat' dir='ltr'>fierent.</span> 
     </span>
    </p>
   </div>
   <div class='ocr_carea' id='block_1_16' title="bbox 709 950 2840 1385">
    <p class='ocr_par' dir='ltr' id='par_1_17' title="bbox 709 950 2840 1385">
     <span class='ocr_line' id='line_1_26' title="bbox 710 950 2840 1038; baseline -0 -26"><span class='ocrx_word' id='word_1_108' title='bbox 710 951 905 1013; x_wconf 88' lang='lat' dir='ltr'>atroci</span> <span class='ocrx_word' id='word_1_109' title='bbox 932 950 1284 1027; x_wconf 81' lang='lat' dir='ltr'>ferebatur3</span> <span class='ocrx_word' id='word_1_110' title='bbox 1330 952 1443 1015; x_wconf 88' lang='lat' dir='ltr'>sed</span> <span class='ocrx_word' id='word_1_111' title='bbox 1472 974 1635 1038; x_wconf 88' lang='lat' dir='ltr'>quae</span> <span class='ocrx_word' id='word_1_112' title='bbox 1665 951 1944 1038; x_wconf 85' lang='lat' dir='ltr'>patriciis</span> <span class='ocrx_word' id='word_1_113' title='bbox 1982 971 2236 1014; x_wconf 90' lang='lat' dir='ltr'>omnem</span> <span class='ocrx_word' id='word_1_114' title='bbox 2271 960 2654 1035; x_wconf 77' lang='lat' dir='ltr'>potestatem</span> <span class='ocrx_word' id='word_1_115' title='bbox 2683 964 2840 1033; x_wconf 78' lang='lat' dir='ltr'>pers</span> 
     </span>
     <span class='ocr_line' id='line_1_27' title="bbox 709 1033 2792 1126; baseline -0.001 -27"><span class='ocrx_word' id='word_1_116' title='bbox 709 1034 1036 1099; x_wconf 88' lang='lat' dir='ltr'>clientium</span> <span class='ocrx_word' id='word_1_117' title='bbox 1064 1038 1357 1124; x_wconf 86' lang='lat' dir='ltr'>suffragia</span> <span class='ocrx_word' id='word_1_118' title='bbox 1384 1038 1661 1114; x_wconf 90' lang='lat' dir='ltr'>creandi,</span> <span class='ocrx_word' id='word_1_119' title='bbox 1693 1060 1853 1126; x_wconf 89' lang='lat' dir='ltr'>quos</span> <span class='ocrx_word' id='word_1_120' title='bbox 1881 1036 2135 1113; x_wconf 89' lang='lat' dir='ltr'>vellent,</span> <span class='ocrx_word' id='word_1_121' title='bbox 2167 1036 2452 1099; x_wconf 86' lang='lat' dir='ltr'>tribunos</span> <span class='ocrx_word' id='word_1_122' title='bbox 2494 1033 2792 1098; x_wconf 81' lang='lat' dir='ltr'>auferret.</span> 
     </span>
     <span class='ocr_line' id='line_1_28' title="bbox 711 1120 2796 1212; baseline -0.001 -27"><span class='ocrx_word' id='word_1_123' title='bbox 711 1120 887 1186; x_wconf 88' lang='lat' dir='ltr'>Huic</span> <span class='ocrx_word' id='word_1_124' title='bbox 916 1123 1169 1202; x_wconf 86' lang='lat' dir='ltr'>actioni,</span> <span class='ocrx_word' id='word_1_125' title='bbox 1198 1125 1584 1212; x_wconf 82' lang='lat' dir='ltr'>gratissimae</span> <span class='ocrx_word' id='word_1_126' title='bbox 1613 1124 1804 1211; x_wconf 88' lang='lat' dir='ltr'>plebi,</span> <span class='ocrx_word' id='word_1_127' title='bbox 1837 1146 2036 1211; x_wconf 91' lang='lat' dir='ltr'>quum</span> <span class='ocrx_word' id='word_1_128' title='bbox 2065 1144 2311 1186; x_wconf 87' lang='lat' dir='ltr'>summa</span> <span class='ocrx_word' id='word_1_129' title='bbox 2335 1121 2400 1183; x_wconf 85' lang='lat' dir='ltr'>vi</span> <span class='ocrx_word' id='word_1_130' title='bbox 2428 1121 2796 1185; x_wconf 82' lang='lat' dir='ltr'>resisterent</span> 
     </span>
     <span class='ocr_line' id='line_1_29' title="bbox 710 1208 2798 1299; baseline -0.001 -27"><span class='ocrx_word' id='word_1_131' title='bbox 710 1208 969 1286; x_wconf 90' lang='lat' dir='ltr'>Patres;</span> <span class='ocrx_word' id='word_1_132' title='bbox 1014 1233 1154 1288; x_wconf 84' lang='lat' dir='ltr'>nec,</span> <span class='ocrx_word' id='word_1_133' title='bbox 1186 1234 1350 1299; x_wconf 84' lang='lat' dir='ltr'>quae</span> <span class='ocrx_word' id='word_1_134' title='bbox 1394 1234 1523 1275; x_wconf 87' lang='lat' dir='ltr'>una</span> <span class='ocrx_word' id='word_1_135' title='bbox 1563 1212 1656 1275; x_wconf 82' lang='lat' dir='ltr'>vis</span> <span class='ocrx_word' id='word_1_136' title='bbox 1699 1211 1781 1276; x_wconf 85' lang='lat' dir='ltr'>ad</span> <span class='ocrx_word' id='word_1_137' title='bbox 1823 1209 2242 1275; x_wconf 86' lang='lat' dir='ltr'>resistendum</span> <span class='ocrx_word' id='word_1_138' title='bbox 2285 1220 2438 1283; x_wconf 82' lang='lat' dir='ltr'>erat,</span> <span class='ocrx_word' id='word_1_139' title='bbox 2479 1220 2554 1270; x_wconf 92' lang='lat' dir='ltr'>ut</span> <span class='ocrx_word' id='word_1_140' title='bbox 2595 1208 2798 1270; x_wconf 80' lang='lat' dir='ltr'>inter-</span> 
     </span>
     <span class='ocr_line' id='line_1_30' title="bbox 712 1293 2798 1385; baseline -0.001 -26"><span class='ocrx_word' id='word_1_141' title='bbox 712 1295 985 1376; x_wconf 89' lang='lat' dir='ltr'>cederet,</span> <span class='ocrx_word' id='word_1_142' title='bbox 1031 1298 1257 1385; x_wconf 88' lang='lat' dir='ltr'>aliquis</span> <span class='ocrx_word' id='word_1_143' title='bbox 1300 1321 1382 1363; x_wconf 87' lang='lat' dir='ltr'>ex</span> <span class='ocrx_word' id='word_1_144' title='bbox 1426 1298 1716 1384; x_wconf 86' lang='lat' dir='ltr'>collegio.</span> <span class='ocrx_word' id='word_1_145' title='bbox 1735 1297 2104 1362; x_wconf 85' lang='lat' dir='ltr'>auctoritate</span> <span class='ocrx_word' id='word_1_146' title='bbox 2148 1309 2260 1359; x_wconf 83' lang='lat' dir='ltr'>aut</span> <span class='ocrx_word' id='word_1_147' title='bbox 2299 1293 2634 1359; x_wconf 89' lang='lat' dir='ltr'>consulum</span> <span class='ocrx_word' id='word_1_148' title='bbox 2685 1305 2798 1357; x_wconf 91' lang='lat' dir='ltr'>aut</span> 
     </span>
    </p>
   </div>
   <div class='ocr_carea' id='block_1_17' title="bbox 386 1381 2802 1903">
    <p class='ocr_par' dir='ltr' id='par_1_18' title="bbox 386 1381 2802 1903">
     <span class='ocr_line' id='line_1_31' title="bbox 646 1381 2306 1472; baseline 0 -27"><span class='ocrx_word' id='word_1_149' title='bbox 646 1440 651 1445; x_wconf 81' lang='grc'><strong>,</strong></span> <span class='ocrx_word' id='word_1_150' title='bbox 712 1382 1071 1471; x_wconf 83' lang='lat' dir='ltr'>principum</span> <span class='ocrx_word' id='word_1_151' title='bbox 1116 1384 1349 1450; x_wconf 85' lang='lat' dir='ltr'>adduci·</span> <span class='ocrx_word' id='word_1_152' title='bbox 1393 1397 1638 1472; x_wconf 85' lang='lat' dir='ltr'>posset3</span> <span class='ocrx_word' id='word_1_153' title='bbox 1693 1406 1792 1448; x_wconf 88' lang='lat' dir='ltr'>res</span> <span class='ocrx_word' id='word_1_154' title='bbox 1839 1398 2071 1459; x_wconf 88' lang='lat' dir='ltr'>tamen,</span> <span class='ocrx_word' id='word_1_155' title='bbox 2119 1404 2233 1446; x_wconf 89' lang='lat' dir='ltr'>suo</span> <span class='ocrx_word' id='word_1_156' title='bbox 2283 1381 2306 1444; x_wconf 91' lang='lat' dir='ltr'>i</span> 
     </span>
     <span class='ocr_line' id='line_1_32' title="bbox 392 1468 2210 1556; baseline 0.001 -26"><span class='ocrx_word' id='word_1_157' title='bbox 392 1482 457 1531; x_wconf 90' lang='lat' dir='ltr'>U.</span> <span class='ocrx_word' id='word_1_158' title='bbox 481 1483 541 1532; x_wconf 84' lang='lat' dir='ltr'>c.</span> <span class='ocrx_word' id='word_1_159' title='bbox 566 1484 673 1545; x_wconf 78' lang='lat'><strong>283.</strong></span> <span class='ocrx_word' id='word_1_160' title='bbox 711 1470 933 1556; x_wconf 80' lang='lat' dir='ltr'>graviS,</span> <span class='ocrx_word' id='word_1_161' title='bbox 970 1472 1416 1535; x_wconf 81' lang='lat' dir='ltr'>certaminibus</span> <span class='ocrx_word' id='word_1_162' title='bbox 1456 1472 1524 1535; x_wconf 92' lang='lat' dir='ltr'>in</span> <span class='ocrx_word' id='word_1_163' title='bbox 1564 1493 1801 1535; x_wconf 88' lang='lat' dir='ltr'>annum</span> <span class='ocrx_word' id='word_1_164' title='bbox 1843 1468 2210 1535; x_wconf 88' lang='lat' dir='ltr'>extrahitur.</span> 
     </span>
     <span class='ocr_line' id='line_1_33' title="bbox 386 1545 2802 1633; baseline -0.001 -14"><span class='ocrx_word' id='word_1_165' title='bbox 386 1547 447 1596; x_wconf 80' lang='lat' dir='ltr'>A.</span> <span class='ocrx_word' id='word_1_166' title='bbox 482 1548 540 1595; x_wconf 78' lang='lat'>0·</span> <span class='ocrx_word' id='word_1_167' title='bbox 563 1545 674 1611; x_wconf 85' lang='lat'><strong>4⁶9·</strong></span> <span class='ocrx_word' id='word_1_168' title='bbox 712 1578 861 1619; x_wconf 90' lang='lat' dir='ltr'>nem</span> <span class='ocrx_word' id='word_1_169' title='bbox 914 1558 1237 1621; x_wconf 89' lang='lat' dir='ltr'>tribunum</span> <span class='ocrx_word' id='word_1_170' title='bbox 1284 1556 1528 1622; x_wconf 86' lang='lat' dir='ltr'>reficit:</span> <span class='ocrx_word' id='word_1_171' title='bbox 1595 1557 1834 1633; x_wconf 66' lang='lat' dir='ltr'>Patres»,</span> <span class='ocrx_word' id='word_1_172' title='bbox 1885 1556 1968 1620; x_wconf 83' lang='lat' dir='ltr'>ad</span> <span class='ocrx_word' id='word_1_173' title='bbox 2025 1555 2320 1619; x_wconf 89' lang='lat' dir='ltr'>ultimum</span> <span class='ocrx_word' id='word_1_174' title='bbox 2369 1552 2802 1617; x_wconf 81' lang='lat' dir='ltr'>dimicationis</span> 
     </span>
     <span class='ocr_line' id='line_1_34' title="bbox 710 1640 2798 1731; baseline -0.001 -27"><span class='ocrx_word' id='word_1_175' title='bbox 710 1642 829 1705; x_wconf 87' lang='lat' dir='ltr'>rati</span> <span class='ocrx_word' id='word_1_176' title='bbox 872 1664 1005 1706; x_wconf 89' lang='lat' dir='ltr'>rem</span> <span class='ocrx_word' id='word_1_177' title='bbox 1044 1657 1394 1720; x_wconf 87' lang='lat' dir='ltr'>venturam,</span> <span class='ocrx_word' id='word_1_178' title='bbox 1429 1644 1555 1731; x_wconf 90' lang='lat' dir='ltr'>Ap.</span> <span class='ocrx_word' id='word_1_179' title='bbox 1581 1642 1946 1720; x_wconf 86' lang='lat' dir='ltr'>Claudium,</span> <span class='ocrx_word' id='word_1_180' title='bbox 1976 1642 2172 1729; x_wconf 90' lang='lat' dir='ltr'>Appii</span> <span class='ocrx_word' id='word_1_181' title='bbox 2215 1641 2434 1716; x_wconf 85' lang='lat' dir='ltr'>filium,</span> <span class='ocrx_word' id='word_1_182' title='bbox 2464 1640 2592 1703; x_wconf 91' lang='lat' dir='ltr'>iam</span> <span class='ocrx_word' id='word_1_183' title='bbox 2636 1640 2798 1703; x_wconf 89' lang='lat' dir='ltr'>inde</span> 
     </span>
     <span class='ocr_line' id='line_1_35' title="bbox 389 1726 2802 1815; baseline 0.002 -30"><span class='ocrx_word' id='word_1_184' title='bbox 389 1738 625 1793; x_wconf 79' lang='lat' dir='ltr'>Quinctio</span> <span class='ocrx_word' id='word_1_185' title='bbox 710 1750 749 1791; x_wconf 90' lang='lat' dir='ltr'>a</span> <span class='ocrx_word' id='word_1_186' title='bbox 838 1728 1071 1793; x_wconf 89' lang='lat' dir='ltr'>aternis</span> <span class='ocrx_word' id='word_1_187' title='bbox 1116 1730 1562 1795; x_wconf 86' lang='lat' dir='ltr'>certaminibus</span> <span class='ocrx_word' id='word_1_188' title='bbox 1612 1730 1884 1794; x_wconf 84' lang='lat' dir='ltr'>invisum</span> <span class='ocrx_word' id='word_1_189' title='bbox 1930 1728 2354 1815; x_wconf 87' lang='lat' dir='ltr'>infestumque</span> <span class='ocrx_word' id='word_1_190' title='bbox 2398 1726 2587 1813; x_wconf 91' lang='lat' dir='ltr'>plebi,</span> <span class='ocrx_word' id='word_1_191' title='bbox 2636 1749 2802 1790; x_wconf 90' lang='lat' dir='ltr'>con-</span> 
     </span>
     <span class='ocr_line' id='line_1_36' title="bbox 1288 1814 2353 1903; baseline -0.003 -23"><span class='ocrx_word' id='word_1_192' title='bbox 1288 1814 1555 1903; x_wconf 87' lang='lat' dir='ltr'>Collega</span> <span class='ocrx_word' id='word_1_193' title='bbox 1583 1818 1643 1880; x_wconf 90' lang='lat' dir='ltr'>ei</span> <span class='ocrx_word' id='word_1_194' title='bbox 1672 1817 1750 1881; x_wconf 91' lang='lat' dir='ltr'>T.</span> <span class='ocrx_word' id='word_1_195' title='bbox 1770 1816 2124 1892; x_wconf 82' lang='lat' dir='ltr'>&#39;Quinctius</span> <span class='ocrx_word' id='word_1_196' title='bbox 2151 1814 2353 1879; x_wconf 88' lang='lat' dir='ltr'>datur.</span> 
     </span>
    </p>
   </div>
   <div class='ocr_carea' id='block_1_18' title="bbox 710 1814 1192 1880">
    <p class='ocr_par' dir='ltr' id='par_1_19' title="bbox 710 1814 1192 1880">
     <span class='ocr_line' id='line_1_37' title="bbox 710 1814 1192 1880; baseline 0.006 -3"><span class='ocrx_word' id='word_1_197' title='bbox 710 1834 741 1877; x_wconf 87' lang='lat' dir='ltr'>s</span> <span class='ocrx_word' id='word_1_198' title='bbox 808 1835 910 1878; x_wconf 89' lang='lat' dir='ltr'>em</span> <span class='ocrx_word' id='word_1_199' title='bbox 938 1814 1192 1880; x_wconf 80' lang='lat' dir='ltr'>faciunt.</span> 
     </span>
    </p>
   </div>
   <div class='ocr_carea' id='block_1_19' title="bbox 2359 1380 2844 1532">
    <p class='ocr_par' dir='ltr' id='par_1_20' title="bbox 2359 1380 2844 1532">
     <span class='ocr_line' id='line_1_38' title="bbox 2464 1380 2844 1450; baseline 0 -7"><span class='ocrx_word' id='word_1_200' title='bbox 2464 1380 2796 1443; x_wconf 87' lang='lat' dir='ltr'>molimine</span> <span class='ocrx_word' id='word_1_201' title='bbox 2812 1404 2844 1450; x_wconf 89' lang='lat'>9</span> 
     </span>
     <span class='ocr_line' id='line_1_39' title="bbox 2359 1466 2800 1532; baseline -0.002 -1"><span class='ocrx_word' id='word_1_202' title='bbox 2359 1467 2490 1532; x_wconf 87' lang='lat' dir='ltr'>lebs</span> <span class='ocrx_word' id='word_1_203' title='bbox 2521 1466 2800 1530; x_wconf 87' lang='lat' dir='ltr'>Volero—-</span> 
     </span>
    </p>
   </div>
   <div class='ocr_carea' id='block_1_20' title="bbox 794 1899 2795 2001">
    <p class='ocr_par' dir='ltr' id='par_1_21' title="bbox 794 1899 2795 2001">
     <span class='ocr_line' id='line_1_40' title="bbox 794 1899 2795 2001; baseline 0 -38"><span class='ocrx_word' id='word_1_204' title='bbox 794 1899 1121 2001; x_wconf 81' lang='lat' dir='ltr'>Principio</span> <span class='ocrx_word' id='word_1_205' title='bbox 1150 1903 1359 1966; x_wconf 89' lang='lat' dir='ltr'>statim</span> <span class='ocrx_word' id='word_1_206' title='bbox 1388 1903 1542 1965; x_wconf 88' lang='lat' dir='ltr'>anni</span> <span class='ocrx_word' id='word_1_207' title='bbox 1563 1902 1724 1966; x_wconf 90' lang='lat' dir='ltr'>nihil</span> <span class='ocrx_word' id='word_1_208' title='bbox 1746 1904 1938 1991; x_wconf 76' lang='lat' dir='ltr'>priuS,</span> <span class='ocrx_word' id='word_1_209' title='bbox 2010 1924 2154 1966; x_wconf 84' lang='lat' dir='ltr'>uam</span> <span class='ocrx_word' id='word_1_210' title='bbox 2177 1901 2256 1966; x_wconf 91' lang='lat' dir='ltr'>de</span> <span class='ocrx_word' id='word_1_211' title='bbox 2281 1901 2441 1987; x_wconf 82' lang='lat' dir='ltr'>lege,</span> <span class='ocrx_word' id='word_1_212' title='bbox 2464 1900 2795 1987; x_wconf 83' lang='lat' dir='ltr'>agebatur.</span> 
     </span>
    </p>
   </div>
   <div class='ocr_carea' id='block_1_21' title="bbox 2017 1986 2798 2073">
    <p class='ocr_par' dir='ltr' id='par_1_22' title="bbox 2017 1986 2798 2073">
     <span class='ocr_line' id='line_1_41' title="bbox 2017 1986 2798 2073; baseline -0.005 -20"><span class='ocrx_word' id='word_1_213' title='bbox 2017 1988 2306 2065; x_wconf 82' lang='lat' dir='ltr'>aetoriuS,</span> <span class='ocrx_word' id='word_1_214' title='bbox 2345 1986 2584 2073; x_wconf 83' lang='lat' dir='ltr'>collega</span> <span class='ocrx_word' id='word_1_215' title='bbox 2625 1986 2798 2063; x_wconf 87' lang='lat' dir='ltr'>eius,</span> 
     </span>
    </p>
   </div>
   <div class='ocr_carea' id='block_1_22' title="bbox 708 2159 2804 2396">
    <p class='ocr_par' dir='ltr' id='par_1_23' title="bbox 708 2159 2804 2396">
     <span class='ocr_line' id='line_1_42' title="bbox 712 2159 2804 2252; baseline -0.001 -28"><span class='ocrx_word' id='word_1_216' title='bbox 712 2159 859 2224; x_wconf 91' lang='lat' dir='ltr'>belli</span> <span class='ocrx_word' id='word_1_217' title='bbox 886 2159 1087 2247; x_wconf 84' lang='lat' dir='ltr'>gloria</span> <span class='ocrx_word' id='word_1_218' title='bbox 1113 2162 1373 2248; x_wconf 83' lang='lat' dir='ltr'>ingens3</span> <span class='ocrx_word' id='word_1_219' title='bbox 1407 2163 1580 2248; x_wconf 91' lang='lat' dir='ltr'>quod</span> <span class='ocrx_word' id='word_1_220' title='bbox 1611 2164 1830 2227; x_wconf 84' lang='lat' dir='ltr'>aetatis</span> <span class='ocrx_word' id='word_1_221' title='bbox 1863 2162 2002 2226; x_wconf 89' lang='lat' dir='ltr'>eius</span> <span class='ocrx_word' id='word_1_222' title='bbox 2029 2161 2203 2226; x_wconf 85' lang='lat' dir='ltr'>haud</span> <span class='ocrx_word' id='word_1_223' title='bbox 2231 2161 2561 2252; x_wconf 83' lang='lat' dir='ltr'>quisquam</span> <span class='ocrx_word' id='word_1_224' title='bbox 2591 2180 2804 2223; x_wconf 86' lang='lat' dir='ltr'>manu</span> 
     </span>
     <span class='ocr_line' id='line_1_43' title="bbox 708 2246 2802 2396; baseline 0 -85"><span class='ocrx_word' id='word_1_225' title='bbox 708 2262 889 2396; x_wconf 73' lang='lat' dir='ltr'>prom</span> <span class='ocrx_word' id='word_1_226' title='bbox 936 2247 1060 2312; x_wconf 88' lang='lat' dir='ltr'>tior</span> <span class='ocrx_word' id='word_1_227' title='bbox 1105 2263 1255 2313; x_wconf 88' lang='lat' dir='ltr'>erat.</span> <span class='ocrx_word' id='word_1_228' title='bbox 1346 2248 1430 2327; x_wconf 81' lang='lat' dir='ltr'>Is,</span> <span class='ocrx_word' id='word_1_229' title='bbox 1476 2272 1676 2335; x_wconf 89' lang='lat' dir='ltr'>quum</span> <span class='ocrx_word' id='word_1_230' title='bbox 1708 2248 1946 2315; x_wconf 87' lang='lat' dir='ltr'>Volero</span> <span class='ocrx_word' id='word_1_231' title='bbox 1991 2248 2170 2325; x_wconf 87' lang='lat' dir='ltr'>nihil,</span> <span class='ocrx_word' id='word_1_232' title='bbox 2219 2260 2654 2344; x_wconf 78' lang='lat' dir='ltr'>praeterquam</span> <span class='ocrx_word' id='word_1_233' title='bbox 2711 2246 2802 2346; x_wconf 64' lang='lat' dir='ltr'>(ie</span> 
     </span>
    </p>
   </div>
   <div class='ocr_carea' id='block_1_23' title="bbox 734 2356 868 2419">
    <p class='ocr_par' dir='ltr' id='par_1_24' title="bbox 734 2356 868 2419">
     <span class='ocr_line' id='line_1_44' title="bbox 734 2356 868 2419; baseline 0 -23"><span class='ocrx_word' id='word_1_234' title='bbox 734 2356 868 2419; x_wconf 87' lang='lat' dir='ltr'>ege,</span> 
     </span>
    </p>
   </div>
   <div class='ocr_carea' id='block_1_24' title="bbox 931 2334 2804 2421">
    <p class='ocr_par' dir='ltr' id='par_1_25' title="bbox 931 2334 2804 2421">
     <span class='ocr_line' id='line_1_45' title="bbox 931 2334 2804 2421; baseline -0.001 -23"><span class='ocrx_word' id='word_1_235' title='bbox 931 2348 1289 2420; x_wconf 87' lang='lat' dir='ltr'>oqueretur,</span> <span class='ocrx_word' id='word_1_236' title='bbox 1336 2336 1748 2401; x_wconf 87' lang='lat' dir='ltr'>insectatione</span> <span class='ocrx_word' id='word_1_237' title='bbox 1793 2336 2114 2401; x_wconf 82' lang='lat' dir='ltr'>abstinens</span> <span class='ocrx_word' id='word_1_238' title='bbox 2153 2334 2504 2411; x_wconf 89' lang='lat' dir='ltr'>consulum,</span> <span class='ocrx_word' id='word_1_239' title='bbox 2542 2355 2682 2421; x_wconf 78' lang='lat' dir='ltr'>lpse</span> <span class='ocrx_word' id='word_1_240' title='bbox 2727 2356 2804 2397; x_wconf 87' lang='lat' dir='ltr'>m</span> 
     </span>
    </p>
   </div>
   <div class='ocr_carea' id='block_1_25' title="bbox 705 2418 2806 2561">
    <p class='ocr_par' dir='ltr' id='par_1_26' title="bbox 705 2418 2806 2561">
     <span class='ocr_line' id='line_1_46' title="bbox 705 2418 2806 2509; baseline -0.001 -24"><span class='ocrx_word' id='word_1_241' title='bbox 705 2422 1169 2486; x_wconf 83' lang='lat' dir='ltr'>accusationem</span> <span class='ocrx_word' id='word_1_242' title='bbox 1216 2422 1435 2509; x_wconf 90' lang='lat' dir='ltr'>Appii,</span> <span class='ocrx_word' id='word_1_243' title='bbox 1481 2422 1880 2508; x_wconf 85' lang='lat' dir='ltr'>familiaeque</span> <span class='ocrx_word' id='word_1_244' title='bbox 1925 2422 2399 2508; x_wconf 83' lang='lat' dir='ltr'>superbissimae</span> <span class='ocrx_word' id='word_1_245' title='bbox 2443 2442 2516 2484; x_wconf 86' lang='lat' dir='ltr'>ac</span> <span class='ocrx_word' id='word_1_246' title='bbox 2561 2418 2806 2484; x_wconf 86' lang='lat' dir='ltr'>crude-</span> 
     </span>
     <span class='ocr_line' id='line_1_47' title="bbox 798 2526 2022 2561; baseline -0.001 1"><span class='ocrx_word' id='word_1_247' title='bbox 798 2526 811 2546; x_wconf 66' lang='lat'><em>¹</em></span> <span class='ocrx_word' id='word_1_248' title='bbox 2002 2536 2022 2561; x_wconf 73' lang='lat'>0</span> 
     </span>
    </p>
   </div>
   <div class='ocr_carea' id='block_1_26' title="bbox 706 2616 1723 4410">
    <p class='ocr_par' dir='ltr' id='par_1_27' title="bbox 708 2616 1720 2933">
     <span class='ocr_line' id='line_1_48' title="bbox 710 2616 1716 2679; baseline 0 -14"><span class='ocrx_word' id='word_1_249' title='bbox 710 2616 903 2666; x_wconf 87' lang='lat' dir='ltr'>mutuit.</span> <span class='ocrx_word' id='word_1_250' title='bbox 971 2617 1069 2666; x_wconf 88' lang='lat' dir='ltr'>Sed</span> <span class='ocrx_word' id='word_1_251' title='bbox 1094 2617 1365 2666; x_wconf 81' lang='lat' dir='ltr'>Niebuhr-io</span> <span class='ocrx_word' id='word_1_252' title='bbox 1399 2619 1564 2679; x_wconf 82' lang='lat' dir='ltr'>placet</span> <span class='ocrx_word' id='word_1_253' title='bbox 1594 2617 1641 2665; x_wconf 89' lang='lat' dir='ltr'>ii.</span> <span class='ocrx_word' id='word_1_254' title='bbox 1669 2633 1716 2679; x_wconf 88' lang='lat' dir='ltr'>p.</span> 
     </span>
     <span class='ocr_line' id='line_1_49' title="bbox 716 2682 1716 2746; baseline -0.003 -15"><span class='ocrx_word' id='word_1_255' title='bbox 716 2684 819 2746; x_wconf 84' lang='lat'>189.</span> <span class='ocrx_word' id='word_1_256' title='bbox 843 2682 937 2729; x_wconf 91' lang='lat' dir='ltr'>hoc</span> <span class='ocrx_word' id='word_1_257' title='bbox 970 2697 1170 2730; x_wconf 84' lang='lat' dir='ltr'>munere</span> <span class='ocrx_word' id='word_1_258' title='bbox 1202 2688 1365 2744; x_wconf 82' lang='lat' dir='ltr'>patres</span> <span class='ocrx_word' id='word_1_259' title='bbox 1388 2696 1441 2729; x_wconf 82' lang='lat' dir='ltr'>se</span> <span class='ocrx_word' id='word_1_260' title='bbox 1462 2682 1562 2729; x_wconf 84' lang='lat' dir='ltr'>iam</span> <span class='ocrx_word' id='word_1_261' title='bbox 1585 2682 1716 2730; x_wconf 87' lang='lat' dir='ltr'>abdi-</span> 
     </span>
     <span class='ocr_line' id='line_1_50' title="bbox 710 2745 1718 2806; baseline -0.002 -11"><span class='ocrx_word' id='word_1_262' title='bbox 710 2762 843 2795; x_wconf 79' lang='lat' dir='ltr'>casse</span> <span class='ocrx_word' id='word_1_263' title='bbox 864 2762 923 2793; x_wconf 82' lang='lat' dir='ltr'>ea</span> <span class='ocrx_word' id='word_1_264' title='bbox 944 2745 1129 2793; x_wconf 75' lang='lat' dir='ltr'>scilicet</span> <span class='ocrx_word' id='word_1_265' title='bbox 1150 2746 1443 2803; x_wconf 82' lang='lat' dir='ltr'>conditione,</span> <span class='ocrx_word' id='word_1_266' title='bbox 1464 2752 1522 2793; x_wconf 86' lang='lat' dir='ltr'>ut</span> <span class='ocrx_word' id='word_1_267' title='bbox 1549 2745 1718 2806; x_wconf 83' lang='lat' dir='ltr'>utique</span> 
     </span>
     <span class='ocr_line' id='line_1_51' title="bbox 708 2807 1720 2870; baseline 0 -13"><span class='ocrx_word' id='word_1_268' title='bbox 708 2824 862 2857; x_wconf 89' lang='lat' dir='ltr'>unum</span> <span class='ocrx_word' id='word_1_269' title='bbox 896 2810 1145 2857; x_wconf 85' lang='lat' dir='ltr'>consulem</span> <span class='ocrx_word' id='word_1_270' title='bbox 1172 2807 1263 2870; x_wconf 84' lang='lat' dir='ltr'>ipsi</span> <span class='ocrx_word' id='word_1_271' title='bbox 1296 2809 1491 2857; x_wconf 80' lang='lat' dir='ltr'>arbitrio</span> <span class='ocrx_word' id='word_1_272' title='bbox 1515 2824 1601 2857; x_wconf 83' lang='lat' dir='ltr'>suo</span> <span class='ocrx_word' id='word_1_273' title='bbox 1623 2825 1720 2857; x_wconf 83' lang='lat' dir='ltr'>cre-</span> 
     </span>
     <span class='ocr_line' id='line_1_52' title="bbox 708 2879 1124 2933; baseline -0.005 -11"><span class='ocrx_word' id='word_1_274' title='bbox 708 2879 861 2922; x_wconf 78' lang='lat' dir='ltr'>arent.</span> <span class='ocrx_word' id='word_1_275' title='bbox 894 2888 1024 2933; x_wconf 84' lang='lat' dir='ltr'>supr.</span> <span class='ocrx_word' id='word_1_276' title='bbox 1047 2886 1124 2933; x_wconf 76' lang='lat'>4²·</span> 
     </span>
    </p>

    <p class='ocr_par' dir='ltr' id='par_1_28' title="bbox 710 2935 1723 3255">
     <span class='ocr_line' id='line_1_53' title="bbox 784 2935 1723 2997; baseline -0.002 -12"><span class='ocrx_word' id='word_1_277' title='bbox 784 2949 811 2997; x_wconf 86' lang='lat'>5</span> <span class='ocrx_word' id='word_1_278' title='bbox 853 2938 1239 2995; x_wconf 71' lang='lat' dir='ltr'>Per-missurum]</span> <span class='ocrx_word' id='word_1_279' title='bbox 1308 2935 1514 2984; x_wconf 85' lang='lat' dir='ltr'>Locutio</span> <span class='ocrx_word' id='word_1_280' title='bbox 1557 2938 1621 2984; x_wconf 80' lang='lat' dir='ltr'>ab</span> <span class='ocrx_word' id='word_1_281' title='bbox 1663 2936 1723 2983; x_wconf 77' lang='lat' dir='ltr'>iis</span> 
     </span>
     <span class='ocr_line' id='line_1_54' title="bbox 710 2999 1712 3060; baseline 0.001 -13"><span class='ocrx_word' id='word_1_282' title='bbox 710 3000 846 3047; x_wconf 82' lang='lat' dir='ltr'>ducti</span> <span class='ocrx_word' id='word_1_283' title='bbox 899 2999 981 3060; x_wconf 88' lang='lat' dir='ltr'>qui</span> <span class='ocrx_word' id='word_1_284' title='bbox 1036 2999 1171 3060; x_wconf 78' lang='lat' dir='ltr'>equis</span> <span class='ocrx_word' id='word_1_285' title='bbox 1222 2999 1359 3047; x_wconf 79' lang='lat' dir='ltr'>frena</span> <span class='ocrx_word' id='word_1_286' title='bbox 1408 2999 1712 3049; x_wconf 85' lang='lat' dir='ltr'>immittunt:</span> 
     </span>
     <span class='ocr_line' id='line_1_55' title="bbox 710 3064 1717 3125; baseline 0 -14"><span class='ocrx_word' id='word_1_287' title='bbox 710 3064 827 3111; x_wconf 88' lang='lat' dir='ltr'>hinc</span> <span class='ocrx_word' id='word_1_288' title='bbox 858 3065 1139 3125; x_wconf 73' lang='lat' dir='ltr'>permittere</span> <span class='ocrx_word' id='word_1_289' title='bbox 1170 3064 1473 3112; x_wconf 70' lang='lat' dir='ltr'>tribunatum</span> <span class='ocrx_word' id='word_1_290' title='bbox 1505 3064 1717 3111; x_wconf 84' lang='lat' dir='ltr'>tribuna-</span> 
     </span>
     <span class='ocr_line' id='line_1_56' title="bbox 711 3126 1718 3177; baseline 0 -1"><span class='ocrx_word' id='word_1_291' title='bbox 711 3127 783 3176; x_wconf 82' lang='lat' dir='ltr'>tui</span> <span class='ocrx_word' id='word_1_292' title='bbox 812 3129 948 3177; x_wconf 78' lang='lat' dir='ltr'>frena</span> <span class='ocrx_word' id='word_1_293' title='bbox 978 3126 1144 3176; x_wconf 78' lang='lat' dir='ltr'>laxare</span> <span class='ocrx_word' id='word_1_294' title='bbox 1176 3132 1227 3175; x_wconf 91' lang='lat' dir='ltr'>et</span> <span class='ocrx_word' id='word_1_295' title='bbox 1254 3128 1317 3175; x_wconf 84' lang='lat' dir='ltr'>ad</span> <span class='ocrx_word' id='word_1_296' title='bbox 1342 3128 1586 3177; x_wconf 77' lang='lat' dir='ltr'>vexandos</span> <span class='ocrx_word' id='word_1_297' title='bbox 1609 3143 1718 3176; x_wconf 91' lang='lat' dir='ltr'>con—</span> 
     </span>
     <span class='ocr_line' id='line_1_57' title="bbox 710 3190 1526 3255; baseline 0 -14"><span class='ocrx_word' id='word_1_298' title='bbox 710 3193 841 3243; x_wconf 78' lang='lat' dir='ltr'>sules</span> <span class='ocrx_word' id='word_1_299' title='bbox 862 3197 1103 3254; x_wconf 78' lang='lat' dir='ltr'>potestate</span> <span class='ocrx_word' id='word_1_300' title='bbox 1122 3190 1418 3255; x_wconf 80' lang='lat' dir='ltr'>impotenter</span> <span class='ocrx_word' id='word_1_301' title='bbox 1440 3190 1526 3241; x_wconf 80' lang='lat' dir='ltr'>uti.</span> 
     </span>
    </p>

    <p class='ocr_par' dir='ltr' id='par_1_29' title="bbox 710 3256 1718 3705">
     <span class='ocr_line' id='line_1_58' title="bbox 776 3256 1717 3319; baseline -0.003 -12"><span class='ocrx_word' id='word_1_302' title='bbox 776 3256 807 3307; x_wconf 93' lang='lat'><strong>6</strong></span> <span class='ocrx_word' id='word_1_303' title='bbox 838 3259 1175 3318; x_wconf 70' lang='lat' dir='ltr'>Royationem]</span> <span class='ocrx_word' id='word_1_304' title='bbox 1231 3257 1377 3313; x_wconf 80' lang='lat' dir='ltr'>Quae</span> <span class='ocrx_word' id='word_1_305' title='bbox 1410 3264 1580 3319; x_wconf 79' lang='lat' dir='ltr'>postea</span> <span class='ocrx_word' id='word_1_306' title='bbox 1613 3257 1717 3306; x_wconf 87' lang='lat' dir='ltr'>Lex</span> 
     </span>
     <span class='ocr_line' id='line_1_59' title="bbox 714 3320 1718 3382; baseline 0 -13"><span class='ocrx_word' id='word_1_307' title='bbox 714 3320 939 3369; x_wconf 77' lang='lat' dir='ltr'>Laetoria</span> <span class='ocrx_word' id='word_1_308' title='bbox 961 3320 1092 3368; x_wconf 86' lang='lat' dir='ltr'>dicta</span> <span class='ocrx_word' id='word_1_309' title='bbox 1114 3328 1203 3381; x_wconf 83' lang='lat' dir='ltr'>est,</span> <span class='ocrx_word' id='word_1_310' title='bbox 1221 3337 1317 3382; x_wconf 88' lang='lat' dir='ltr'>qua</span> <span class='ocrx_word' id='word_1_311' title='bbox 1334 3327 1531 3369; x_wconf 88' lang='lat' dir='ltr'>cautum</span> <span class='ocrx_word' id='word_1_312' title='bbox 1557 3328 1647 3380; x_wconf 87' lang='lat' dir='ltr'>est,</span> <span class='ocrx_word' id='word_1_313' title='bbox 1663 3327 1718 3369; x_wconf 84' lang='lat' dir='ltr'>ut</span> 
     </span>
     <span class='ocr_line' id='line_1_60' title="bbox 712 3386 1718 3455; baseline -0.001 -22"><span class='ocrx_word' id='word_1_314' title='bbox 712 3386 890 3455; x_wconf 61' lang='lat' dir='ltr'>plebeii</span> <span class='ocrx_word' id='word_1_315' title='bbox 898 3386 1202 3447; x_wconf 82' lang='lat' dir='ltr'>magistratus</span> <span class='ocrx_word' id='word_1_316' title='bbox 1210 3386 1416 3444; x_wconf 86' lang='lat' dir='ltr'>tributis,</span> <span class='ocrx_word' id='word_1_317' title='bbox 1424 3402 1487 3434; x_wconf 83' lang='lat' dir='ltr'>sc.</span> <span class='ocrx_word' id='word_1_318' title='bbox 1500 3386 1718 3447; x_wconf 83' lang='lat' dir='ltr'>plebeiis,</span> 
     </span>
     <span class='ocr_line' id='line_1_61' title="bbox 712 3448 1716 3511; baseline 0 -14"><span class='ocrx_word' id='word_1_319' title='bbox 712 3448 919 3497; x_wconf 87' lang='lat' dir='ltr'>comitiis</span> <span class='ocrx_word' id='word_1_320' title='bbox 950 3450 1136 3497; x_wconf 87' lang='lat' dir='ltr'>fierent.</span> <span class='ocrx_word' id='word_1_321' title='bbox 1204 3450 1367 3509; x_wconf 79' lang='lat' dir='ltr'>Antea</span> <span class='ocrx_word' id='word_1_322' title='bbox 1402 3450 1600 3511; x_wconf 88' lang='lat' dir='ltr'>quidem</span> <span class='ocrx_word' id='word_1_323' title='bbox 1639 3466 1716 3497; x_wconf 89' lang='lat' dir='ltr'>co-</span> 
     </span>
     <span class='ocr_line' id='line_1_62' title="bbox 712 3512 1715 3574; baseline 0.002 -14"><span class='ocrx_word' id='word_1_324' title='bbox 712 3512 861 3561; x_wconf 85' lang='lat' dir='ltr'>mitiis</span> <span class='ocrx_word' id='word_1_325' title='bbox 897 3512 1176 3562; x_wconf 84' lang='lat' dir='ltr'>centuriatis</span> <span class='ocrx_word' id='word_1_326' title='bbox 1211 3514 1408 3574; x_wconf 85' lang='lat' dir='ltr'>fiebant,</span> <span class='ocrx_word' id='word_1_327' title='bbox 1445 3514 1492 3562; x_wconf 89' lang='lat' dir='ltr'>N</span> <span class='ocrx_word' id='word_1_328' title='bbox 1498 3514 1648 3561; x_wconf 88' lang='lat' dir='ltr'>iebhr.</span> <span class='ocrx_word' id='word_1_329' title='bbox 1683 3513 1715 3562; x_wconf 91' lang='lat' dir='ltr'>i.</span> 
     </span>
     <span class='ocr_line' id='line_1_63' title="bbox 712 3576 1717 3643; baseline 0 -18"><span class='ocrx_word' id='word_1_330' title='bbox 712 3593 759 3643; x_wconf 87' lang='lat' dir='ltr'>p.</span> <span class='ocrx_word' id='word_1_331' title='bbox 784 3576 894 3625; x_wconf 88' lang='lat'><strong>608.</strong></span> <span class='ocrx_word' id='word_1_332' title='bbox 930 3577 1183 3625; x_wconf 83' lang='lat' dir='ltr'>Wachsm.</span> <span class='ocrx_word' id='word_1_333' title='bbox 1215 3593 1263 3640; x_wconf 88' lang='lat' dir='ltr'>p.</span> <span class='ocrx_word' id='word_1_334' title='bbox 1288 3577 1395 3627; x_wconf 82' lang='lat'>286.</span> <span class='ocrx_word' id='word_1_335' title='bbox 1431 3584 1482 3626; x_wconf 88' lang='lat' dir='ltr'>et</span> <span class='ocrx_word' id='word_1_336' title='bbox 1513 3578 1717 3626; x_wconf 84' lang='lat' dir='ltr'>auctori-</span> 
     </span>
     <span class='ocr_line' id='line_1_64' title="bbox 710 3644 1457 3705; baseline 0.003 -16"><span class='ocrx_word' id='word_1_337' title='bbox 710 3646 814 3689; x_wconf 78' lang='lat' dir='ltr'>tate</span> <span class='ocrx_word' id='word_1_338' title='bbox 834 3646 1027 3703; x_wconf 78' lang='lat' dir='ltr'>patrum</span> <span class='ocrx_word' id='word_1_339' title='bbox 1048 3644 1457 3705; x_wconf 82' lang='lat' dir='ltr'>approbabantur.</span> 
     </span>
    </p>

    <p class='ocr_par' dir='ltr' id='par_1_30' title="bbox 706 3707 1718 4410">
     <span class='ocr_line' id='line_1_65' title="bbox 779 3707 1716 3767; baseline 0.001 -14"><span class='ocrx_word' id='word_1_340' title='bbox 779 3720 805 3766; x_wconf 88' lang='lat'>7</span> <span class='ocrx_word' id='word_1_341' title='bbox 838 3707 995 3754; x_wconf 81' lang='lat' dir='ltr'>Haud</span> <span class='ocrx_word' id='word_1_342' title='bbox 1008 3722 1171 3767; x_wconf 76' lang='lat' dir='ltr'>parva</span> <span class='ocrx_word' id='word_1_343' title='bbox 1191 3708 1292 3765; x_wconf 70' lang='lat' dir='ltr'>res]</span> <span class='ocrx_word' id='word_1_344' title='bbox 1344 3707 1487 3755; x_wconf 85' lang='lat' dir='ltr'>Haec</span> <span class='ocrx_word' id='word_1_345' title='bbox 1519 3722 1616 3755; x_wconf 87' lang='lat' dir='ltr'>non</span> <span class='ocrx_word' id='word_1_346' title='bbox 1649 3707 1716 3754; x_wconf 79' lang='lat' dir='ltr'>fa-</span> 
     </span>
     <span class='ocr_line' id='line_1_66' title="bbox 710 3769 1718 3832; baseline 0.002 -16"><span class='ocrx_word' id='word_1_347' title='bbox 710 3769 805 3816; x_wconf 87' lang='lat' dir='ltr'>cile</span> <span class='ocrx_word' id='word_1_348' title='bbox 836 3769 1083 3817; x_wconf 82' lang='lat' dir='ltr'>conciliari</span> <span class='ocrx_word' id='word_1_349' title='bbox 1116 3786 1257 3832; x_wconf 81' lang='lat' dir='ltr'>posse</span> <span class='ocrx_word' id='word_1_350' title='bbox 1280 3771 1505 3819; x_wconf 84' lang='lat' dir='ltr'>videntur</span> <span class='ocrx_word' id='word_1_351' title='bbox 1525 3784 1636 3818; x_wconf 87' lang='lat' dir='ltr'>cum</span> <span class='ocrx_word' id='word_1_352' title='bbox 1659 3770 1718 3818; x_wconf 87' lang='lat' dir='ltr'>iis</span> 
     </span>
     <span class='ocr_line' id='line_1_67' title="bbox 710 3833 1716 3894; baseline 0.002 -15"><span class='ocrx_word' id='word_1_353' title='bbox 710 3848 835 3894; x_wconf 81' lang='lat' dir='ltr'>quae</span> <span class='ocrx_word' id='word_1_354' title='bbox 860 3833 985 3881; x_wconf 76' lang='lat' dir='ltr'>infra</span> <span class='ocrx_word' id='word_1_355' title='bbox 1004 3834 1067 3881; x_wconf 90' lang='lat' dir='ltr'>de</span> <span class='ocrx_word' id='word_1_356' title='bbox 1088 3834 1179 3882; x_wconf 83' lang='lat' dir='ltr'>hac</span> <span class='ocrx_word' id='word_1_357' title='bbox 1202 3835 1371 3882; x_wconf 78' lang='lat' dir='ltr'>eadem</span> <span class='ocrx_word' id='word_1_358' title='bbox 1396 3850 1446 3882; x_wconf 82' lang='lat' dir='ltr'>re</span> <span class='ocrx_word' id='word_1_359' title='bbox 1467 3834 1616 3882; x_wconf 79' lang='lat' dir='ltr'>habet</span> <span class='ocrx_word' id='word_1_360' title='bbox 1639 3834 1716 3881; x_wconf 90' lang='lat' dir='ltr'>Li-</span> 
     </span>
     <span class='ocr_line' id='line_1_68' title="bbox 710 3896 1718 3959; baseline 0.002 -15"><span class='ocrx_word' id='word_1_361' title='bbox 710 3897 815 3944; x_wconf 80' lang='lat' dir='ltr'>vius</span> <span class='ocrx_word' id='word_1_362' title='bbox 852 3896 901 3945; x_wconf 92' lang='lat' dir='ltr'>in</span> <span class='ocrx_word' id='word_1_363' title='bbox 938 3898 1036 3945; x_wconf 86' lang='lat' dir='ltr'>fine</span> <span class='ocrx_word' id='word_1_364' title='bbox 1064 3897 1141 3947; x_wconf 86' lang='lat'>60.</span> <span class='ocrx_word' id='word_1_365' title='bbox 1186 3898 1267 3945; x_wconf 90' lang='lat' dir='ltr'>ubi</span> <span class='ocrx_word' id='word_1_366' title='bbox 1308 3900 1423 3959; x_wconf 73' lang='lat' dir='ltr'>plus</span> <span class='ocrx_word' id='word_1_367' title='bbox 1464 3898 1718 3959; x_wconf 56' lang='lat' dir='ltr'>divnitatis</span> 
     </span>
     <span class='ocr_line' id='line_1_69' title="bbox 708 3961 1716 4023; baseline 0.001 -14"><span class='ocrx_word' id='word_1_368' title='bbox 708 3962 910 4010; x_wconf 73' lang='lat' dir='ltr'>comitiis</span> <span class='ocrx_word' id='word_1_369' title='bbox 932 3977 1019 4023; x_wconf 87' lang='lat' dir='ltr'>per</span> <span class='ocrx_word' id='word_1_370' title='bbox 1038 3962 1164 4010; x_wconf 81' lang='lat' dir='ltr'>hanc</span> <span class='ocrx_word' id='word_1_371' title='bbox 1186 3961 1428 4009; x_wconf 84' lang='lat' dir='ltr'>actionem</span> <span class='ocrx_word' id='word_1_372' title='bbox 1448 3963 1716 4010; x_wconf 76' lang='lat' dir='ltr'>detractum</span> 
     </span>
     <span class='ocr_line' id='line_1_70' title="bbox 706 4025 1716 4088; baseline 0 -15"><span class='ocrx_word' id='word_1_373' title='bbox 706 4025 795 4083; x_wconf 81' lang='lat' dir='ltr'>ait,</span> <span class='ocrx_word' id='word_1_374' title='bbox 824 4041 970 4088; x_wconf 79' lang='lat' dir='ltr'>quam</span> <span class='ocrx_word' id='word_1_375' title='bbox 995 4028 1173 4073; x_wconf 72' lang='lat' dir='ltr'>virium</span> <span class='ocrx_word' id='word_1_376' title='bbox 1205 4033 1294 4074; x_wconf 80' lang='lat' dir='ltr'>aut</span> <span class='ocrx_word' id='word_1_377' title='bbox 1318 4027 1449 4087; x_wconf 74' lang='lat' dir='ltr'>plebi</span> <span class='ocrx_word' id='word_1_378' title='bbox 1481 4027 1716 4085; x_wconf 74' lang='lat' dir='ltr'>additum,</span> 
     </span>
     <span class='ocr_line' id='line_1_71' title="bbox 709 4090 1716 4151; baseline -0.001 -13"><span class='ocrx_word' id='word_1_379' title='bbox 709 4097 798 4138; x_wconf 76' lang='lat' dir='ltr'>aut</span> <span class='ocrx_word' id='word_1_380' title='bbox 831 4091 1104 4151; x_wconf 76' lang='lat' dir='ltr'>ademptum</span> <span class='ocrx_word' id='word_1_381' title='bbox 1136 4092 1383 4138; x_wconf 75' lang='lat' dir='ltr'>Patribus.</span> <span class='ocrx_word' id='word_1_382' title='bbox 1458 4090 1510 4137; x_wconf 92' lang='lat' dir='ltr'>N</span> <span class='ocrx_word' id='word_1_383' title='bbox 1513 4106 1570 4138; x_wconf 89' lang='lat' dir='ltr'>ec</span> <span class='ocrx_word' id='word_1_384' title='bbox 1603 4106 1716 4137; x_wconf 85' lang='lat' dir='ltr'>vero</span> 
     </span>
     <span class='ocr_line' id='line_1_72' title="bbox 708 4153 1715 4203; baseline 0.001 -2"><span class='ocrx_word' id='word_1_385' title='bbox 708 4154 1014 4203; x_wconf 86' lang='lat' dir='ltr'>mediocriter</span> <span class='ocrx_word' id='word_1_386' title='bbox 1064 4153 1323 4202; x_wconf 75' lang='lat' dir='ltr'>imminuta</span> <span class='ocrx_word' id='word_1_387' title='bbox 1374 4154 1564 4201; x_wconf 85' lang='lat' dir='ltr'>videtur</span> <span class='ocrx_word' id='word_1_388' title='bbox 1622 4154 1715 4202; x_wconf 85' lang='lat' dir='ltr'>hac</span> 
     </span>
     <span class='ocr_line' id='line_1_73' title="bbox 710 4218 1714 4281; baseline -0.001 -15"><span class='ocrx_word' id='word_1_389' title='bbox 710 4220 816 4281; x_wconf 82' lang='lat' dir='ltr'>lege</span> <span class='ocrx_word' id='word_1_390' title='bbox 850 4220 1049 4267; x_wconf 86' lang='lat' dir='ltr'>Patrum</span> <span class='ocrx_word' id='word_1_391' title='bbox 1086 4218 1317 4281; x_wconf 84' lang='lat' dir='ltr'>potentia.</span> <span class='ocrx_word' id='word_1_392' title='bbox 1388 4218 1551 4266; x_wconf 89' lang='lat' dir='ltr'>Primo</span> <span class='ocrx_word' id='word_1_393' title='bbox 1583 4219 1714 4266; x_wconf 86' lang='lat' dir='ltr'>enim</span> 
     </span>
     <span class='ocr_line' id='line_1_74' title="bbox 712 4282 1712 4333; baseline -0.001 -1"><span class='ocrx_word' id='word_1_394' title='bbox 712 4284 881 4332; x_wconf 77' lang='lat' dir='ltr'>Patres</span> <span class='ocrx_word' id='word_1_395' title='bbox 912 4300 971 4331; x_wconf 83' lang='lat' dir='ltr'>ex</span> <span class='ocrx_word' id='word_1_396' title='bbox 1002 4283 1208 4333; x_wconf 86' lang='lat' dir='ltr'>comitiis</span> <span class='ocrx_word' id='word_1_397' title='bbox 1238 4282 1430 4331; x_wconf 87' lang='lat' dir='ltr'>tributis</span> <span class='ocrx_word' id='word_1_398' title='bbox 1460 4284 1712 4331; x_wconf 83' lang='lat' dir='ltr'>submove—</span> 
     </span>
     <span class='ocr_line' id='line_1_75' title="bbox 710 4346 1710 4410; baseline 0 -15"><span class='ocrx_word' id='word_1_399' title='bbox 710 4348 897 4407; x_wconf 80' lang='lat' dir='ltr'>bantur,</span> <span class='ocrx_word' id='word_1_400' title='bbox 918 4350 1047 4410; x_wconf 88' lang='lat' dir='ltr'>quod</span> <span class='ocrx_word' id='word_1_401' title='bbox 1078 4350 1221 4398; x_wconf 84' lang='lat' dir='ltr'>docet</span> <span class='ocrx_word' id='word_1_402' title='bbox 1252 4355 1414 4399; x_wconf 83' lang='lat' dir='ltr'>noster</span> <span class='ocrx_word' id='word_1_403' title='bbox 1442 4348 1491 4401; x_wconf 84' lang='lat' dir='ltr'>in</span> <span class='ocrx_word' id='word_1_404' title='bbox 1525 4348 1613 4396; x_wconf 85' lang='lat' dir='ltr'>illo</span> <span class='ocrx_word' id='word_1_405' title='bbox 1633 4346 1710 4397; x_wconf 84' lang='lat'>60.</span> 
     </span>
    </p>
   </div>
   <div class='ocr_carea' id='block_1_27' title="bbox 1779 2614 2808 4344">
    <p class='ocr_par' dir='ltr' id='par_1_31' title="bbox 1779 2614 2808 3369">
     <span class='ocr_line' id='line_1_76' title="bbox 1782 2614 2806 2678; baseline -0.003 -14"><span class='ocrx_word' id='word_1_406' title='bbox 1782 2618 1890 2665; x_wconf 90' lang='lat' dir='ltr'>loco</span> <span class='ocrx_word' id='word_1_407' title='bbox 1912 2631 2056 2678; x_wconf 91' lang='lat' dir='ltr'>quem</span> <span class='ocrx_word' id='word_1_408' title='bbox 2088 2614 2186 2663; x_wconf 82' lang='lat' dir='ltr'>iam</span> <span class='ocrx_word' id='word_1_409' title='bbox 2215 2614 2483 2662; x_wconf 82' lang='lat' dir='ltr'>attulimus.</span> <span class='ocrx_word' id='word_1_410' title='bbox 2549 2614 2682 2663; x_wconf 84' lang='lat' dir='ltr'>Inde</span> <span class='ocrx_word' id='word_1_411' title='bbox 2705 2620 2806 2673; x_wconf 66' lang='lat' dir='ltr'>est,</span> 
     </span>
     <span class='ocr_line' id='line_1_77' title="bbox 1781 2679 2808 2742; baseline -0.001 -14"><span class='ocrx_word' id='word_1_412' title='bbox 1781 2681 1912 2742; x_wconf 87' lang='lat' dir='ltr'>quod</span> <span class='ocrx_word' id='word_1_413' title='bbox 1934 2680 2132 2728; x_wconf 81' lang='lat' dir='ltr'>comitia</span> <span class='ocrx_word' id='word_1_414' title='bbox 2161 2680 2284 2727; x_wconf 82' lang='lat' dir='ltr'>haec</span> <span class='ocrx_word' id='word_1_415' title='bbox 2311 2679 2612 2727; x_wconf 72' lang='lat' dir='ltr'>habebmtur</span> <span class='ocrx_word' id='word_1_416' title='bbox 2631 2679 2808 2739; x_wconf 77' lang='lat' dir='ltr'>plebis</span> 
     </span>
     <span class='ocr_line' id='line_1_78' title="bbox 1783 2743 2804 2817; baseline 0.001 -26"><span class='ocrx_word' id='word_1_417' title='bbox 1783 2744 1992 2807; x_wconf 64' lang='lat' dir='ltr'>propria„</span> <span class='ocrx_word' id='word_1_418' title='bbox 2015 2750 2064 2791; x_wconf 86' lang='lat' dir='ltr'>et</span> <span class='ocrx_word' id='word_1_419' title='bbox 2086 2745 2217 2805; x_wconf 80' lang='lat' dir='ltr'>leges</span> <span class='ocrx_word' id='word_1_420' title='bbox 2237 2743 2287 2791; x_wconf 91' lang='lat' dir='ltr'>in</span> <span class='ocrx_word' id='word_1_421' title='bbox 2311 2743 2368 2790; x_wconf 79' lang='lat' dir='ltr'>iis</span> <span class='ocrx_word' id='word_1_422' title='bbox 2389 2744 2518 2791; x_wconf 65' lang='lat' dir='ltr'>latae</span> <span class='ocrx_word' id='word_1_423' title='bbox 2537 2744 2804 2817; x_wconf 66' lang='lat' dir='ltr'>plebiscita</span> 
     </span>
     <span class='ocr_line' id='line_1_79' title="bbox 1787 2806 2806 2870; baseline -0.001 -13"><span class='ocrx_word' id='word_1_424' title='bbox 1787 2810 2206 2870; x_wconf 78' lang='lat' dir='ltr'>nuncupabantur.</span> <span class='ocrx_word' id='word_1_425' title='bbox 2273 2807 2385 2854; x_wconf 83' lang='lat' dir='ltr'>vid.</span> <span class='ocrx_word' id='word_1_426' title='bbox 2408 2806 2514 2855; x_wconf 81' lang='lat' dir='ltr'>infr.</span> <span class='ocrx_word' id='word_1_427' title='bbox 2539 2806 2605 2855; x_wconf 79' lang='lat' dir='ltr'>lii.</span> <span class='ocrx_word' id='word_1_428' title='bbox 2629 2820 2714 2868; x_wconf 80' lang='lat'>55.</span> <span class='ocrx_word' id='word_1_429' title='bbox 2752 2818 2806 2856; x_wconf 86' lang='lat' dir='ltr'>et</span> 
     </span>
     <span class='ocr_line' id='line_1_80' title="bbox 1787 2871 2806 2933; baseline -0.002 -11"><span class='ocrx_word' id='word_1_430' title='bbox 1787 2873 1920 2922; x_wconf 83' lang='lat' dir='ltr'>Gen.</span> <span class='ocrx_word' id='word_1_431' title='bbox 1935 2888 2013 2920; x_wconf 76' lang='lat' dir='ltr'>xv.</span> <span class='ocrx_word' id='word_1_432' title='bbox 2035 2884 2110 2933; x_wconf 79' lang='lat'>27.</span> <span class='ocrx_word' id='word_1_433' title='bbox 2160 2880 2225 2920; x_wconf 81' lang='lat'>2⁰.</span> <span class='ocrx_word' id='word_1_434' title='bbox 2241 2872 2505 2933; x_wconf 78' lang='lat' dir='ltr'>Dionysius</span> <span class='ocrx_word' id='word_1_435' title='bbox 2517 2871 2581 2919; x_wconf 88' lang='lat' dir='ltr'>ix.</span> <span class='ocrx_word' id='word_1_436' title='bbox 2603 2874 2680 2932; x_wconf 83' lang='lat'>38.</span> <span class='ocrx_word' id='word_1_437' title='bbox 2701 2872 2806 2920; x_wconf 75' lang='lat' dir='ltr'>hoe</span> 
     </span>
     <span class='ocr_line' id='line_1_81' title="bbox 1785 2936 2807 2999; baseline 0.002 -16"><span class='ocrx_word' id='word_1_438' title='bbox 1785 2936 1892 2999; x_wconf 81' lang='lat' dir='ltr'>ipsa</span> <span class='ocrx_word' id='word_1_439' title='bbox 1905 2938 1967 2985; x_wconf 89' lang='lat' dir='ltr'>de</span> <span class='ocrx_word' id='word_1_440' title='bbox 1975 2938 2082 2999; x_wconf 82' lang='lat' dir='ltr'>lege</span> <span class='ocrx_word' id='word_1_441' title='bbox 2096 2952 2244 2998; x_wconf 79' lang='lat' dir='ltr'>agens</span> <span class='ocrx_word' id='word_1_442' title='bbox 2256 2936 2398 2985; x_wconf 83' lang='lat' dir='ltr'>docet</span> <span class='ocrx_word' id='word_1_443' title='bbox 2405 2936 2571 2984; x_wconf 79' lang='lat' dir='ltr'>iisdem</span> <span class='ocrx_word' id='word_1_444' title='bbox 2583 2936 2807 2985; x_wconf 75' lang='lat' dir='ltr'>comitiis</span> 
     </span>
     <span class='ocr_line' id='line_1_82' title="bbox 1779 3000 2802 3057; baseline 0.001 -9"><span class='ocrx_word' id='word_1_445' title='bbox 1779 3001 2098 3049; x_wconf 84' lang='lat' dir='ltr'>necessarium</span> <span class='ocrx_word' id='word_1_446' title='bbox 2117 3015 2214 3048; x_wconf 91' lang='lat' dir='ltr'>non</span> <span class='ocrx_word' id='word_1_447' title='bbox 2231 3000 2376 3048; x_wconf 80' lang='lat' dir='ltr'>fuisse</span> <span class='ocrx_word' id='word_1_448' title='bbox 2400 3006 2454 3047; x_wconf 89' lang='lat' dir='ltr'>ut</span> <span class='ocrx_word' id='word_1_449' title='bbox 2469 3006 2662 3057; x_wconf 78' lang='lat' dir='ltr'>senatus</span> <span class='ocrx_word' id='word_1_450' title='bbox 2677 3014 2802 3049; x_wconf 76' lang='lat' dir='ltr'>auc-</span> 
     </span>
     <span class='ocr_line' id='line_1_83' title="bbox 1780 3063 2804 3127; baseline 0.002 -16"><span class='ocrx_word' id='word_1_451' title='bbox 1780 3068 1856 3111; x_wconf 90' lang='lat' dir='ltr'>tor</span> <span class='ocrx_word' id='word_1_452' title='bbox 1877 3065 2032 3124; x_wconf 85' lang='lat' dir='ltr'>fieret,</span> <span class='ocrx_word' id='word_1_453' title='bbox 2049 3070 2098 3113; x_wconf 89' lang='lat' dir='ltr'>et</span> <span class='ocrx_word' id='word_1_454' title='bbox 2121 3070 2188 3127; x_wconf 78' lang='lat'>3⁰.</span> <span class='ocrx_word' id='word_1_455' title='bbox 2207 3064 2326 3111; x_wconf 88' lang='lat' dir='ltr'>nihil</span> <span class='ocrx_word' id='word_1_456' title='bbox 2348 3064 2396 3111; x_wconf 89' lang='lat' dir='ltr'>in</span> <span class='ocrx_word' id='word_1_457' title='bbox 2419 3064 2478 3111; x_wconf 81' lang='lat' dir='ltr'>iis</span> <span class='ocrx_word' id='word_1_458' title='bbox 2500 3079 2624 3126; x_wconf 87' lang='lat' dir='ltr'>opus</span> <span class='ocrx_word' id='word_1_459' title='bbox 2642 3063 2804 3113; x_wconf 78' lang='lat' dir='ltr'>finsse</span> 
     </span>
     <span class='ocr_line' id='line_1_84' title="bbox 1783 3127 2802 3191; baseline 0 -14"><span class='ocrx_word' id='word_1_460' title='bbox 1783 3129 1930 3177; x_wconf 82' lang='lat' dir='ltr'>sacris</span> <span class='ocrx_word' id='word_1_461' title='bbox 1969 3134 2056 3177; x_wconf 82' lang='lat' dir='ltr'>aut</span> <span class='ocrx_word' id='word_1_462' title='bbox 2097 3127 2340 3191; x_wconf 83' lang='lat' dir='ltr'>auspiciis,</span> <span class='ocrx_word' id='word_1_463' title='bbox 2377 3140 2580 3189; x_wconf 87' lang='lat' dir='ltr'>quorum</span> <span class='ocrx_word' id='word_1_464' title='bbox 2624 3130 2802 3177; x_wconf 78' lang='lat' dir='ltr'>arbitri</span> 
     </span>
     <span class='ocr_line' id='line_1_85' title="bbox 1783 3193 2802 3242; baseline -0.001 0"><span class='ocrx_word' id='word_1_465' title='bbox 1783 3193 1956 3242; x_wconf 79' lang='lat' dir='ltr'>Patres</span> <span class='ocrx_word' id='word_1_466' title='bbox 1993 3200 2144 3242; x_wconf 87' lang='lat' dir='ltr'>erant.</span> <span class='ocrx_word' id='word_1_467' title='bbox 2187 3193 2347 3242; x_wconf 72' lang='lat' dir='ltr'>Cusv.</span> <span class='ocrx_word' id='word_1_468' title='bbox 2423 3194 2594 3241; x_wconf 76' lang='lat' dir='ltr'>Patres</span> <span class='ocrx_word' id='word_1_469' title='bbox 2629 3193 2802 3241; x_wconf 76' lang='lat' dir='ltr'>adhuc</span> 
     </span>
     <span class='ocr_line' id='line_1_86' title="bbox 1781 3250 2798 3320; baseline 0.001 -16"><span class='ocrx_word' id='word_1_470' title='bbox 1781 3272 2029 3319; x_wconf 86' lang='lat' dir='ltr'>nunquam</span> <span class='ocrx_word' id='word_1_471' title='bbox 2051 3257 2102 3305; x_wconf 88' lang='lat' dir='ltr'>in</span> <span class='ocrx_word' id='word_1_472' title='bbox 2124 3255 2330 3305; x_wconf 82' lang='lat' dir='ltr'>comitiis</span> <span class='ocrx_word' id='word_1_473' title='bbox 2355 3250 2546 3305; x_wconf 79' lang='lat' dir='ltr'>tributis</span> <span class='ocrx_word' id='word_1_474' title='bbox 2565 3256 2798 3320; x_wconf 72' lang='lat' dir='ltr'>unffi-agia</span> 
     </span>
     <span class='ocr_line' id='line_1_87' title="bbox 1781 3322 2007 3369; baseline 0 0"><span class='ocrx_word' id='word_1_475' title='bbox 1781 3322 2007 3369; x_wconf 86' lang='lat' dir='ltr'>tulerant.</span> 
     </span>
    </p>

    <p class='ocr_par' dir='ltr' id='par_1_32' title="bbox 1781 3384 2799 3639">
     <span class='ocr_line' id='line_1_88' title="bbox 1845 3384 2799 3447; baseline -0.002 -14"><span class='ocrx_word' id='word_1_476' title='bbox 1845 3386 1875 3433; x_wconf 92' lang='lat'>8</span> <span class='ocrx_word' id='word_1_477' title='bbox 1901 3388 2004 3433; x_wconf 75' lang='lat' dir='ltr'>Per</span> <span class='ocrx_word' id='word_1_478' title='bbox 2023 3388 2271 3434; x_wconf 69' lang='lat' dir='ltr'>clieruium</span> <span class='ocrx_word' id='word_1_479' title='bbox 2289 3385 2558 3447; x_wconf 51' lang='lat' dir='ltr'>suffragia]</span> <span class='ocrx_word' id='word_1_480' title='bbox 2586 3384 2799 3446; x_wconf 79' lang='lat' dir='ltr'>Quippe</span> 
     </span>
     <span class='ocr_line' id='line_1_89' title="bbox 1783 3448 2796 3499; baseline 0 -2"><span class='ocrx_word' id='word_1_481' title='bbox 1783 3448 1984 3497; x_wconf 85' lang='lat' dir='ltr'>clientes</span> <span class='ocrx_word' id='word_1_482' title='bbox 2027 3450 2078 3497; x_wconf 89' lang='lat' dir='ltr'>in</span> <span class='ocrx_word' id='word_1_483' title='bbox 2122 3448 2332 3499; x_wconf 84' lang='lat' dir='ltr'>comitiis</span> <span class='ocrx_word' id='word_1_484' title='bbox 2373 3449 2654 3497; x_wconf 82' lang='lat' dir='ltr'>centuriatis</span> <span class='ocrx_word' id='word_1_485' title='bbox 2696 3450 2796 3497; x_wconf 72' lang='lat' dir='ltr'>suf-</span> 
     </span>
     <span class='ocr_line' id='line_1_90' title="bbox 1781 3512 2795 3575; baseline 0.001 -15"><span class='ocrx_word' id='word_1_486' title='bbox 1781 3514 1932 3575; x_wconf 77' lang='lat' dir='ltr'>fragia</span> <span class='ocrx_word' id='word_1_487' title='bbox 1951 3513 2185 3573; x_wconf 82' lang='lat' dir='ltr'>ferebant,</span> <span class='ocrx_word' id='word_1_488' title='bbox 2206 3513 2408 3561; x_wconf 82' lang='lat' dir='ltr'>minime</span> <span class='ocrx_word' id='word_1_489' title='bbox 2429 3518 2594 3561; x_wconf 79' lang='lat' dir='ltr'>autem</span> <span class='ocrx_word' id='word_1_490' title='bbox 2628 3512 2680 3561; x_wconf 86' lang='lat' dir='ltr'>in</span> <span class='ocrx_word' id='word_1_491' title='bbox 2708 3515 2795 3561; x_wconf 80' lang='lat' dir='ltr'>tri-</span> 
     </span>
     <span class='ocr_line' id='line_1_91' title="bbox 1783 3577 2456 3639; baseline 0.001 -15"><span class='ocrx_word' id='word_1_492' title='bbox 1783 3578 1924 3625; x_wconf 83' lang='lat' dir='ltr'>butis.</span> <span class='ocrx_word' id='word_1_493' title='bbox 1960 3578 2163 3625; x_wconf 86' lang='lat' dir='ltr'>Niebhr.</span> <span class='ocrx_word' id='word_1_494' title='bbox 2187 3577 2217 3626; x_wconf 90' lang='lat' dir='ltr'>i.</span> <span class='ocrx_word' id='word_1_495' title='bbox 2243 3594 2290 3625; x_wconf 91' lang='lat' dir='ltr'>n.</span> <span class='ocrx_word' id='word_1_496' title='bbox 2321 3592 2456 3639; x_wconf 79' lang='lat'>1312.</span> 
     </span>
    </p>

    <p class='ocr_par' dir='ltr' id='par_1_33' title="bbox 1779 3640 2796 4153">
     <span class='ocr_line' id='line_1_92' title="bbox 1844 3640 2796 3706; baseline -0.001 -16"><span class='ocrx_word' id='word_1_497' title='bbox 1844 3657 1875 3706; x_wconf 93' lang='lat'>9</span> <span class='ocrx_word' id='word_1_498' title='bbox 1905 3644 2006 3690; x_wconf 76' lang='lat' dir='ltr'>Suo</span> <span class='ocrx_word' id='word_1_499' title='bbox 2027 3644 2136 3704; x_wconf 72' lang='lat' dir='ltr'>ipsa</span> <span class='ocrx_word' id='word_1_500' title='bbox 2163 3644 2406 3691; x_wconf 72' lang='lat' dir='ltr'>molimine</span> <span class='ocrx_word' id='word_1_501' title='bbox 2431 3642 2626 3703; x_wconf 63' lang='lat' dir='ltr'>mavis]</span> <span class='ocrx_word' id='word_1_502' title='bbox 2667 3640 2796 3689; x_wconf 81' lang='lat' dir='ltr'>Gra—</span> 
     </span>
     <span class='ocr_line' id='line_1_93' title="bbox 1783 3705 2796 3767; baseline 0.001 -15"><span class='ocrx_word' id='word_1_503' title='bbox 1783 3705 1885 3753; x_wconf 85' lang='lat' dir='ltr'>vior</span> <span class='ocrx_word' id='word_1_504' title='bbox 1909 3706 2088 3765; x_wconf 75' lang='lat' dir='ltr'>adhuc,</span> <span class='ocrx_word' id='word_1_505' title='bbox 2110 3705 2150 3753; x_wconf 81' lang='lat' dir='ltr'>si</span> <span class='ocrx_word' id='word_1_506' title='bbox 2174 3706 2324 3755; x_wconf 91' lang='lat' dir='ltr'>Dion.</span> <span class='ocrx_word' id='word_1_507' title='bbox 2345 3706 2412 3754; x_wconf 87' lang='lat' dir='ltr'>ix.</span> <span class='ocrx_word' id='word_1_508' title='bbox 2435 3721 2512 3767; x_wconf 74' lang='lat'>42.</span> <span class='ocrx_word' id='word_1_509' title='bbox 2538 3706 2682 3753; x_wconf 86' lang='lat' dir='ltr'>fidem</span> <span class='ocrx_word' id='word_1_510' title='bbox 2707 3708 2796 3753; x_wconf 76' lang='lat' dir='ltr'>ad-</span> 
     </span>
     <span class='ocr_line' id='line_1_94' title="bbox 1781 3769 2794 3832; baseline 0 -15"><span class='ocrx_word' id='word_1_511' title='bbox 1781 3770 2034 3827; x_wconf 85' lang='lat' dir='ltr'>hibemus;</span> <span class='ocrx_word' id='word_1_512' title='bbox 2067 3770 2344 3832; x_wconf 79' lang='lat' dir='ltr'>pestilentia</span> <span class='ocrx_word' id='word_1_513' title='bbox 2373 3769 2504 3819; x_wconf 88' lang='lat' dir='ltr'>enim</span> <span class='ocrx_word' id='word_1_514' title='bbox 2527 3771 2695 3818; x_wconf 88' lang='lat' dir='ltr'>urbem</span> <span class='ocrx_word' id='word_1_515' title='bbox 2721 3770 2794 3817; x_wconf 82' lang='lat' dir='ltr'>in-</span> 
     </span>
     <span class='ocr_line' id='line_1_95' title="bbox 1783 3834 2796 3897; baseline 0.002 -16"><span class='ocrx_word' id='word_1_516' title='bbox 1783 3834 1921 3892; x_wconf 78' lang='lat' dir='ltr'>vasit,</span> <span class='ocrx_word' id='word_1_517' title='bbox 1933 3850 2060 3895; x_wconf 84' lang='lat' dir='ltr'>quae</span> <span class='ocrx_word' id='word_1_518' title='bbox 2080 3849 2168 3897; x_wconf 84' lang='lat' dir='ltr'>per</span> <span class='ocrx_word' id='word_1_519' title='bbox 2187 3834 2424 3895; x_wconf 80' lang='lat' dir='ltr'>reliquam</span> <span class='ocrx_word' id='word_1_520' title='bbox 2443 3834 2642 3882; x_wconf 80' lang='lat' dir='ltr'>Italiam</span> <span class='ocrx_word' id='word_1_521' title='bbox 2663 3848 2796 3895; x_wconf 65' lang='lat' dir='ltr'>gni-s-</span> 
     </span>
     <span class='ocr_line' id='line_1_96' title="bbox 1782 3898 2796 3960; baseline 0.001 -14"><span class='ocrx_word' id='word_1_522' title='bbox 1782 3904 1887 3947; x_wconf 76' lang='lat' dir='ltr'>sata</span> <span class='ocrx_word' id='word_1_523' title='bbox 1907 3904 1996 3957; x_wconf 82' lang='lat' dir='ltr'>est,</span> <span class='ocrx_word' id='word_1_524' title='bbox 2012 3900 2096 3947; x_wconf 80' lang='lat' dir='ltr'>sed</span> <span class='ocrx_word' id='word_1_525' title='bbox 2118 3914 2355 3960; x_wconf 77' lang='lat' dir='ltr'>nusquam</span> <span class='ocrx_word' id='word_1_526' title='bbox 2373 3898 2507 3958; x_wconf 76' lang='lat' dir='ltr'>alibi,</span> <span class='ocrx_word' id='word_1_527' title='bbox 2523 3912 2670 3960; x_wconf 75' lang='lat' dir='ltr'>quam</span> <span class='ocrx_word' id='word_1_528' title='bbox 2691 3898 2796 3947; x_wconf 77' lang='lat' dir='ltr'>Ro—</span> 
     </span>
     <span class='ocr_line' id='line_1_97' title="bbox 1779 3962 2796 4075; baseline 0.002 -2"><span class='ocrx_word' id='word_1_529' title='bbox 1779 3978 1889 4074; x_wconf 54' lang='lat'>23¹3?</span> <span class='ocrx_word' id='word_1_530' title='bbox 1891 3962 2796 4075; x_wconf 42' lang='lat' dir='ltr'>’352⁸‘ff212m35‘2zzaffiffamxff</span> 
     </span>
     <span class='ocr_line' id='line_1_98' title="bbox 1780 4090 2660 4153; baseline 0.002 -16"><span class='ocrx_word' id='word_1_531' title='bbox 1780 4090 1895 4139; x_wconf 85' lang='lat' dir='ltr'>lian.</span> <span class='ocrx_word' id='word_1_532' title='bbox 1918 4092 1968 4139; x_wconf 86' lang='lat' dir='ltr'>in</span> <span class='ocrx_word' id='word_1_533' title='bbox 1995 4092 2128 4139; x_wconf 87' lang='lat' dir='ltr'>Stob.</span> <span class='ocrx_word' id='word_1_534' title='bbox 2155 4091 2380 4153; x_wconf 86' lang='lat' dir='ltr'>Florileg.</span> <span class='ocrx_word' id='word_1_535' title='bbox 2404 4091 2558 4139; x_wconf 80' lang='lat' dir='ltr'>lxxix.</span> <span class='ocrx_word' id='word_1_536' title='bbox 2584 4092 2660 4153; x_wconf 78' lang='lat'>38.</span> 
     </span>
    </p>

    <p class='ocr_par' dir='ltr' id='par_1_34' title="bbox 1779 4156 2794 4344">
     <span class='ocr_line' id='line_1_99' title="bbox 1849 4156 2794 4217; baseline 0.001 -15"><span class='ocrx_word' id='word_1_537' title='bbox 1849 4170 1867 4202; x_wconf 91' lang='lat'>1</span> <span class='ocrx_word' id='word_1_538' title='bbox 1906 4157 2115 4214; x_wconf 74' lang='lat' dir='ltr'>Auctor]</span> <span class='ocrx_word' id='word_1_539' title='bbox 2151 4156 2476 4217; x_wconf 79' lang='lat' dir='ltr'>Approbator‚</span> <span class='ocrx_word' id='word_1_540' title='bbox 2492 4156 2724 4210; x_wconf 81' lang='lat' dir='ltr'>firmator,</span> <span class='ocrx_word' id='word_1_541' title='bbox 2741 4166 2794 4205; x_wconf 83' lang='lat' dir='ltr'>ct</span> 
     </span>
     <span class='ocr_line' id='line_1_100' title="bbox 1779 4219 2791 4330; baseline 0.002 -63"><span class='ocrx_word' id='word_1_542' title='bbox 1779 4219 1861 4330; x_wconf 56' lang='lat' dir='ltr'>qpi</span> <span class='ocrx_word' id='word_1_543' title='bbox 1883 4220 2221 4268; x_wconf 82' lang='lat' dir='ltr'>auctoritatem</span> <span class='ocrx_word' id='word_1_544' title='bbox 2251 4219 2345 4282; x_wconf 79' lang='lat' dir='ltr'>legi</span> <span class='ocrx_word' id='word_1_545' title='bbox 2379 4227 2659 4282; x_wconf 72' lang='lat' dir='ltr'>praestaret.</span> <span class='ocrx_word' id='word_1_546' title='bbox 2693 4221 2791 4269; x_wconf 70' lang='lat' dir='ltr'>Cu.</span> 
     </span>
     <span class='ocr_line' id='line_1_101' title="bbox 1779 4298 2538 4344; baseline 0 -13"><span class='ocrx_word' id='word_1_547' title='bbox 1779 4298 1804 4331; x_wconf 90' lang='lat' dir='ltr'>c</span> <span class='ocrx_word' id='word_1_548' title='bbox 1825 4318 1838 4331; x_wconf 97' lang='lat'>.</span> <span class='ocrx_word' id='word_1_549' title='bbox 1860 4298 1934 4344; x_wconf 77' lang='lat'>4².</span> <span class='ocrx_word' id='word_1_550' title='bbox 2525 4322 2538 4331; x_wconf 79' lang='lat'>.</span> 
     </span>
    </p>
   </div>
  </div>
 </body>
</html>
