3000 4784
822 262 1013 333 LIB.
1062 260 1181 330 lv.
1247 260 1471 331 CAP.
1521 268 1626 330 33.
2151 262 2280 329 259

175 406 501 485 ‘regimim
554 396 772 464 labem
828 399 1147 467 secundae
1204 399 1556 466 dictaturae
1613 420 1764 465 suae
1821 392 2280 487 imposuerint)
2299 414 2370 465 U.
2393 412 2453 465 c.
2478 424 2588 477 3²9·

173 484 353 549 Votis
403 485 657 550 deinde
710 487 1095 574 nuncupatis
1148 487 1489 575 profectus,
1538 485 1711 551 mille
1769 498 1837 551 et
1939 484 2279 573 uingentos
2297 480 2360 529 A.
2393 479 2454 529 0·
2478 489 2590 537 ⁴²3·

428 572 601 637 citra.
640 570 915 637 Fidenas
956 586 1161 638 castra
1195 573 1401 638 locat:
1451 574 1680 639 dextra
1717 508 2059 650 montibus,
2100 571 2283 636 laeva

236 658 391 722 ‘beri
444 680 647 723 amne
698 671 971 745 saeptus.
1086 658 1165 724 T.
1204 659 1588 735 Quinctium
1638 659 1939 724 Pennum
1995 659 2278 745 legatum

170 766 483 831 occupare
506 758 766 810 montes
792 745 992 822 iubet,
1016 745 1464 832 occultumque
1494 745 1564 811 id
1581 746 1802 847 iugum
1831 766 2080 832 capere,
2103 742 2282 831 quod

167 830 245 893 ab
288 844 475 918 tei-go
520 832 815 896 hostibus
854 831 1033 896 foret.
1126 830 1271 932 Ipse
1312 844 1570 933 postero
1611 832 1740 910 die,
1785 852 1987 919 quum
2029 830 2282 895 Etrusci

126 934 153 981 ⁵
166 915 341 1002 pleni
388 918 761 983 animorum
803 918 885 982 ab
928 917 1177 1005 pristim
1221 917 1351 983 diei
1394 918 1656 983 meliore
1700 918 2049 995 occasione,
2087 938 2282 1003 quam

166 1022 401 1089 pugna,
451 1006 527 1069 in
576 1005 783 1069 aciem
828 1004 1297 1092 processissent,
1342 1016 1678 1070 cunctatus
1717 1024 2078 1093 parumper,
2123 1003 2281 1068 dum

167 1089 606 1188 speculatores
648 1090 973 1167 referrent,
1020 1089 1401 1165 Quinctium
1445 1091 1714 1156 evasiffle
1757 1092 1827 1155 in
1869 1091 2092 1178 iugum
2135 1110 2286 1175 pro-

168 1197 489 1273 pinquum
520 1178 656 1241 arci
686 1176 1093 1255 Fidenarum,
1117 1176 1298 1263 signa
1322 1177 1590 1265 profert:
1637 1176 2057 1277 peditumque
2080 1175 2283 1240 aciem

168 1274 551 1327 instructam
594 1262 789 1351 pleno
818 1263 1021 1363 gradu
1050 1264 1119 1327 in
1151 1263 1401 1327 hostem
1440 1263 1724 1327 inducit:
1773 1263 2073 1349 magistro
2101 1261 2285 1347 equi-

170 1360 303 1411 tum
332 1350 680 1449 praecipit,
710 1372 795 1413 ne
823 1350 1068 1413 iniussu
1104 1370 1387 1437 pugnam
1416 1347 1716 1434 incipiat:
1765 1370 1853 1425 se,
1885 1370 2085 1435 quum
2126 1368 2288 1433 opus

170 1433 267 1509 sit,
296 1448 595 1522 equestri
625 1434 863 1500 auxilio
880 1435 1129 1521 signum
1163 1434 1490 1499 daturum:
1542 1446 1680 1499 tum
1709 1446 1784 1499 ut
1804 1456 2048 1499 memor
2074 1432 2284 1519 regiae

172 1540 447 1605 pugnae,
490 1544 747 1587 memor
788 1521 985 1621 opimi
1024 1521 1199 1599 doni,
1245 1521 1638 1621 Romulique
1675 1543 1748 1585 ac
1785 1518 1953 1586 Iovis
1997 1518 2283 1595 Feretrii,

170 1624 303 1669 rem
332 1622 612 1693 gereret.
692 1606 1013 1694 Legiones
1039 1606 1287 1694 impetu
1314 1608 1566 1695 ingenti
1595 1607 1780 1672 confi'
1923 1619 1966 1672 t.
2045 1606 2282 1671 Roma-

172 1710 293 1755 nus
320 1694 477 1759 odio
520 1716 843 1771 accensus,
875 1693 1145 1780 impium
1186 1692 1583 1772 Fidenatem,
1613 1716 1766 1782 prae
1813 1714 2004 1759 onem
2043 1692 2289 1757 Veien-

174 1788 323 1855 tem,
342 1794 649 1867 ruptores
670 1779 1083 1857 indutiarum,
1104 1794 1399 1846 cruentos
1416 1780 1766 1868 legatorum
1785 1778 2047 1845 infanda
2067 1779 2283 1856 caede,

174 1884 494 2013 melpemos
524 1866 835 1954 sanguine
871 1865 1239 1931 colonorum
1284 1888 1566 1946 suorum,
1593 1867 1873 1969 perfidos
1911 1866 2134 1944 socios,
2165 1866 2290 1930 im-

176 1947 253 2012 be
300 1973 369 2015 es
390 1952 617 2018 hostes
632 1951 1039 2039 compellans,
1061 1951 1243 2017 factis
1260 1952 1449 2019 simul
1470 1954 1784 2042 dictisque
1803 1954 2024 2020 odium
2047 1952 2282 2040 explet.

180 2032 617 2105 Concusserat
676 2039 839 2103 rimo
860 2039 1071 2103 statim
1093 2062 1433 2127 congressu
1456 2041 1732 2106 hostem:
1781 2063 1982 2128 quum
1999 2052 2285 2128 repente,
2410 2049 2513 2109 33.

178 2124 513 2207 patefactis
558 2124 635 2191 Fi
682 2146 945 2189 enarum
987 2125 1205 2213 portia,
1248 2148 1414 2191 nova
1452 2127 1732 2214 erumpit
1773 2127 1959 2204 aeica,
2001 2126 2289 2190 inaudita
2305 2132 2571 2182 Fidenate·

138 2223 169 2274 6
184 2222 325 2275 ante
356 2211 431 2277 id
462 2226 721 2299 tempus
750 2211 1213 2313 invisitataque.
1306 2211 1572 2300 Ignibus
1602 2224 1842 2277 armata
1869 2213 2095 2299 ingens
2124 2211 2290 2276 mul·
2305 2200 2588 2309 {22²5}ssssss

184 2294 412 2377 titudo,
442 2298 818 2386 facibusque
860 2297 1227 2363 ardentibus
1256 2310 1391 2363 tota
1429 2298 1768 2376 collucens,
1799 2296 1976 2363 velut
2014 2298 2288 2363 fanatico
2305 2324 2446 2373 mati.

184 2380 485 2452 instincta
514 2408 726 2463 cursu,
758 2385 827 2449 in
868 2384 1115 2449 hostem
1144 2384 1307 2449 ruit:
1353 2384 1684 2471 formaque
1715 2384 2004 2449 insolitae
2033 2406 2287 2483 pugnae

186 2464 517 2539 Romanos
573 2492 917 2561 parumper
972 2470 1327 2535 exterruit·
1418 2468 1592 2534 Tum
1651 2470 1940 2547 dictator,
1993 2482 2292 2557 magistro

190 2559 479 2639 equitum
524 2558 999 2659 equitibusque,
1042 2567 1180 2621 tum
1224 2577 1307 2619 ex
1350 2556 1674 2620 montibus
1715 2555 2025 2631 Quinctio
2067 2554 2290 2633 accite,

152 2654 177 2704 7
190 2644 503 2723 proelium
552 2666 747 2723 ciens,
794 2644 931 2731 ipse
984 2644 1053 2707 in
1100 2640 1424 2706 sinistrum
1476 2664 1695 2719 cornu,
1745 2642 1939 2728 quod,
1993 2641 2294 2706 incendio

193 2724 455 2797 similius
496 2752 693 2817 quam
718 2730 986 2817 proelio,
1020 2728 1309 2793 territum
1350 2740 1624 2793 cesserat
1658 2727 1949 2806 flammis,
1981 2728 2288 2793 accurrit:

194 2810 487 2903 clamque
515 2838 693 2893 voce,
726 2824 747 2855 ‘
764 2815 1053 2881 Fumone
1082 2814 1275 2892 victi‚'
1301 2814 1370 2879 in
1417 2814 1535 2892 uit,
1567 2814 1772 2880 ‘velut
1799 2836 2070 2879 examen
2098 2836 2291 2901 apum

198 2903 219 2933 ⁶
232 2896 371 2965 loco
397 2916 611 2968 vestro
634 2902 864 2980 exacti,
894 2900 1125 2966 inermi
1147 2900 1387 2966 cedetis
1462 2902 1583 2966 osti
1599 2902 1630 2966 i>
1674 2900 1828 2967 Non
1856 2901 2024 2967 ferro
2052 2901 2293 2967 exstin-

197 2988 439 3071 ‘guetis
474 2989 703 3089 ignes?
746 3010 879 3053 non
906 2988 1075 3053 faces
1111 2987 1225 3053 has
1262 2987 1430 3075 ipsas
1465 3009 1584 3076 pro
1613 3010 1680 3053 se
1720 2988 2012 3076 quisque,
2043 2988 2097 3052 si
2135 2987 2290 3075 igni,

201 3076 221 3107 ⁸
236 3092 365 3139 non
404 3075 571 3152 telis,
607 3074 1027 3163 pugnandum
1061 3086 1176 3152 est,
1206 3087 1455 3163 ereptas
1484 3074 1654 3140 ultro
1691 3074 1977 3141 inferetis
1992 3075 2023 3139 Ρ
2068 3073 2286 3161 Agite,

202 3163 221 3193 ‘
240 3162 517 3227 nominis
558 3160 837 3227 Romani
866 3182 940 3225 ae
976 3160 1227 3225 virtutis
1266 3174 1520 3248 patrum
1553 3174 1924 3248 vestraeque
1959 3182 2292 3236 memores,

202 3249 463 3314 ‘vertice
493 3247 865 3313 incendium
900 3247 1025 3311 hoc
1052 3246 1123 3310 in
1150 3246 1430 3312 hostium
1458 3248 1724 3323 urbem:
1769 3259 1838 3310 et
1867 3245 1996 3310 suis
2023 3245 2294 3309 flammis

203 3335 225 3366 ‘
238 3330 449 3401 delete
480 3334 771 3412 Fidenas,
792 3354 951 3421 quas
971 3333 1193 3397 vestris
1208 3332 1536 3398 beneficiis
1555 3332 1804 3419 placare
1827 3353 1958 3395 non
1979 3332 2292 3419 potuistis.

206 3423 225 3452 ‘
242 3415 631 3509 legatorum
668 3420 794 3486 hoc
820 3442 934 3485 vos
971 3430 1322 3483 vestrorum
1356 3418 1726 3483 colonorum
1775 3440 1854 3482 ue
1883 3418 2155 3519 sanguis,
2187 3441 2296 3483 va·
2323 3424 2338 3431 '

210 3509 229 3539 ‘
247 3510 519 3595 stetique
570 3508 733 3572 fines
790 3504 1094 3571 monent)
1182 3504 1294 3569 Ad
1344 3504 1683 3591 imperium
1727 3440 2068 3569 ‘dictatoris
2123 3518 2298 3570 mota

207 3606 435 3659 cuncta
470 3594 639 3659 acies
655 3618 677 3659 :
722 3594 891 3658 fiices
924 3591 1159 3681 partim
1199 3591 1462 3655 emissae
1498 3590 1928 3678 excipiuntur,
1964 3591 2196 3679 partim
2231 3592 2295 3657 vi

212 3678 597 3766 eripiuntur:
645 3692 915 3767 utraque
944 3678 1111 3745 acies
1133 3690 1411 3742 armatur
1426 3676 1580 3765 igni.
1673 3676 1988 3767 Magister
2005 3679 2298 3766 equitum

212 3774 276 3825 et
328 3766 465 3855 ipse
512 3778 707 3832 novat
754 3786 1039 3853 pugnam
1083 3776 1462 3852 equestrem.
1556 3763 1796 3831 Frenos
1841 3777 1916 3830 ut
1964 3764 2302 3831 detrahant
2375 3779 2384 3785 '

277 4012 1227 4075 sdbfflnidieimliorcoeoasio·
1359 4010 2106 4072 7Quod,inoend⁸onmilim

219 4082 291 4130 Μ,
330 4092 478 4139 qum
515 4078 716 4139 paona]
771 4076 853 4123 Ab
894 4072 1087 4137 pristini
1130 4072 1229 4123 diei
1286 4075 1489 4137 proelio,
1519 4074 1768 4133 territum]
1825 4072 1996 4121 Oratio
2035 4025 2206 4134 paullo
2237 4072 2305 4119 el-

220 4146 452 4199 !uceessn,
495 4140 580 4202 qui
624 4140 789 4203 potius
840 4140 973 4187 bona
1022 4137 1230 4196 occasio,
1294 4136 1466 4199 liptica
1488 4152 1596 4200 pro,
1616 4138 1746 4201 quod
1763 4137 1823 4185 ab
1845 4152 1916 4194 eo,
1936 4138 2066 4200 quod
2085 4136 2308 4183 incusato

220 4211 361 4257 quam
392 4218 627 4267 prospera
660 4218 842 4266 pugna,
873 4202 973 4250 dici
1004 4201 1231 4251 debebat.
1292 4202 1504 4249 timaeus
1538 4216 1684 4267 quom
1713 4200 1898 4263 proelio
1925 4205 2062 4257 emt,
2083 4198 2310 4247 mm

222 4260 375 4316 cuv.
1290 4266 1739 4325 unsaramma,
1761 4262 1852 4311 nisi
1873 4262 2018 4309 malis
2039 4260 2308 4310 versionem

282 4328 311 4377 6
333 4332 537 4393 Ιφιὶὸω
557 4332 779 4391 amaa]
816 4330 879 4383 cf.
900 4330 1021 4378 Infr.
1044 4328 1126 4377 vii.
1154 4339 1229 4391 17.
1296 4327 1687 4385 Drakenborch„
1718 4342 1872 4375 coma
1905 4326 2070 4386 sitisse
2102 4326 2310 4375 amium

226 4386 337 4443 Tac.
364 4398 489 4445 Anii.
512 4394 613 4446 xiv.
638 4408 713 4458 3ο.
1296 4392 1520 4439 incendio
1539 4406 1684 4452 quau·
1703 4390 1902 4451 proelio.

1859 4455 1960 4511 s2
