3000 4784
675 182 808 245 410
1445 172 1673 241 ΤΙΤῙ
1732 172 2009 241 LIVII

353 328 421 441 ἵ..
445 327 505 443 g.
531 338 640 391 395.
679 334 850 414 anno
897 312 976 377 O.
1000 310 1322 377 Poetelius
1367 308 1612 411 Balbus
1646 309 1887 410 consul,
1934 332 2135 409 quum
2176 308 2457 409 collegae
2476 326 2481 329 ·
2500 309 2669 373 eim
2714 304 2801 373 M.

681 396 1268 551 isam&
1342 396 2455 582 H3s32..¹22‡3:;:“3.02122¹⁸⁵r.
2490 394 2809 568 ’ζωῇ

353 587 489 633 Cous.
681 570 990 637 auxilium
1021 592 1238 669 quum·
1256 506 1428 634 goalii
1459 592 1541 633 ex
1577 567 1935 656 Campania
1962 569 2292 645 redissent,
2322 568 2561 634 foedae
2597 590 2815 654 popu-

679 656 948 723 lationes
979 657 1050 721 in
1083 656 1426 733 Lauoeno,
1459 654 1977 741 Tusculanoque,
2008 668 2075 719 et
2115 655 2374 719 Albano
2410 677 2600 742 agro,
2636 650 2817 717 haud

680 744 874 809 dubie
905 742 1282 807 Tiburtibus
1311 741 1602 818 ducibus,
1626 756 1775 807 sunt
1805 742 2023 807 factae.
2118 740 2223 819 Et,
2254 764 2459 827 quum
2492 741 2819 806 adversus

683 830 1022 895 Tiburtem
1061 828 1310 893 hostem
1356 827 1523 894 duce
1558 828 1817 893 consule
1862 840 2167 893 contenta
2199 827 2571 914 respublica
2622 838 2817 899 amet,

355 928 421 1001 Q...
435 926 668 976 Servilius
689 914 978 981 Gallicus
1022 914 1333 980 tumultus
1383 913 1761 979 dictatorem
1806 915 2007 981 crean'
2052 914 2279 1001 coegit.
2374 912 2677 979 Crestus
2732 912 2815 985 Q

355 994 576 1041 metator.
685 1000 992 1069 Servilius
1037 1000 1248 1066 Ahala
1285 1000 1364 1065 T.
1403 1000 1785 1076 Quinctium
1822 1001 2194 1087 magistrum
2236 1000 2541 1086 equitum
2592 1000 2815 1073 dixin

683 1102 750 1154 et
777 1112 862 1153 ex
901 1088 1272 1153 auctoritate
1313 1086 1605 1164 Patrum,
1634 1087 1687 1151 si
1724 1109 2021 1174 prospere
2062 1086 2133 1151 id
2164 1086 2409 1151 bellum
2456 1086 2815 1158 evenisset,

683 1174 870 1241 ludos
897 1197 1159 1262 magnos
1187 1174 1376 1238 vovit.
1469 1173 1765 1239 Dictator
1786 1172 1867 1239 ad
1890 1173 2309 1239 continendos
2330 1172 2609 1259 proprio
2642 1170 2817 1237 bello
2832 1185 2859 1237 ἵ

685 1262 988 1328 Tiburtes
1019 1259 1334 1325 consulari
1373 1258 1662 1325 exercitu
1704 1260 1871 1324 iusso
1906 1282 2185 1336 manere,
2222 1281 2449 1325 omnes
2494 1258 2815 1332 iuniores,

355 1354 530 1415 Pugna
551 1368 600 1399 ῦ-
684 1349 862 1415 nullo
893 1348 1284 1413 detrectante
1319 1346 1633 1422 militiam,
1664 1358 2055 1411 sacramento
2095 1345 2327 1432 adegit.
2420 1345 2819 1445 Pugnatum
2955 1307 2961 1453 N

353 1426 600 1529 {munium
683 1434 857 1500 haud
887 1434 1109 1521 procul
1147 1446 1332 1521 porta
1363 1431 1622 1497 Collina
1658 1444 1755 1497 est
1794 1432 1991 1497 totius
2022 1432 2261 1497 viribus
2296 1433 2501 1509 urbis,
2532 1456 2611 1497 m
2660 1454 2819 1497 con-

683 1534 908 1607 spectu
1096 1533 1279 1584 ntum
1309 1518 1781 1606 coniugumque
1812 1542 1887 1583 ac
1914 1518 2291 1583 liberorum:
2339 1541 2513 1617 quae
2544 1540 2815 1605 magua,

682 1608 874 1671 etiam
917 1631 956 1671 a
1067 1607 1300 1683 ntibus,
1347 1604 1749 1669 hortamenta
1790 1604 2006 1683 animi,
2052 1617 2193 1669 tum
2234 1606 2533 1671 subiecta
2574 1604 2815 1680 oculis

681 1693 870 1757 simul
928 1692 1316 1758 verecundia
1373 1691 1932 1778 misericordiaque
2001 1690 2274 1757 militem
2330 1692 2813 1759 accendebant.

685 1778 930 1865 Magna
969 1779 1290 1864 utrimque
1321 1778 1496 1843 edita
1534 1778 1749 1855 caede,
1782 1778 2089 1843 avertitur
2126 1778 2385 1843 tandem
2416 1779 2601 1845 acies
2650 1776 2819 1843 Gal-

681 1864 906 1929 lorum.
999 1864 1178 1950 Fuga
1234 1864 1456 1941 Tibur,
1520 1865 1684 1929 sicut
1740 1887 1950 1931 arcem
1999 1862 2152 1929 belli
2214 1863 2473 1942 Gallici,
2524 1876 2807 1953 petunt:

682 1950 878 2037 palati
935 1974 976 2015 a
1029 1950 1288 2015 consule
1347 1950 1637 2017 Poetelio
1695 1950 1869 2017 haud
1970 1950 2149 2017 rocul
2207 1950 2453 2015 Tibure
2516 1950 2812 2038 excepti,

685 2038 948 2125 egressis
975 2036 1058 2103 ad
1087 2060 1276 2124 opem
1305 2035 1633 2102 ferendam
1665 2037 1922 2103 Tiburti
1969 2060 2061 2114 ua,
2094 2036 2281 2102 simul
2312 2060 2465 2103 cum
2496 2037 2606 2105 his
2634 2040 2811 2104 intra

2955 2275 2961 2357 l

685 2138 896 2213 portas
935 2123 1419 2212 compelluntur.
1515 2122 1789 2211 Egregie
1865 2146 2019 2189 uum
2059 2124 2141 2189 ab
2168 2124 2502 2202 dictatore,
2536 2136 2691 2191 tum
2732 2124 2811 2187 ab

359 2219 566 2298 ῌριςιιίοἰ
687 2212 946 2277 consule
975 2234 1076 2277 res
1111 2224 1292 2299 gesta
1319 2223 1432 2277 est.
1526 2209 1611 2275 Et
1652 2232 1847 2275 consu
1902 2210 2063 2275 alter
2101 2210 2335 2276 Fabius
2362 2211 2639 2297 proeliis
2677 2211 2811 2299 pri·
2953 2152 2961 2274 i

356 2292 487 2337 ”⁰²¹⁰
687 2320 864 2363 mum
885 2299 1111 2384 parvis&
1142 2310 1462 2384 postremo
1490 2318 1623 2361 una
1650 2296 1885 2383 insigni
1912 2320 2147 2384 pugna,
2218 2320 2375 2363 uum
2404 2296 2631 2363 hostes
2656 2297 2809 2363 totis

685 2384 894 2449 adorti
921 2385 1120 2471 copiis
1155 2396 1384 2460 essent,
1419 2382 1735 2448 Hernicos
1772 2384 2072 2449 devincit.
2234 2384 2482 2462 ictator,
2518 2384 2813 2451 consuli-
2951 2361 2958 2438 5

685 2471 804 2537 bus
846 2471 916 2537 in
959 2484 1184 2537 senatu
1227 2483 1293 2535 et
1336 2468 1509 2556 apud
1637 2468 1861 2556 pulum
1906 2471 2241 2557 magnifice
2286 2470 2695 2549 collaudatis,
2742 2482 2809 2535 et

685 2580 940 2625 suarum
970 2580 1226 2645 quoque
1265 2578 1478 2621 rerum
1512 2556 1525 2569 '
1577 2556 1631 2619 is
1660 2558 1920 2622 remisso
1948 2556 2209 2633 honore,
2242 2556 2559 2623 dictatura
2588 2582 2666 2625 se
2698 2558 2807 2623 ab·
2949 2509 2958 2640 i

685 2644 934 2711 dicavit.
1027 2643 1350 2709 Poetelius
1385 2642 1467 2707 de
1518 2641 1723 2707 Gallis
1764 2643 2267 2730 Tiburtibusque
2306 2646 2649 2729 geminum
2694 2643 2806 2711 tri-
2951 2649 2952 2688 ¹

687 2731 1000 2817 umphum
1039 2731 1190 2817 egit.
1282 2729 1480 2795 Fabio
1518 2729 1669 2794 satis
1706 2730 1931 2807 visum,
1974 2740 2049 2796 ut
2088 2752 2282 2795 ovans
2317 2730 2545 2795 urbem
2581 2732 2803 2797 iniret.

683 2815 962 2881 Irridere
1021 2816 1294 2881 Poetelii
1345 2815 1741 2903 triumphum
1794 2816 2131 2881 Tiburtes:
2198 2825 2217 2854 ‘
2240 2817 2351 2881 ubi
2406 2817 2585 2881 enim
2648 2838 2799 2885 eum

689 2908 708 2937 ‘
730 2923 946 2964 secum
969 2902 1102 2965 acie
1121 2902 1518 2966 conflixisse?
1560 2915 1944 2989 spectatores
1961 2925 2198 2990 paucos
2214 2902 2400 2990 fugae
2422 2903 2801 2990 trepidatio·

689 2994 710 3023 ‘
733 2986 959 3073 nisque
1009 2985 1360 3063 Gallorum,
1404 3000 1587 3052 extra
1682 3002 1845 3054 ortas
1888 3012 2187 3076 egressos,
2224 3003 2564 3077 postquam
2608 2990 2689 3056 in
2732 3012 2799 3053 se

691 3080 710 3111 ‘
732 3094 989 3174 quoque
1025 3072 1162 3137 fieri
1205 3072 1519 3160 impetum
1545 3012 1843 3153 viderint,
1880 3088 1948 3141 et
1988 3076 2124 3141 sine
2166 3075 2529 3141 discrimine
2578 3077 2798 3143 obvios

691 3168 711 3199 ‘
733 3160 932 3239 caedi,
962 3160 1272 3248 recepisse
1301 3182 1368 3225 se
1399 3159 1570 3225 intra
1598 3162 1838 3227 urbem.
1934 3161 2096 3227 Eam
2124 3184 2261 3227 rem
2296 3162 2625 3249 triumpho
2656 3164 2799 3249 dig-

691 3256 711 3285 ‘
733 3270 884 3313 nam
912 3248 1112 3314 visam
1137 3247 1488 3313 Romanis?
1564 3246 1671 3313 Ne
1700 3249 1891 3313 nimis
1918 3248 2149 3313 mirum
2180 3270 2615 3336 magnumque
2642 3272 2797 3315 cen-

691 3341 712 3373 ‘
733 3349 964 3413 serent,
989 3334 1334 3400 tumultum
1363 3334 1614 3399 exciere
1645 3334 1717 3397 in
1742 3333 2022 3399 hostium
2048 3335 2267 3421 portiS,
2290 3335 2597 3401 maiorem
2624 3336 2795 3423 ipsos
2958 3299 2960 3400 i

693 3429 713 3460 ‘
737 3421 1225 3508 trepidationem
1255 3432 1401 3485 ante
1434 3420 1689 3485 moenia
1715 3442 1829 3484 sua
1856 3420 2135 3485 visuros!

473 3489 572 3562 12·
779 3507 1006 3597 Itaque
1037 3506 1400 3594 insequenti
1424 3530 1613 3583 ann0,
1640 3504 1735 3570 M.
1759 3506 2033 3595 Popillio
2058 3505 2363 3586 Laenate,
2394 3506 2519 3573 Cn.
2543 3505 2791 3575 Manlio
2806 3525 2834 3572 8

759 3745 786 3795 7
819 3736 984 3783 Ludos·
1003 3736 1225 3796 moeyms]
1267 3750 1334 3783 sc.
1360 3736 1713 3785 Instaurandos
1776 3733 2028 3797 publicum
2074 3748 2188 3783 cum
2232 3734 2377 3783 hena
2420 3732 2621 3791 ficeret,
2662 3732 2791 3795 quod
2958 3713 2960 3782 i

689 3804 778 3847 aut
797 3796 1100 3845 inusitatiore
1121 3804 1363 3860 apparatu
1381 3800 1711 3849 celebrandos.
1776 3805 1881 3847 erat
1904 3798 2112 3847 Flamen
2132 3797 2479 3856 Carmentalis,
2494 3796 2658 3859 plebei
2679 3812 2788 3845 con-

690 3866 748 3911 ut
767 3876 900 3923 supr.
920 3860 983 3909 iv.
1007 3872 1082 3922 27.
1770 3868 1849 3911 tra
1888 3864 2060 3911 Patres
2095 3861 2425 3911 concitatione
2462 3866 2517 3909 et
2554 3858 2789 3911 seditione

756 3927 787 3976 s
809 3928 888 3976 M.
905 3926 1120 3988 Popillio
1139 3926 1383 3987 Laenate]
1412 3926 1515 3975 Hic
1540 3926 1706 3989 Popil-
1770 3927 2015 3985 nuntiata,
2045 3930 2101 3973 ut
2140 3931 2248 3974 erat
2279 3926 2423 3975 laena
2458 3924 2687 3982 amicum,
2724 3924 2789 3973 is
2958 3901 2960 3978 4

691 3990 788 4040 lius
817 3992 1054 4041 Laenatis
1089 3989 1180 4038 sibi
1217 4004 1486 4053 cognomen
1525 3990 1577 4040 in
1611 3990 1707 4040 hoc
1772 3991 1905 4039 venit
1949 3990 2000 4038 in
2046 3990 2352 4048 concionem,
2388 3988 2787 4049 seditionemque,

689 4055 976 4119 magistratu
1018 4054 1220 4117 ceperit,
1263 4060 1320 4103 ut
1361 4054 1594 4104 discimus
1644 4070 1706 4103 ex
1771 4069 1925 4115 quum
1956 4054 2267 4112 auctoritate,
2288 4058 2395 4102 tum
2417 4052 2639 4101 oratioue
2658 4053 2785 4101 seds-

691 4120 794 4170 Cic.
839 4120 890 4169 in
935 4118 1108 4179 Bruto,
1157 4134 1229 4180 ¹4·
1275 4120 1308 4144 “
1333 4119 1475 4168 Licet
1518 4118 1705 4179 aliquid
1772 4118 1893 4167 vit.”
1959 4118 2027 4166 Et
2064 4132 2183 4166 sane
2221 4116 2364 4176 infin,
2400 4116 2495 4165 hoc
2538 4116 2648 4178 ipso
2686 4130 2787 4177 cap.

689 4183 893 4241 etiam,”
923 4182 1082 4245 inquit
1117 4183 1221 4242 ille,
1252 4184 1285 4209 “
1303 4184 1366 4231 de
1397 4182 1472 4231 M.
1504 4181 1704 4244 Popillii
1772 4181 1943 4231 Livius
1974 4180 2227 4231 seditionis
2258 4179 2459 4231 orientis
2490 4180 2782 4229 mentionem

688 4245 882 4307 ingenio
903 4246 1153 4308 suspicari,
1169 4246 1252 4307 qui
1269 4261 1422 4307 quum
1446 4247 1617 4295 consul
1634 4261 1704 4295 es-
1770 4245 1903 4295 facit.
1966 4248 2142 4295 Lamo
2166 4252 2273 4295 erat
2300 4242 2449 4293 vestis
2480 4243 2703 4304 crassior,
2720 4244 2781 4293 in·

689 4314 780 4366 set,
823 4310 1094 4370 eodemque
1144 4315 1366 4371 tempore
1412 4308 1704 4359 sacrificium
1770 4314 1871 4362 star
1890 4308 2102 4371 duplicis
2124 4314 2282 4372 togae.
2314 4310 2480 4361 Catv.
