3000 4784
678 205 799 266 142
1443 200 1670 270 ΤΙΤΙ
1729 198 2002 268 LIVII

346 345 416 396 U·
438 345 499 396 0:
523 345 631 408 284-
670 336 995 402 consulem
1054 338 1367 404 timuerat.
1492 336 1707 406 Semel
1763 359 2014 404 causam
2079 335 2264 414 dixit,
2371 357 2456 400 uo
2517 355 2773 422 semper

344 410 406 460 A.
440 411 498 462 0·
522 409 634 472 4⁶⁸·
672 447 859 511 agere
888 423 1103 490 omnia
1130 424 1351 490 solitus
1381 437 1536 502 erat⁹
1568 425 1955 492 accusatorio
1983 423 2248 512 spiritu:
2379 445 2586 522 eoque
2615 444 2775 486 con-

672 511 905 575 stantia
929 533 1045 574 sua
1071 523 1139 576 et
1166 511 1455 576 tribunos
1484 511 1906 600 obstupefecit
1943 524 2012 577 et
2038 511 2312 598 plebem,
2342 521 2418 574 ut
2445 509 2618 574 diem
2647 508 2776 596 ipsi

672 619 787 662 sua
841 596 1165 662 voluntate
1224 597 1668 684 prodicerent:
1748 598 1912 664 trahi
1971 597 2206 663 deinde
2267 619 2403 662 rem
2465 596 2772 660 sinerent.

346 684 479 758 Apte
499 683 622 734 iudi·
675 682 873 748 Haud
921 683 1015 748 ita
1062 683 1337 749 multum
1394 685 1652 750 interim
1709 685 2010 772 temporis
2065 684 2205 749 fuit.
2295 681 2471 747 Ante
2531 696 2775 759 tamen,

346 763 479 859 {mm
501 763 626 862 ¹³²2*
673 792 867 856 quam
905 771 1196 856 prodicta
1228 771 1367 837 dies
1392 772 1660 850 veniret,
1691 773 1913 838 morbo
1954 772 2236 836 moritur.
2331 768 2536 834 Cuius
2565 791 2774 854 quum
2797 791 2814 823 1

380 827 411 860 ⁰
438 827 561 860 mon
584 827 655 862 ur.
672 855 1102 922 laudationem
1176 858 1415 923 tribuni
1488 858 1692 946 plebis
1749 858 2058 946 impedire
2128 868 2526 934 conarentur,
2587 855 2776 1005 plebs

671 943 945 1008 fiaudari
990 943 1259 1008 sollenni
1298 944 1539 1010 honore
1583 968 1950 1033 supremum
1978 945 2151 1009 diem
2179 944 2341 1010 tanti
2369 943 2490 1007 viri
2517 965 2604 1007 no
2629 955 2772 1018 mt;

672 1041 741 1093 et
785 1028 1213 1094 laudationem
1254 1042 1383 1096 tam
1422 1033 1643 1118 aequis
1691 1031 1944 1097 auribus
1990 1031 2225 1096 mortui
2272 1029 2534 1106 audivit,
2573 1051 2776 1115 quam

670 1116 801 1266 {ivi
828 1117 1315 1216 ‘accusationem
1366 1118 1687 1196 audierat3
1749 1131 1818 1184 et
1867 1117 2200 1204 exsequias
2249 1117 2549 1204 frequens
2599 1113 2775 1180 cele-

715 1215 891 1268 raVlt.

443 1291 546 1353 62.
760 1288 1009 1355 Eodem
1051 1313 1221 1356 anno
1265 1290 1563 1358 Valerius
1605 1289 1844 1369 consul,
1881 1313 2030 1356 cum
2067 1290 2354 1356 exercitu
2394 1289 2463 1353 in
2501 1287 2774 1376 Aequos

670 1377 1005 1464 profectus,
1052 1401 1253 1464 quum
1287 1377 1548 1444 ’hostem
1597 1379 1680 1444 ad
1729 1377 2040 1466 proelium
2083 1377 2313 1442 elicere
2357 1399 2489 1440 non
2531 1389 2770 1463 posset,

668 1477 871 1528 castra
907 1486 1274 1551 oppugnare
1314 1478 1412 1529 est
1448 1464 1721 1530 adortus,
1813 1464 2151 1529 Prohibuit
2182 1463 2371 1528 foeda
2405 1474 2770 1550 tempestae,

669 1572 815 1615 cum
888 1549 1152 1614 randine
1184 1573 1257 1614 ac
1296 1551 1636 1615 tonitribus
1678 1551 1857 1616 coelo
1897 1551 2160 1616 deiecta.
2253 1549 2772 1614 Admirationem

669 1635 819 1699 dein
867 1659 903 1698 e
934 1635 1132 1713 auxit,
1164 1636 1345 1722 signo
1374 1637 1660 1724 receptui
1694 1637 1864 1714 dato,
1896 1636 2058 1702 adeo
2093 1635 2434 1723 tranquilla
2461 1635 2770 1702 serenitas

668 1720 951 1786 reddita=
1000 1733 1092 1798 ut⁹
1123 1721 1300 1786 velut
1327 1723 1592 1788 numine
1633 1721 1847 1810 aliquo
1879 1723 2138 1788 defensa
2165 1736 2366 1788 castra
2393 1745 2768 1810 oppugnare

666 1807 919 1884 iterum,
971 1807 1193 1894 religio
1242 1807 1447 1874 fiierit.
1544 1809 1773 1874 Omnis
1823 1810 1919 1874 ira
1965 1810 2116 1874 belli
2160 1809 2244 1875 ad
2415 1809 2772 1874 ulationem

667 1893 801 1980 agri
822 1893 1029 1959 vertit.
1120 1893 1309 1959 Alter
1330 1895 1552 1960 consul
1574 1895 1892 1960 Aemilius
1913 1897 1982 1960 in
2009 1895 2257 1962 Sabinis
2407 1919 2518 1960 um
2538 1897 2764 1983 gessit:

667 1991 735 2044 et
773 1979 881 2057 ibi,
920 1980 1073 2080 quia
1114 1981 1314 2046 hostis
1354 1983 1688 2047 moenibus
1725 2005 1793 2047 se
1839 1985 2116 2062 tenebat,
2159 1984 2382 2048 vastati
2419 1982 2554 2071 agri
2593 1996 2764 2050 sunt.

668 2064 993 2130 Incendiis
1038 2067 1291 2146 deinde,
1334 2091 1464 2134 non
1504 2068 1795 2134 villarum
1835 2070 2044 2148 modo,
2075 2069 2189 2134 sed
2223 2070 2414 2134 etiam
2458 2070 2766 2148 vicorum,

666 2153 897 2238 quibus
926 2153 1293 2240 frequenter
1320 2153 1741 2234 habitabatur,
1778 2154 1995 2221 Sabini
2025 2156 2238 2233 exciti,
2269 2179 2471 2242 quum
2499 2157 2768 2244 praeda-

666 2239 907 2304 toribus
958 2240 1393 2318 occurrissent,
1443 2243 1706 2329 ancipiti
1751 2242 1993 2328 proelio
2035 2243 2318 2330 digressi,
2361 2255 2615 2329 postero
2657 2242 2766 2308 die

664 2325 938 2390 retulere
998 2339 1200 2392 castra
1256 2327 1325 2391 in
1372 2328 1608 2395 tutiora
1662 2328 1816 2394 loca.
1908 2329 1989 2394 Id
2040 2330 2190 2394 satis
2239 2329 2482 2394 consuli
2534 2329 2760 2409 visum,

663 2433 791 2563 ffil
830 2435 945 2500 pro
987 2413 1156 2480 victo
1199 2415 1590 2503 relinqueret
1633 2415 1902 2494 hostem,
1947 2416 2197 2504 integro
2244 2415 2398 2482 inde
2442 2415 2766 2482 decedens

795 2522 851 2564 0.

444 2591 546 2652 63.
754 2584 931 2651 Inter
969 2586 1125 2652 haec
1170 2587 1354 2666 bella,
1386 2603 1684 2654 manente
1725 2588 2040 2656 discordia
2078 2588 2273 2667 domi,
2306 2589 2386 2654 T.
2421 2587 2767 2658 Numicius

340 2675 408 2726 U·
432 2676 491 2725 C·
518 2675 625 2736 285·
666 2670 936 2751 Priscus,
970 2674 1053 2738 A.
1088 2675 1174 2741 V·
1258 2675 1271 2688 '
1324 2675 1423 2738 ius
1461 2676 1750 2741 consules
1779 2677 1946 2742 facti.
2040 2676 2196 2741 Non
2235 2677 2403 2741 ultra
2429 2677 2766 2742 videbatur

336 2741 398 2852 ᾗ·
425 2741 492 2852 ξ·
514 2739 624 2851 31617·
663 2757 868 2824 latura
894 2759 1112 2846 plebes
1140 2697 1514 2826 ffionem
1543 2763 1820 2849 agrariae
1861 2762 2036 2850 legiS,
2068 2763 2252 2828 ultim
2337 2787 2418 2828 ue
2459 2763 2552 2828 vis
2579 2786 2767 2850 para-

334 2839 431 2927 cio,
454 2820 515 2916 X.
536 2867 645 2914 Vi»-
662 2844 867 2921 batur,
914 2868 1134 2930 quum,
1182 2846 1449 2910 Volscos
1492 2847 1730 2927 adesse,
1765 2850 1942 2916 fumo
1987 2872 2070 2915 ex
2113 2850 2303 2914 incen
2354 2850 2430 2914 'is
2469 2849 2764 2916 villarum

333 2931 467 2995 ginio
488 2933 624 2982 00⁶⁸·
661 2929 697 2992 f
856 2953 939 2993 ue
992 2931 1331 3016 agrestium
1390 2934 1718 3018 cognitum
1775 2950 1887 3001 est.
1980 2935 2078 3001 Ea
2119 2958 2220 3001 res
2271 2950 2582 3001 maturam
2632 2936 2764 3002 iam

662 3037 729 3080 se
781 3016 1043 3079 ‘tionem
1100 3039 1175 3080 ac
1232 3038 1430 3104 prope
1490 3034 1932 3107 erumpentem
1990 3045 2057 3088 re
2104 3022 2302 3088 ressit.
2425 3022 2761 3101 Consule&

664 3101 866 3165 coacti
896 3113 1109 3166 extem
1156 3101 1217 3167 lo
1241 3104 1319 3168 ab
1350 3117 1577 3168 senatu
1599 3106 1682 3170 ad
1709 3107 1968 3188 bellum,
1993 3133 2028 3174 e
2080 3123 2225 3174 ueta
2246 3133 2329 3174 ex
2358 3110 2514 3174 urbe
2537 3110 2764 3175 iuven·
2781 3149 2814 3183 2

665 3200 821 3266 tute,
863 3190 1117 3289 tranqui
1168 3189 1375 3256 'orem
1398 3206 1688 3256 ceteram
1726 3193 1980 3281 plebem
2018 3197 2323 3261 fecerunt.
2418 3195 2506 3260 Et
2546 3195 2763 3262 hostes

662 3276 942 3375 quidem,
984 3276 1147 3341 mhil
1187 3276 1361 3342 aliud
1401 3301 1597 3365 quam
1638 3281 1907 3368 perfusis
1950 3305 2113 3348 vano
2158 3283 2383 3348 timore
2431 3282 2760 3362 Romanis,

336 3377 537 3428 Beuum
660 3374 853 3426 citato
876 3362 1127 3448 agmine
1152 3364 1405 3429 abeunt.
1484 3365 1825 3432 Numicius
1849 3368 2124 3434 Antium
2146 3368 2444 3434 adversus
2468 3368 2758 3449 Volscos,

330 3441 645 3560 Ξιωθέὧτιίἓίε
662 3448 993 3535 Virginius
1022 3463 1244 3514 contra
1280 3451 1547 3538 Aequos
1585 3453 1920 3541 profectus.
2012 3454 2113 3520 Ibi
2154 3477 2236 3520 ex
2273 3455 2518 3520 insidiis
2555 3477 2759 3544 prope

724 3715 746 3750 1
783 3702 959 3750 Morbo
978 3703 1211 3761 moritur]
1246 3702 1395 3764 Apud
1418 3702 1677 3766 scriptores
1741 3703 2040 3767 Burghesius
2073 3704 2125 3755 in
2163 3707 2328 3756 lucem
2365 3705 2598 3770 prodidit,
2625 3707 2760 3759 hunc

657 3763 875 3814 Graecos
905 3781 971 3814 sc.
1003 3765 1152 3814 Dion.
1174 3765 1240 3814 ix.
1268 3781 1344 3827 54.
1392 3767 1570 3816 Zonar.
1595 3767 1675 3817 vii.
1739 3767 1900 3830 ipsum
1925 3768 2144 3844 Appium
2173 3771 2502 3820 decemvirum
2523 3787 2639 3822 ann.
2665 3787 2759 3836 304

662 3841 734 3890 17.
770 3835 975 3877 mortem
1012 3827 1102 3878 sibi
1140 3830 1427 3880 conscivisse
1456 3832 1677 3894 legimus,
1745 3833 1811 3882 U.
1837 3834 1894 3882 C.
1916 3834 2062 3883 fuisse
2093 3833 2308 3892 coniicit,
2339 3835 2424 3898 qui
2455 3836 2568 3886 infr.
2585 3835 2654 3886 iii.
2679 3851 2757 3900 33.

657 3895 744 3941 sed
767 3891 1001 3952 Romani,
1032 3893 1223 3955 quibus,
1256 3894 1339 3956 qui
1372 3895 1462 3944 sibi
1500 3911 1677 3945 manus
1735 3899 1971 3958 plebicola
2004 3915 2098 3961 pro
2127 3901 2256 3949 truci
2287 3916 2524 3964 saevoque
2553 3903 2758 3950 inmm-

657 3957 918 4016 intulisset,
954 3959 1201 4020 carnificis
1236 3959 1334 4009 loeo
1372 3959 1568 4008 habitus
1604 3968 1678 4009 est
1741 3968 1845 4010 tore
1859 3963 2015 4024 plebis
2030 3963 2236 4012 evasisse
2251 3964 2442 4014 dicitur.
2476 3963 2538 4015 cf.
2555 3965 2757 4014 omnino

659 4026 711 4069 et
763 4021 1029 4083 ignominia
1079 4027 1292 4082 notatus,
1334 4039 1450 4072 eum
1503 4026 1677 4074 morbo
1743 4025 1949 4075 Niebhr.
1972 4026 2022 4075 ii.
2046 4043 2093 4075 n.
2121 4037 2228 4089 754.

658 4091 907 4134 mortuum
946 4101 1049 4134 esse
1086 4087 1360 4136 voluerunt.
1398 4089 1458 4137 cf.
1498 4089 1676 4137 Festus
1804 4104 1831 4137 ἰ
1857 4091 2020 4139 0οασᾶ
2035 4093 2270 4155 externplo
2291 4093 2354 4141 ab
2373 4094 2576 4154 senam]
2605 4093 2756 4142 Hunc

662 4165 708 4198 v.
756 4151 1018 4211 carnificis
1038 4153 1151 4198 loco.
1186 4151 1236 4198 N
1239 4151 1391 4201 iebhr.
1414 4153 1465 4202 ii.
1489 4169 1538 4214 p.
1565 4154 1673 4202 228.
1739 4153 1998 4202 lectionem
2021 4155 2170 4218 plane
2199 4163 2476 4219 corruptam
2509 4173 2614 4206 ene
2645 4173 2757 4208 cen-

658 4211 758 4261 Sed
783 4213 1085 4262 Niebhurius
1112 4214 1333 4263 fabulam
1364 4217 1493 4265 hanc
1518 4221 1674 4264 totam
1739 4223 1812 4265 set
1846 4217 2072 4278 Niebhr.,
2105 4219 2190 4282 qui
2227 4228 2387 4270 coacto
2415 4223 2655 4284 extemplo
2684 4239 2756 4273 εο-

658 4277 725 4323 de
746 4277 897 4338 Appii
930 4283 1087 4326 morte
1122 4277 1323 4326 omnino
1354 4279 1522 4328 fictam
1554 4295 1676 4340 esse,
1737 4289 1864 4330 natu
1904 4283 2162 4345 legendum
2197 4299 2287 4347 pro
2323 4290 2458 4334 certo
2498 4285 2666 4336 habet.
2701 4287 2754 4336 ii.

656 4343 826 4399 atque,
860 4355 924 4405 ex
964 4340 1157 4404 Frsgm.
1182 4340 1315 4393 Fast.
1350 4343 1516 4407 capit.
1549 4359 1675 4406 quae
1739 4360 1790 4396 n.
1813 4357 1923 4409 555.
