3000 4784
856 110 1073 239 Lm,
1095 162 1219 227 111.
1286 163 1511 228 cAP.
1559 169 1661 228 22.
2189 168 2310 229 169

114 313 179 364 6
198 322 291 363 ne
370 300 485 363 uid
512 298 817 364 cederent
845 299 1036 387 plebi,
1068 313 1135 365 et
1163 301 1284 387 ipsi
1313 300 1393 364 L.
1432 301 1810 376 Quinctium
1846 300 2170 366 consulem
2211 324 2312 365 re·
2330 316 2400 365 U.
2421 318 2481 365 c,
2507 332 2617 382 294.

198 386 353 449 ficie
436 400 527 450 nt.
614 385 815 449 Nulla
843 400 977 450 toto
1006 410 1174 451 anno
1204 386 1642 451 vehementior
1669 388 1834 451 actio
1865 387 2140 451 consulis
2169 388 2306 451 fuit.
2327 381 2389 429 A.
2422 382 2483 455 ,0-
2507 383 2618 454 ⁴4⁵8·

202 480 225 508 ‘
246 471 499 547 Mirer,’
526 473 759 558 inquit,
794 480 815 509 ‘
836 473 887 535 si
919 496 1081 535 vana
1108 487 1331 549 vestra,
1365 474 1588 538 Patres
1631 474 1990 559 conscripti,
2038 474 2312 539 auctori-
2329 445 2599 556 3325„OE

132 586 177 634 7
202 566 224 594 ‘
248 570 349 620 tas
380 558 461 620 ad
493 557 745 643 plebem
768 560 909 622 est?
969 558 1105 622 Vos
1126 558 1387 623 elevatis
1408 582 1567 623 eam.
1605 560 1610 571 '
1651 559 1930 658 Quippe,
1953 560 2105 645 quia
2131 558 2313 646 plebs
2330 573 2548 633 castigat.

202 652 225 679 ‘
244 644 869 709 senatusconsultum
900 645 965 707 in
996 645 1443 708 continuandis
1473 645 1938 731 magistratlbus
1967 644 2170 721 solvit,
2191 646 2314 744 ipsi

200 737 225 765 ‘
244 752 514 815 quoque
544 729 819 793 solutum
849 730 1059 806 vultis,
1090 753 1172 793 ne
1205 732 1546 795 temeritati
1576 730 2000 795 multitudinis
2029 731 2306 795 cedatis:

200 822 227 851 ‘
244 828 561 899 tanquam
596 815 664 878 id
707 815 789 879 sit
832 815 975 901 plus
1016 839 1199 914 posse
1244 818 1313 879 in
1356 817 1630 893 civitate,
1662 817 1805 903 plus
1834 817 2105 881 levitatis
2133 840 2206 881 ac
2235 816 2314 879 li-

200 909 226 937 ‘
246 901 504 965 centiae
546 900 797 965 habere.
890 900 1127 965 Levms
1156 903 1329 965 enim
1359 903 1548 965 vaniu
1627 926 1708 966 ue
1737 902 2022 989 profecto
2051 916 2167 979 est,
2199 926 2314 967 sua

200 994 227 1023 ‘
246 986 515 1050 decreta
564 998 632 1050 et
680 986 969 1051 consulta
1018 988 1259 1064 tollere,
1314 1011 1508 1074 quam
1623 990 1845 1053 iorum.
1937 988 2309 1066 Imitamini‚

202 1081 227 1109 ‘
247 1072 481 1136 Patres
523 1073 882 1171 conscripti,
930 1074 1178 1137 turbam
1223 1074 1680 1137 inconsultam:
1729 1088 1814 1149 et,
1860 1076 1968 1160 qui
2017 1075 2313 1161 exemplo

202 1164 229 1196 ‘
246 1158 397 1221 aliis
425 1180 558 1221 esse
588 1158 857 1235 debetis,
891 1158 1157 1223 aliorum
1200 1160 1496 1244 exemplo
1539 1160 1814 1245 peccetis
1856 1161 2085 1246 potina,
2117 1183 2312 1246 quam

204 1253 230 1281 ‘
248 1243 367 1307 alii
394 1257 603 1307 vestro
633 1257 803 1308 recte
835 1245 1101 1323 faciant3
1148 1245 1305 1308 dum
1336 1268 1457 1331 ego
1488 1268 1570 1308 ne
1601 1245 1813 1308 imiter
1857 1246 2160 1321 tribuum,
2191 1268 2312 1309 nec

203 1339 229 1367 ‘
250 1352 361 1393 me
398 1342 621 1393 contra
662 1330 1277 1394 senatusconsultum
1323 1330 1651 1394 consulem
1695 1331 2047 1394 renuntiari
2133 1333 2308 1395 atiar.

204 1423 230 1454 ‘
252 1416 357 1479 Te
389 1438 557 1493 ver0,
595 1415 673 1479 C.
712 1415 965 1493 Claudi,
996 1416 1317 1494 adhortor,
1350 1428 1423 1479 ut
1462 1429 1529 1479 et
1571 1417 1594 1479 i
1669 1438 1704 1479 e
1733 1416 2042 1501 populum
2075 1355 2314 1481 Roma·-

205 1511 417 1565 ‘num
456 1501 575 1565 hac
618 1500 877 1565 licentia
909 1525 1156 1567 arceas:
1205 1516 1271 1567 et
1312 1502 1395 1567 de
1440 1524 1542 1565 me
1633 1524 1710 1565 oc
1758 1502 1868 1566 tibi
1914 1502 2310 1588 persuades-S,

206 1597 231 1626 ‘
252 1610 363 1650 me
392 1588 484 1650 ita
510 1602 937 1674 accepturum,
970 1602 1043 1652 ut
1072 1611 1203 1651 non
1237 1588 1546 1653 honorem
1592 1610 1806 1651 meum
1851 1610 1890 1651 a
1933 1601 1994 1651 te
2040 1588 2312 1675 impedi-

207 1683 232 1712 ‘
255 1689 417 1751 tum,
436 1673 552 1736 sed
577 1672 843 1758 gloriam
871 1675 1065 1772 spreti
1094 1674 1351 1739 honoris
1374 1686 1644 1750 auctam,
1671 1674 2122 1760 invidiamque,
2144 1696 2310 1760 quae

206 1769 232 1798 ‘
250 1782 339 1823 ex
372 1760 742 1824 continuato
784 1783 864 1823 eo
906 1782 993 1823 im
1078 1760 1324 1837 nderet,
1354 1760 1624 1824 levatam
1653 1760 1912 1846 putem.'
2005 1758 2312 1823 Commu-

202 1846 390 1909 niter
432 1844 582 1909 inde
629 1845 909 1921 edicunt,
959 1854 978 1882 ‘
1072 1868 1107 1909 e
1140 1847 1283 1933 quis
1313 1846 1388 1909 L.
1428 1846 1806 1920 Quinctium
1852 1845 2176 1909 consulem
2220 1845 2310 1909 fa-

148 1952 187 1999 8
211 1940 233 1967 ‘
257 1945 472 1996 ceret:
522 1931 576 1998 si
606 1932 747 2016 quis
774 1931 1041 2007 fecisset,
1074 1954 1139 1995 se
1171 1932 1237 1994 id
1268 1931 1634 2017 susti-agium
1679 1954 1806 1995 non
1840 1932 2312 1997 observaturos!

148 2036 189 2085 9
216 2016 543 2082 Consules
586 2018 783 2081 creati
824 2016 907 2091 Q.
953 2014 1183 2081 Fabius
1218 2016 1576 2081 Vibulanus
1621 2017 1878 2079 tertium
1925 2030 1990 2081 et
2035 2016 2112 2080 L.
2151 2016 2312 2082 Cor·
2433 2027 2536 2086 22.

208 2103 429 2167 nelius
481 2102 960 2189 Maluginensis
1082 2101 1331 2167 Census
1380 2114 1556 2165 actus
1607 2124 1685 2165 eo
1737 2125 1944 2166 anno:
2022 2102 2310 2179 lustrum,
2332 2107 2398 2156 U·
2423 2109 2481 2157 C·
2509 2121 2617 2172 295-

210 2200 482 2288 propter
514 2187 904 2288 Capitolium
933 2201 1209 2274 captum,
1240 2187 1566 2252 consulem
1602 2188 1901 2263 occisum,
1933 2187 2123 2253 condi
2167 2189 2313 2252 reli·
2330 2172 2390 2218 A.
2425 2174 2483 2220 C·
2509 2186 2617 2235 ⁴⁵7·

2331 2235 2402 2289 Q.
2427 2235 2582 2283 Fabio

210 2297 471 2360 giosum
498 2275 636 2339 fuit.
2335 2298 2640 2347 111.1..Cor-

314 2360 399 2435 Q.
434 2360 649 2438 Fabio,
682 2360 759 2425 L.
798 2360 1100 2427 Cornelio
1136 2361 1517 2438 consulibus,
1549 2361 1860 2447 principio
1905 2362 2056 2425 anni
2099 2363 2312 2426 statim
2331 2362 2463 2409 nelio
2486 2364 2623 2412 Coss.

214 2470 325 2511 res
369 2446 785 2511 turbulentae.
878 2448 1275 2533 Instigabant
1303 2447 1554 2532 plebem
1587 2447 1840 2509 tribuni.
1933 2446 2184 2509 Bellum
2215 2447 2314 2509 in·-

214 2555 381 2619 gens
410 2556 451 2596 a
477 2532 723 2597 Volscis
752 2546 819 2597 et
850 2534 1097 2620 Aequis
1126 2532 1344 2597 Latini
1374 2546 1566 2617 atque
1600 2530 1867 2595 Hernici
1897 2532 2310 2595 nuntiabant:

214 2622 353 2683 iam
400 2619 585 2682 Antii
628 2618 1003 2683 Volscorum
1048 2619 1330 2705 legiones
1374 2640 1528 2681 esse.
1622 2616 1708 2680 Et
1751 2617 1948 2702 ipsam
2003 2615 2314 2679 coloniam

216 2704 452 2791 ingens
481 2717 687 2769 metus
717 2717 851 2769 erat
880 2704 1302 2769 defecturam:
1352 2726 1666 2789 aegreque
1699 2703 1786 2765 im
1833 2715 2108 2765 etratum
2138 2725 2178 2765 a
2207 2702 2316 2765 tri-

168 2820 193 2853 1
218 2791 434 2867 buniS,
466 2803 539 2854 ut
568 2790 803 2855 bellum
833 2792 1146 2877 praeverti
1176 2792 1475 2853 sinerent.
1573 2788 1792 2853 Consu
1817 2812 1884 2852 es
1919 2787 2070 2851 inde
2101 2788 2316 2874 partiti

220 2876 598 2963 provincias.
700 2876 913 2953 Fabio,
964 2890 1037 2939 ut
1082 2876 1355 2939 Antium
1399 2875 1681 2963 legiones
1724 2874 2004 2951 duceret,
2051 2873 2310 2938 datum:

226 2962 553 3039 Corneli0,
587 2976 659 3027 ut
690 2962 933 3026 Romae
963 2961 1276 3048 praesidio
1306 2977 1508 3037 esset:
1559 2984 1640 3025 ne
1671 2984 1800 3047 qua
1837 2984 1980 3048 pars
2015 2961 2312 3037 hostium,

270 3048 341 3113 ui
373 3048 621 3147 Aequis
654 3070 790 3112 mos
818 3061 973 3124 erat,
1004 3048 1087 3111 ad
1130 3047 1564 3134 populandum
1597 3048 1858 3112 veniret.
1951 3046 2220 3111 Hernici
2250 3058 2318 3110 et

222 3073 445 3198 tLauini
491 3134 643 3198 iussi
687 3134 919 3198 milites
962 3134 1111 3197 dare
1158 3156 1238 3196 ex
1282 3133 1578 3197 foedere:
1627 3134 1918 3219 duaeque
1963 3148 2172 3218 partes
2215 3156 2315 3195 so-

223 3222 467 3285 ciorum
515 3220 583 3282 in
613 3220 915 3296 exercitu,
950 3220 1133 3283 tertia
1162 3220 1393 3282 civium
1424 3217 1562 3283 fuit.
1651 3218 2000 3304 Postquam
2031 3218 2113 3280 ad
2143 3218 2314 3281 diem
2334 3236 2531 3286 Bellum

222 3306 671 3393 praestitutum
700 3319 1012 3371 venerunt
1040 3305 1213 3381 socii,
1246 3304 1465 3368 consul
1497 3316 1677 3367 extra
1704 3318 1948 3389 portam
1984 3302 2312 3389 Capenam
2333 3317 2446 3376 qun
2472 3303 2593 3349 Vol-

224 3405 432 3457 castra
478 3391 660 3456 locat.
753 3390 935 3468 Inde,
987 3391 1250 3455 lustrato
1298 3390 1601 3465 exercitu,
1651 3390 1925 3453 Antium
2020 3389 2311 3467 rofectuS,
2332 3380 2440 3414 ⁸⁰¹³·

225 3477 403 3543 haud
496 3477 673 3543 rocul
724 3478 959 3577 oppido
1010 3477 1375 3561 stativisque
1429 3476 1707 3539 hostium
1759 3498 1948 3541 conse
1995 3477 2064 3539 it.
2181 3476 2314 3540 Ubi

276 3586 429 3627 uum
524 3564 695 3640 olsci,
728 3586 879 3650 qma
920 3562 1207 3628 nondum
1252 3564 1331 3625 ab
1374 3561 1620 3646 Aequis
1663 3562 1934 3624 venisset
1978 3562 2312 3639 exercitus,

273 3650 527 3713 imicare
572 3672 703 3715 non
746 3651 901 3727 ausi,
934 3647 1471 3735 quemadmodum
1503 3647 1705 3735 quieti
1735 3646 1897 3709 vallo
1927 3670 1992 3710 se
2032 3660 2314 3712 tutaren-

226 3748 353 3814 tur,
398 3750 691 3823 pararent
712 3760 731 3812 ;
778 3749 1028 3822 postero
1071 3735 1177 3799 die
1223 3732 1471 3809 Fabius,
1515 3756 1646 3797 non
1693 3733 2070 3819 permixtam
2121 3756 2316 3798 unam

292 3958 325 4008 6
356 3962 429 4008 Et
448 3962 545 4021 ipsi
570 3995 581 4006 .
605 3995 618 4008 .
643 3996 655 4007 .
678 3961 983 4021 reficiebant]
1018 3960 1067 4007 h.
1083 3976 1126 4008 e.
1144 3960 1241 4007 Re-
1304 3958 1543 4007 rationem
1565 3958 1826 4007 habituros.
1861 3960 1993 4007 Rur.

230 4025 375 4073 ficere
399 4024 639 4071 volebant.
686 4026 795 4084 Ipsi
818 4040 885 4071 sc.
908 4030 1069 4085 patres
1090 4023 1241 4071 curia-
1368 4038 1401 4085 9
1450 4024 1744 4081 Vibulanus]
1802 4024 2084 4082 cognomen
2142 4017 2320 4075 Quinti

229 4088 295 4135 tis
315 4086 539 4134 comitiis.
574 4088 633 4134 cf.
661 4086 865 4135 Niebhr.
888 4087 938 4134 ii.
961 4102 1009 4134 n.
1034 4085 1141 4150 396.
1309 4086 1467 4144 Fabii,
1507 4088 1680 4133 unicae
1719 4086 1902 4133 Fabiae
1942 4085 2100 4146 gentis
2141 4082 2322 4141 stirpis,

297 4160 325 4211 7
356 4152 603 4210 Elevatis]
642 4150 749 4197 Vos
775 4165 883 4197 eam
914 4150 1145 4197 minuitis.
1180 4150 1241 4197 cf.
1306 4149 1388 4197 hic
1412 4148 1622 4211 primum
1647 4149 1834 4209 legitur.

230 4213 340 4263 infr.
360 4212 429 4261 ix.
454 4226 531 4274 37.
564 4214 696 4261 xxvi.
722 4226 795 4274 27.
1378 4228 1397 4259 1
1436 4215 1628 4261 Bellum
1645 4214 1918 4273 praeverti]
1957 4208 2088 4257 Belli
2112 4206 2320 4267 priorem

294 4278 326 4325 8
358 4279 477 4326 Non
502 4278 859 4337 observatur-oe]
902 4276 1109 4325 Nullam
1140 4276 1247 4324 eius
1309 4291 1473 4325 curam
1494 4276 1614 4337 geri,
1635 4289 1782 4335 quam
1804 4273 1936 4332 legis.
1971 4273 2130 4320 Casv.
