3000 4784
363 356 430 405 U.
453 354 514 405 C.
540 366 649 417 37¹.

363 424 422 471 A.
455 420 516 469 Ο.
543 420 654 481 381.

469 488 572 547 20.

363 570 556 620 Manlio
569 570 674 619 dies

363 634 543 684 dicitur
563 649 596 681 a

363 698 447 749 Tr.
477 698 554 747 Pl.

687 214 816 276 370
1455 202 1683 269 ΤΙΤΙ
1737 200 2009 268 LIVII

775 343 1297 432 Approbantibus
1325 340 1592 417 cunctis,
1624 340 1797 404 diem
1828 337 2078 403 Manlio
2106 338 2349 403 dicunt.
2448 337 2659 413 Quod
2694 338 2805 401 ubi

689 444 786 499 est
811 430 1069 507 factum,
1099 430 1305 517 primo
1335 440 1652 493 commota
1685 425 1866 513 plebs
1894 438 2009 502 est,
2040 426 2263 512 utique
2294 438 2641 513 postquam
2672 446 2813 489 sor-

689 518 978 584 didatum
1019 536 1202 581 reum
1241 515 1578 590 viderunt3
1627 536 1747 577 nec
1792 532 1941 576 cum
1990 534 2068 575 eo
2114 535 2245 575 non
2290 511 2485 576 modo
2530 511 2811 576 Patr-um

689 600 2024 776 33032321333‘103325031251335:
2058 600 2817 787 “JJAEffiffiffiffss

691 798 1022 865 nunquam
1053 796 1172 841 usu
1199 774 1492 851 venisset,
1526 786 1601 838 ut
1628 772 1697 837 in
1726 786 1903 837 tanto
1932 772 2295 837 discrimine
2326 794 2461 837 non
2496 785 2567 837 et
2606 794 2819 859 prox-

692 864 806 928 imi
847 876 1089 929 vestem
1135 874 1472 925 mutarent.
1568 860 1633 924 A
1679 907 1695 924 .
1733 858 2011 923 Claudio
2054 860 2123 923 in
2166 858 2419 923 vincula
2462 858 2695 935 (lacte,
2734 856 2813 920 C.

695 949 1044 1016 Claudium
1073 946 1406 1013 inimicum
1437 883 1909 1033 Claudiamque
1938 968 2196 1011 omnem
2225 963 2487 1046 gentem
2516 944 2819 1010 sordida-

693 1050 823 1103 tam
850 1036 1058 1101 fuisse.
1133 1034 1472 1100 Consensu
1497 1033 1775 1121 opprimi
1802 1032 2174 1183 &pulsnm
2202 1054 2431 1110 vlrum,
2464 1032 2651 1133 quod
2680 1031 2821 1119 pri-

695 1144 836 1189 mus
878 1145 919 1188 a
959 1122 1256 1187 Patribus
1297 1120 1381 1185 ad
1422 1120 1677 1209 plebem
1718 1119 1801 1183 de
1866 1135 2070 1183 c1sset.
2167 1119 2389 1194 Quum
2428 1119 2573 1183 <hes
2606 1117 2818 1193 venit,

693 1232 882 1299 quae,
931 1220 1182 1297 praeter
1231 1220 1450 1273 coetus
1502 1205 1931 1271 multitudinis
1978 1206 2435 1293 seditiosasque
2482 1226 2705 1281 voces,
2752 1218 2821 1267 et

693 1298 1096 1386 largitionem
1123 1308 1192 1360 et
1217 1294 1408 1359 fallax
1436 1292 1768 1369 indicium,
1798 1292 2185 1379 pertinentia
2220 1293 2479 1380 proprie
2508 1292 2595 1357 ad
2624 1290 2819 1379 reg-ni

695 1386 938 1449 crimen
981 1384 1061 1448 ab
1103 1380 1569 1447 accusatoribus
1612 1378 1863 1443 obiecta
1908 1380 2037 1443 sint
2080 1402 2212 1456 reo,
2257 1378 2431 1467 apud
2476 1380 2817 1443 neminem

697 1483 1022 1536 auctorem
1072 1468 1369 1533 invenio:
1431 1488 1553 1530 nec
1604 1464 1830 1530 dubito
1880 1465 2053 1530 haud
2104 1488 2299 1552 parva
2338 1466 2555 1543 fuisse,
2604 1486 2821 1552 quum
2956 1538 2958 1549 Ι

695 1556 1046 1621 damnandi
1075 1576 1253 1619 mora
1277 1554 1452 1654 plebi
1484 1574 1619 1617 non
1647 1552 1717 1616 in
1746 1574 1953 1629 causa,
1982 1552 2097 1617 sed
2126 1552 2195 1616 in
2222 1551 2383 1629 lot-0,
2412 1551 2629 1617 fuerit.
2730 1548 2819 1614 11-
2832 1576 2861 1615 4

697 1642 812 1707 lud
855 1641 1207 1707 notandum
1249 1640 1523 1715 videtur,
1564 1651 1639 1703 ut
1680 1638 1882 1703 sciant
1924 1636 2234 1717 homines,
2266 1660 2431 1726 quae
2462 1652 2531 1704 et
2564 1650 2821 1727 quanta

695 1728 928 1793 decora
952 1728 1142 1792 foeda
1167 1726 1481 1813 cupiditas
1525 1725 1707 1812 regni
1750 1747 1881 1789 non
1925 1726 2173 1813 ingrata
2200 1725 2425 1803 solum,
2456 1726 2575 1790 sed
2606 1724 2817 1789 invisa
2832 1745 2855 1791 5

695 1814 910 1891 etiam,
941 1811 1307 1877 reddiderit.
1401 1812 1717 1876 Homines
1751 1833 1947 1899 prope
1977 1812 2479 1901 quadringentos
2520 1812 2819 1899 produx-

697 1900 817 1965 isse
853 1898 1106 1975 dicitur,
1137 1899 1370 1985 quibus
1413 1898 1551 1963 sine
1590 1898 1809 1964 fenore
1848 1920 1933 1963 ex
2018 1922 2159 1964 usas
2200 1899 2507 1987 pemmias
2536 1899 2857 1971 tulisset,6

697 2006 971 2073 quorum
1008 1986 1178 2051 bona
1204 1986 1442 2063 venire,
1473 2008 1637 2072 quos
1664 1984 1815 2049 duci
1843 1984 1927 2049 ad
1974 1986 2129 2050 'ctos
2156 1985 2603 2073 prohibuisset.
2704 1984 2817 2049 Ad

695 2072 874 2151 haec,
904 2073 1135 2138 decora
1161 2092 1419 2159 quoque
1461 2070 1613 2137 belli
1657 2093 1789 2136 non
1836 2094 2357 2137 commemorasse
2388 2084 2668 2150 tantum,
2702 2070 2814 2135 sed
2836 2092 2859 2137 ἴ
2933 2082 2958 2206 1

694 2160 1028 2248 protulisse
1059 2160 1250 2225 etiam
1279 2158 1769 2247 conspicienda3
1816 2157 2021 2247 spolia
2055 2159 2333 2224 hostium
2364 2180 2703 2223 caesorum
2734 2156 2817 2221 ad

697 2247 998 2333 triginta:
1044 2245 1216 2311 dona
1251 2247 1703 2335 imperatorum
1734 2244 1817 2308 ad
1846 2245 2296 2345 quadraginta:
2344 2245 2415 2310 in
2444 2246 2689 2333 quibus
2718 2246 2819 2309 in-

697 2332 910 2419 signes
936 2333 1096 2398 duas
1125 2332 1397 2400 murales
1439 2352 1721 2409 coronas,
1752 2332 1981 2396 civrcas
2014 2346 2175 2399 octo.
2268 2332 2381 2398 Ad
2410 2332 2571 2398 haec
2600 2354 2815 2399 serva-
2828 2342 2854 2387 8

701 2432 799 2485 tos
841 2440 924 2485 ex
967 2418 1253 2485 hostibus
1288 2420 1456 2484 cives
1475 2418 1909 2570 ‘grgduxissm
1958 2421 2127 2485 inter
2154 2442 2317 2507 quos
2347 2418 2427 2485 C.
2464 2418 2813 2485 Servilium
2830 2436 2856 2483 9

701 2507 1070 2595 magistrum
1121 2507 1412 2594 equitum
1460 2529 1499 2570 a
1608 2518 1789 2569 ntem
1838 2507 2253 2571 nominatum.
2348 2506 2439 2571 Et
2480 2528 2689 2593 quum
2738 2526 2815 2569 ea

701 2612 980 2680 quoque,
1003 2616 1169 2681 quae
1197 2593 1366 2658 bello
1393 2606 1573 2679 gesta
1598 2604 1831 2669 essent,
1857 2614 1975 2678 pro
1996 2593 2246 2680 fastigIo
2274 2614 2489 2659 rerum
2518 2594 2811 2658 oratione

701 2682 894 2745 etiam
925 2680 1278 2767 magnifica,
1302 2679 1468 2743 iacta
1487 2678 1675 2743 dictis
1694 2678 2049 2765 aequando,
2081 2692 2509 2757 memorasset,
2532 2680 2807 2745 nudasse

765 2949 796 2990 4
827 2930 976 2989 Loco]
1012 2929 1262 2985 Quonim
1285 2944 1350 2977 ex
1372 2929 1567 2991 Campo
1586 2930 1719 2979 Mar-
1782 2944 2014 2979 coronam
2034 2932 2275 2981 muralem
2294 2938 2575 2994 acceperut,
2598 2946 2673 2982 vr.
2696 2931 2804 2981 eivi-
2944 2986 2946 2991 .

701 2990 1366 3105 titzrcg‘nspzcrgntsmcapitolii
1399 2994 1624 3053 dabatur,
1662 3000 1720 3042 ut
1782 3008 1883 3107 aaas,
1916 3008 2129 3044 xxxvu.
2160 2997 2322 3044 dona:
2362 3010 2525 3107 xxmt.
2556 2996 2805 3109 &3¹¹5ss
2944 2998 2946 3032 ¹

703 3071 967 3106 m.em
1136 3092 1147 3104 .
1851 3074 2108 3107 versocor
2172 3074 2381 3108 reexce
2448 3074 2557 3109 ra:
2655 3098 2670 3111 .

770 3132 802 3185 5
831 3123 950 3171 Non
979 3122 1180 3183 inarata
1211 3121 1366 3169 solum
1388 3155 1402 3169 .
1424 3156 1437 3169 .
1463 3154 1476 3169 .
1502 3122 1719 3170 reddide-
1787 3121 1957 3170 vilium
1994 3074 2279 3186 magiissmm
2316 3072 2543 3186 eqiu'fmm
2586 3134 2799 3174 servave—

702 3188 796 3247 rit]
835 3186 954 3235 Non
975 3186 1134 3235 solum
1157 3184 1320 3233 fructu
1349 3184 1535 3247 gratiae
1557 3185 1615 3233 iis
1626 3186 1719 3235 .de—
1784 3192 1876 3247 rat,
1897 3186 2003 3247 ipse
2035 3188 2318 3236 vulneratus
2348 3188 2613 3236 humerum
2646 3204 2706 3239 ae
2738 3186 2797 3235 fe-

703 3248 834 3299 bitae
879 3248 1156 3312 privaverit.
1220 3252 1480 3312 Irim-atum
1519 3246 1601 3297 hic
1642 3264 1717 3297 su·
1783 3252 1944 3299 mur.'’
1976 3252 2138 3300 Canv,

701 3314 854 3363 mitur
871 3316 1136 3371 παθητικῶς
1157 3328 1245 3377 pro
1266 3328 1325 3361 eo
1342 3314 1420 3362 cui
1441 3310 1599 3376 gratia
1618 3326 1717 3360 non
1846 3314 1876 3363 8
1908 3316 2141 3364 Mur-ales
2169 3316 2395 3375 corona]
2440 3318 2675 3365 Astu-alis
2702 3322 2796 3364 ent

703 3378 1006 3441 persolvitur.
1041 3380 1202 3428 Casv.
1780 3390 1976 3437 coma,
1991 3392 2093 3441 qua
2110 3380 2385 3429 donabatur
2402 3381 2469 3428 ab
2490 3379 2795 3443 imperatore.

768 3441 800 3492 6
831 3444 1093 3505 Exponam
1107 3444 1348 3505 pecunias
1368 3442 1583 3501 tulisset]
1624 3441 1715 3490 Pe-
1782 3441 1865 3503 qui
1910 3443 2097 3505 primus
2138 3458 2335 3493 murum
2376 3444 2624 3503 subiisset.
2658 3444 2793 3507 inque

707 3506 900 3555 cuniam
920 3505 1144 3555 dedisset.
1189 3508 1630 3568 Eaepemumserre
1646 3512 1719 3554 est
1783 3506 2023 3568 oppidum
2060 3507 2272 3556 hostium
2308 3522 2395 3570 per
2424 3507 2523 3556 vim
2560 3507 2791 3557 ascendis-

707 3568 758 3617 in
781 3570 974 3619 tabulas
993 3570 1185 3632 trecepti
1219 3575 1270 3618 et
1301 3569 1505 3631 expensi
1526 3568 1717 3628 referre,
1783 3576 1870 3618 set.
1938 3570 2133 3621 Idcirco
2169 3572 2305 3633 quasi
2350 3570 2475 3619 muri
2520 3572 2689 3635 pinnis
2720 3572 2792 3619 de-

705 3633 844 3694 quasi
865 3634 1036 3681 datum
1057 3648 1117 3681 ac
1138 3635 1380 3683 solutum:
1417 3633 1537 3689 sive,
1556 3639 1614 3681 ut
1634 3633 1717 3681 ha-
1784 3641 1950 3683 corata
1982 3642 2103 3685 erat.
2170 3636 2301 3685 Fieri
2338 3650 2401 3685 ex
2440 3648 2562 3684 auro
2598 3638 2788 3686 solebat-

705 3696 789 3742 bet
825 3698 1004 3747 Asoon.
1043 3696 1093 3743 in
1131 3702 1254 3744 111⁸·
1292 3704 1462 3745 contra
1497 3698 1719 3756 Verrem,
1784 3698 1952 3747 Civica
1972 3716 2149 3747 eor-ona
2176 3700 2539 3762 appellabatur,
2562 3716 2709 3763 quam
2732 3696 2789 3745 ei-

704 3758 911 3806 scribere
935 3774 987 3807 se
1011 3759 1271 3819 pecuniam
1293 3760 1496 3809 dedisse.
1560 3761 1717 3809 Sumi-
1784 3761 1855 3810 vis
1875 3762 1987 3822 civi,
2008 3779 2041 3811 a
2060 3778 2159 3825 quo
2190 3770 2410 3812 servatus
2440 3772 2549 3812 erat
2579 3764 2633 3813 in
2666 3776 2789 3827 proe-

705 3826 786 3868 tur
805 3821 1091 3885 mulpliciter
1112 3837 1201 3884 pro
1219 3824 1419 3882 solvere,
1433 3826 1554 3873 dare
1570 3840 1715 3886 pecu-
1783 3824 1868 3884 lio,
1887 3832 2063 3875 testem
2086 3828 2215 3875 vitae
2243 3828 2509 3889 salutisque
2536 3834 2790 3890 perceptae

703 3886 854 3934 nim
887 3886 1049 3934 Cam.
1780 3888 1945 3939 dabat.
2024 3890 2101 3939 Es
2139 3891 2287 3940 fiebat
2324 3904 2355 3940 e
2390 3891 2567 3941 wude
2600 3904 2787 3955 qua-nn,

774 3960 800 4011 7
820 3950 1364 4027 Doooeaquoqmbelli]
1387 3951 1468 4000 De
1483 3951 1717 4001 hisMan-
1783 3953 1861 4003 vel
1906 3954 2098 4017 ilignea.
2176 3955 2291 4005 vid.
2324 3958 2384 4004 A.
2416 3954 2553 4005 Gen.
2594 3972 2637 4006 v.
2668 3954 2713 4004 6.
2744 3958 2787 4001 et

703 4012 758 4061 lii
789 4013 1043 4062 decoribus
1073 4020 1174 4077 agit
1195 4028 1388 4076 quoque
1412 4016 1621 4075 Plinius,
1646 4016 1714 4065 H.
1784 4016 1914 4066 Plin.
1940 4018 2010 4067 H.
2036 4019 2103 4067 N.
2126 4019 2223 4069 xvi.
2248 4034 2295 4077 4.
2326 4020 2491 4069 cm.

704 4076 772 4127 N.
797 4077 879 4127 vii.
905 4078 980 4127 28.
1047 4078 1110 4127 In
1133 4076 1420 4141 quibusdam
1443 4079 1665 4128 dissentit
1684 4096 1717 4128 a
1841 4096 1873 4145 9
1894 4084 2227 4132 &Servilium
2244 4086 2529 4145 'caym-u
2548 4080 2779 4148 equiem]

703 4140 863 4201 Livio,
885 4148 936 4190 et
964 4144 1204 4205 quaedam
1237 4143 1392 4203 addit,
1419 4158 1547 4203 quae
1574 4158 1715 4192 nosse
1778 4144 1886 4203 Qui
1914 4146 2145 4207 magister
2166 4146 2389 4208 equitum
2408 4147 2593 4206 fuerat,
2614 4146 2783 4198 eumil-

699 4218 878 4266 operae
901 4205 1110 4268 pretium
1133 4207 1210 4255 sit.
1261 4208 1294 4233 ‘⁶
1311 4208 1444 4255 Ante
1465 4206 1713 4255 decimum
1778 4209 1829 4256 lo
1866 4209 2121 4268 dictatore,
2157 4216 2299 4259 sexto
2332 4217 2450 4259 ante
2484 4226 2636 4261 anuo.
2681 4209 2779 4261 vid.

699 4270 962 4328 septimum
985 4275 1223 4329 annum,”
1243 4270 1421 4331 inquit,
1443 4272 1476 4296 ‘⁶
1495 4270 1610 4318 bina
1636 4284 1711 4319 ce-
1776 4286 1905 4333 supr.
1942 4287 1986 4321 a.
2056 4274 2247 4322 Plinius
2272 4274 2344 4322 H.
2370 4274 2438 4323 N.
2464 4274 2545 4323 vii.
2572 4290 2651 4339 ²9.
2684 4288 2775 4324 eum

700 4337 839 4389 perat
865 4332 1036 4391 spolia.
1104 4332 1298 4381 Primus
1319 4333 1541 4380 omnium
1562 4348 1711 4394 eques
1776 4342 1919 4383 vocat
1939 4338 2002 4386 P.
2018 4338 2297 4387 Servilium.
2328 4339 2495 4387 Can.
