3000 4784
731 239 923 307 LIB.
970 238 1163 306 VIII.
1232 239 1457 307 CAP.
1506 248 1608 307 34.
2091 250 2216 311 491

93 375 333 461 gerit.
440 374 611 440 Nam
642 376 861 476 populi
891 376 1173 462 quidem,
1196 400 1395 465 penes
1416 400 1613 465 quem
1641 391 1920 467 potestas
1936 380 2222 445 omnium
2245 394 2312 444 U.
2337 394 2394 443 c.
2419 407 2532 455 430.

92 470 97 495 ³
122 484 377 525 rerum
412 474 595 539 esset,
628 486 709 527 ne
738 486 895 527 iram
926 463 1187 549 quidem
1217 486 1504 565 unquam
1534 466 1906 531 atrociorem
1933 466 2124 531 fuisse
2153 467 2224 530 in
2245 459 2305 507 A.
2337 458 2396 507 0·
2421 470 2532 518 322·

92 554 275 625 ἶεοε,
332 549 461 634 qui
519 550 871 613 temeritate
924 562 1115 636 atque
1170 550 1421 615 inscitia
1476 552 1793 617 exercitus
1850 553 2222 630 amisissent,

92 646 357 720 ‘quam
392 646 471 699 ut
495 636 773 721 pecunia
798 658 907 701 eos
935 635 1267 701 multaret:
1314 637 1524 723 capite
1559 639 1950 725 anquisitum
1977 640 2060 703 ob
2089 662 2226 704 rem

92 720 325 785 ‘bello
360 720 531 785 male
567 734 809 808 gestam
839 721 921 785 de
956 722 1333 808 imperatore
1364 722 1544 787 nullo
1573 724 1656 788 ad
1695 746 1835 789 eam
1865 725 2037 789 diem
2067 748 2221 791 esse.

92 816 111 845 ‘
132 806 359 871 Nunc
396 808 667 871 ducibus
694 807 916 895 populi
950 808 1245 885 Romani,
1266 832 1429 895 quae
1458 832 1544 873 ne
1561 811 1742 875 victis
1764 812 2028 898 quidem
2057 812 2225 877 bello

93 904 112 931 ‘
130 894 237 957 fas
270 893 499 970 fuerit,
524 894 728 981 virgas
750 908 817 958 et
846 916 1097 959 secures
1118 894 1477 972 victoribuS,
1505 909 1573 960 et
1594 898 1964 962 iustissimos
1985 897 2226 963 meritis

96 989 117 1017 ‘
142 980 529 1067 triumphos
557 981 873 1045 intentari.
970 980 1147 1055 Quid
1178 982 1349 1044 enim
1380 982 1641 1046 tandem
1676 1006 2002 1069 passurum
2032 985 2224 1049 fuisse

100 1076 119 1103 6
144 1066 375 1130 filium
437 1089 643 1144 suum,
688 1066 742 1131 si
800 1068 1149 1133 exercitum
1202 1068 1542 1132 amisisset:
1603 1069 1658 1133 si
1713 1070 1907 1146 fusuS,
1953 1070 2224 1157 fugatuS,

104 1162 123 1191 ‘
146 1153 389 1217 castris
426 1166 657 1217 exutus
684 1153 947 1217 fuisset?
996 1154 1147 1228 Quo
1176 1152 1342 1217 ultra
1378 1154 1537 1218 iram
1565 1155 2060 1242 violentiamque
2091 1158 2228 1220 eius

105 1248 125 1278 ‘
150 1261 573 1304 excessuram
596 1240 809 1317 fuisse,
832 1262 1023 1327 quam
1053 1254 1128 1303 ut
1155 1240 1512 1305 verberaret
1536 1244 1964 1327 necaretque?
2013 1242 2228 1316 Quam

108 1336 125 1363 ‘
146 1326 559 1391 conveniens
601 1348 753 1403 esse,
785 1339 1043 1414 propter
1092 1326 1173 1401 Q.
1202 1326 1467 1391 Fabium
1498 1327 1818 1392 civitatem
1860 1329 1928 1391 in
1967 1328 2227 1405 laetitia,

111 1420 131 1453 6
156 1412 457 1490 victoria,
506 1412 1087 1499 supplicationibus,
1138 1434 1211 1477 ac
1256 1412 1780 1499 gratulationibus
1826 1438 1958 1479 esse
1977 1439 1996 1478 ε
2057 1437 2226 1492 eum,

113 1508 133 1537 ‘
204 1514 437 1585 ropter
452 1521 647 1585 quem
664 1499 857 1563 deum
874 1498 1139 1563 delubra
1158 1512 1439 1585 pateant,
1458 1522 1600 1564 arae
1623 1501 1943 1564 sacrificiis
1957 1500 2226 1579 fument,

116 1595 133 1624 ‘
156 1522 439 1661 Bonore,
471 1586 657 1650 donis
686 1585 1109 1662 cumulentur,
1132 1585 1445 1649 nudatum
1468 1585 1660 1673 virgis
1688 1586 1949 1651 lacerari
1977 1588 2048 1652 in
2076 1610 2230 1652 con-

119 1682 138 1711 ‘
162 1684 403 1758 spectu
554 1671 691 1758 puli
762 1671 1071 1735 Romani:
1149 1672 1510 1736 intuentem
1579 1672 1970 1760 Capitolium
2035 1688 2228 1761 atque

93 1768 141 1817 .‘
164 1780 410 1834 arcem,
442 1694 722 1858 dii-osque
764 1759 843 1822 ab
872 1780 939 1821 se
978 1758 1227 1822 duobus
1270 1758 1528 1846 proeliis
1569 1758 1744 1825 haud
1769 1760 2000 1825 fmstra
2036 1760 2231 1825 advo-

124 1854 144 1883 ‘
166 1858 349 1909 catos
366 1845 397 1907 ?
446 1844 597 1918 Quo
624 1844 696 1907 1d
722 1844 936 1908 animo
966 1845 1335 1922 exercitum,
1368 1845 1481 1931 qui
1511 1847 1649 1910 eius
1678 1846 1880 1912 ductu
1907 1846 2232 1935 auspiciis-

128 1942 145 1969 ‘
168 1954 303 2017 que
344 1930 616 2007 vicisset,
652 1930 925 1995 laturum
943 1931 974 1995 Ρ
1016 1953 1211 2017 quem
1249 1931 1491 1997 luctum
1533 1934 1602 1996 in
1641 1934 1858 1999 castris
1900 1933 2229 2010 Romanis,

129 2028 147 2055 ‘
171 2040 373 2103 quam
416 2016 717 2081 laetitiam
762 2017 929 2081 inter
969 2016 1183 2082 hostes
1224 2017 1357 2081 fore
1374 2019 1430 2081 ?'
1476 2017 1678 2095 Haec,
1723 2020 1912 2083 simul
1953 2021 2022 2083 iu
2135 2042 2230 2096 ns,

174 2126 431 2179 uerene,
454 2103 649 2167 deum
679 2102 1139 2188 hominumque
1170 2102 1365 2167 fidem
1394 2103 1733 2181 obtestanS,
1767 2118 1833 2169 et
1861 2128 2048 2191 comp
2073 2128 2231 2169 exus

130 2128 362 2266 alium,
422 2188 709 2277 plurimis
766 2212 915 2254 cum
978 2188 1253 2252 lacrimis
1310 2190 1554 2275 agebat.
1651 2188 1872 2254 Stabat
1936 2212 2084 2254 cum
2151 2212 2230 2253 eo

134 2289 395 2343 senatus
465 2276 773 2353 maiestas,
846 2275 1024 2339 favor
1099 2274 1341 2361 populi,
1417 2274 1828 2340 tribunicium
1902 2274 2230 2353 auxilium,

93 2394 117 2427 2
136 2362 445 2428 memoria
490 2362 765 2426 absentis
810 2361 1141 2426 exercitus·
1236 2360 1338 2424 Ex
1432 2374 1564 2425 arte
1612 2361 1808 2426 altera
1859 2370 1879 2400 6
1895 2362 2234 2449 imperium

142 2459 159 2487 ⁶
182 2450 489 2513 invictum
518 2448 741 2549 populi
773 2448 1071 2526 Romani,
1094 2460 1161 2511 et
1188 2384 1526 2533 disciplina
1552 2448 1644 2511 rei
1675 2448 1982 2525 militaris,
2003 2462 2069 2512 et
2097 2448 2232 2512 dic-

144 2545 164 2575 ‘
186 2536 405 2600 tatoris
436 2535 715 2599 edlctum
745 2557 861 2621 pro
892 2535 1155 2597 numine
1196 2556 1447 2620 semper
1484 2535 1904 2611 observatum,
1937 2547 2003 2598 et
2044 2533 2237 2597 Man·

145 2632 164 2661 ‘
186 2622 356 2687 liana
388 2622 670 2707 imperia,
702 2636 770 2684 et
797 2620 1155 2707 posthabita
1182 2619 1297 2683 filii
1332 2620 1560 2684 caritas
1600 2620 1891 2707 publicae
1937 2619 2236 2696 utilitati,’

2353 2197 2457 2256 34.

145 2708 551 2773 iactabantur.
644 2716 665 2745 ‘
688 2706 835 2771 Hoc
852 2707 1043 2771 etiam
1074 2705 1151 2771 L.
1176 2706 1467 2783 Brutum,
1488 2707 1884 2772 conditorem
1906 2706 2234 2771 Romanae
2255 2721 2523 2771 metatoris

150 2804 169 2833 ‘
190 2794 508 2871 libertatiS,
556 2806 745 2858 antea
787 2793 857 2857 in
903 2792 1153 2857 duobus
1198 2792 1409 2857 liberis
1455 2793 1693 2858 fecisse.
1727 2818 1742 2831 ³
1787 2793 1981 2857 Nunc
2029 2806 2238 2879 patres
2253 2786 2422 2835 ⁰¹⁸5OE

153 2890 172 2919 ‘
194 2902 417 2957 comes,
448 2893 517 2943 et
552 2902 735 2944 senes
762 2879 975 2944 faciles
1003 2879 1085 2946 de
1114 2878 1323 2943 alieno
1353 2878 1620 2966 imperio
1666 2892 1896 2967 spret0,
1930 2892 2236 2967 tanquam

153 2977 174 3006 6
192 2968 285 3032 rei
318 2988 563 3053 parvae,
594 2965 965 3052 disciplinae
1010 2966 1294 3030 militaris
1333 2988 1586 3031 eversae
1617 2967 1933 3032 iuventuti
1971 2968 2238 3054 gratiam

156 3063 175 3093 ‘
196 3053 411 3118 facere.
506 3052 587 3117 Se
618 3066 832 3117 tamen
848 3065 1273 3139 perstaturum
1296 3052 1361 3115 in
1394 3052 1651 3153 incepto
1667 3078 1686 3117 ε
1733 3076 1854 3119 nec
1883 3054 1962 3131 ei,
1983 3054 2096 3153 qui
2127 3052 2240 3116 ad-

158 3150 177 3181 ‘
194 3162 401 3204 versus
440 3139 683 3204 dietum
728 3161 932 3215 suum,
965 3139 1229 3202 turbatis
1272 3138 1684 3225 religiombus
1726 3163 1800 3203 ac
1843 3139 2054 3203 dubiis
2097 3158 2240 3202 aus-

161 3238 180 3265 ‘
248 3226 391 3303 iciis‚
436 3238 795 3325 pugnasset,
840 3226 1184 3310 quicquam
1228 3246 1309 3287 ex
1355 3225 1522 3287 iusta
1559 3247 1769 3310 poena
1810 3224 2235 3287 remissurum.

164 3323 184 3353 ‘
284 3313 497 3377 aiestas
526 3311 777 3398 imperii
816 3324 1208 3398 perpetuane
1240 3322 1423 3385 esset,
1454 3331 1588 3373 non
1629 3331 1764 3374 esse
1804 3309 1874 3372 in
1909 3330 2023 3371 sua
2059 3320 2241 3394 pote-

166 3408 185 3439 ‘
206 3411 387 3465 state:
435 3397 513 3463 L.
538 3397 866 3483 Papirium
900 3396 1061 3459 nihil
1091 3395 1173 3458 de
1204 3394 1341 3459 eius
1370 3395 1508 3458 iure
1539 3394 2036 3458 deminuturum.
2103 3394 2242 3481 Op-

168 3494 187 3525 ‘
211 3500 353 3562 tare,
380 3508 461 3549 ne
494 3496 772 3571 potestas
802 3480 1157 3558 tribunicia,
1190 3481 1493 3545 inviolata
1535 3480 1688 3567 ipsa,
1719 3480 1913 3545 violet
1941 3480 2244 3544 interces-

124 3604 151 3651 3
170 3580 189 3609 ‘
210 3572 371 3635 sione
398 3594 511 3635 sua
542 3570 907 3634 Romanum
937 3567 1295 3654 imperium,
1328 3590 1457 3629 neu
1483 3566 1758 3652 populus
1785 3567 1854 3630 in
1897 3588 1964 3630 se
2079 3566 2244 3630 tissi-

173 3667 191 3696 ‘
213 3679 373 3721 mum
414 3656 787 3723 dictatorem
826 3667 894 3719 et
934 3655 1035 3718 ius
1074 3652 1423 3717 dictaturae
1466 3653 1676 3717 exstin
1804 3664 1848 3718 t.
2021 3653 2151 3718 uod
2188 3652 2244 3718 si

174 3754 193 3787 6
210 3744 453 3821 fecisset,
484 3765 617 3807 non
646 3740 722 3805 L.
751 3740 1100 3827 Papirium,
1131 3738 1245 3803 sed
1275 3739 1579 3817 tribunos,
1604 3761 1670 3805 se
1738 3762 2002 3828 pravum
2023 3739 2247 3829 populi

244 3945 263 3979 1
294 3932 483 3979 Duobus
508 3930 736 3992 proeliis]
792 3928 935 4003 Supr.
969 3940 1045 3988 30.
1080 3940 1165 3989 po·
1229 3927 1425 3975 curiata
1464 3928 1525 3976 de
1563 3927 1768 3988 imperio
1809 3923 2035 3975 dictatori
2075 3920 2247 3995 populi

180 3994 337 4043 tiorem
361 3994 581 4042 habuisse
602 3992 795 4041 videtur
821 3992 993 4040 Livius
1016 3992 1165 4039 fidem
1230 3989 1427 4039 nomine
1449 3990 1762 4038 commissum
1785 3994 1901 4037 erat.
1944 3988 2004 4035 cf.
2029 3999 2160 4059 supr.
2183 3998 2247 4032 vi.

183 4072 333 4107 eorum
362 4062 629 4116 auctorum,
660 4056 745 4118 qui
782 4056 933 4104 semel
972 4060 1165 4103 tantum
1237 4052 1309 4103 16.
1334 4054 1416 4101 ubi
1432 4056 1618 4102 invicta
1633 4056 1724 4102 sibi
1745 4053 1984 4114 quaedam
2005 4050 2248 4095 unitatem

186 4138 397 4185 pugnasse
418 4121 625 4170 Fabium
648 4118 905 4169 tradidere.
968 4118 1065 4167 Sed
1086 4118 1169 4165 hic
1222 4120 1403 4179 secisse
1424 4117 1646 4179 legimus.

186 4187 437 4247 loquentem
466 4184 657 4233 inducit
688 4190 877 4245 patrem
900 4198 963 4231 ex
987 4198 1047 4231 ea
1067 4182 1169 4244 opi·
1302 4196 1329 4243 3
1362 4183 1427 4228 In
1448 4196 1499 4229 se
1516 4178 1842 4242 potissimum]
1883 4175 2070 4249 Contra
2089 4186 2142 4244 se
2163 4185 2250 4232 po-

188 4250 333 4311 itione,
346 4265 461 4312 quae
480 4248 635 4312 magis
656 4262 832 4297 musae
854 4262 969 4295 suae
992 4247 1166 4295 faveat.
1232 4244 1491 4302 tissimum,
1527 4258 1594 4291 sc.
1637 4243 1688 4290 in
1735 4239 1904 4301 populi
1941 4242 2246 4299 potissimum

190 4314 331 4363 Casv.
1234 4309 1484 4356 damnum.
1523 4307 1688 4355 Dosa.

254 4392 276 4425 α
306 4378 551 4441 Imperium
582 4378 845 4437 invictum]
884 4375 1037 4431 Quod
1069 4376 1171 4436 leve
