3000 4784
726 226 845 285 128
1476 216 1701 284 ΤΙΤῙ
1765 215 2037 282 LIVII

396 365 465 415 U.
486 366 546 415 G.
572 377 678 428 ²75·
720 365 739 395 ‘
759 356 996 421 Veiens
1023 367 1185 442 eget.
1278 353 1413 419 Vos
1440 353 1564 420 alia
1590 354 1757 420 bella
1783 367 2026 420 curate:
2075 351 2301 418 Fabios
2330 353 2540 418 hostes
2569 351 2814 418 Veien-

394 433 455 482 Δ·
488 433 549 480 ⁰·
569 443 680 494 4⁷⁷·
722 452 741 481 ‘
759 443 926 509 tibus
947 441 1113 506 date.
1188 441 1504 506 Auctores
1525 465 1758 519 sumus,
1783 455 1982 506 tutam
2007 441 2096 505 ibi
2118 441 2506 504 maiestatem
2531 440 2814 505 Romani
2835 461 2862 511 7

722 539 742 568 ‘
758 529 1032 594 nominis
1073 529 1222 594 fore.
1315 526 1624 594 Nostrum
1669 526 1737 592 id
1776 529 1958 594 nobis
1995 526 2172 592 velut
2207 527 2514 592 familiare
2547 527 2813 604 bellum,

722 626 742 655 ‘
758 616 1001 716 privato
1030 628 1286 703 sumptu
1314 637 1534 702 gerere
1563 616 1634 678 in
1663 615 1876 680 animo
1905 627 2016 680 est.
2096 614 2482 701 Respublica
2510 627 2577 679 et
2605 613 2812 678 milite

722 711 741 741 ‘
760 702 889 766 illic
927 715 995 768 et
1020 703 1293 790 pecunia
1331 703 1552 766 vacet!
1643 699 1903 766 Gratiae
1945 701 2236 788 ingentes
2273 715 2468 766 actae.
2563 699 2814 766 Consul

720 813 757 854 e
786 789 964 854 curia
988 811 1291 876 egressuS,
1324 789 1664 853 comitante
1709 787 2044 853 Fabiorum
2074 787 2346 874 agmine,
2379 788 2492 874 qui
2519 789 2592 852 in
2619 789 2814 852 vesti-

720 875 873 941 bulo
912 877 1140 952 curiae,
1182 874 1796 940 senatusconsultum
1831 887 2290 962 exspectantes,
2331 886 2654 952 steterant,
2695 873 2815 938 do·-

722 986 898 1027 mum
945 961 1147 1026 rediit.
1241 960 1401 1026 Iussi
1453 961 1678 1025 armati
1719 973 1974 1047 postero
2016 960 2122 1024 die
2166 959 2249 1025 ad
2295 961 2492 1027 limen
2534 960 2816 1025 consulis

498 1055 604 1115 49.
721 1050 959 1126 adesse,
1004 1048 1226 1114 domos
1267 1047 1419 1112 inde
1464 1047 1818 1112 discedunt.
1909 1047 2139 1112 Manat
2181 1059 2314 1112 tota
2355 1048 2512 1112 urbe
2555 1069 2810 1112 rumor:

725 1136 948 1201 Fabios
975 1135 1058 1200 ad
1086 1134 1333 1200 coelum
1360 1134 1652 1199 laudibus
1677 1134 1906 1198 ferunt.
1998 1133 2326 1198 Familiam
2347 1156 2542 1199 unam
2569 1135 2814 1199 subisse
2833 1138 2866 1184 8

722 1223 990 1288 civitatis
1060 1245 1257 1288 onus:
1336 1220 1577 1286 Veiens
1644 1220 1885 1285 bellum
1941 1221 2011 1284 in
2077 1221 2384 1306 privatam
2441 1243 2680 1299 curam,
2743 1221 2816 1284 in
2833 1213 2866 1264 9

722 1311 964 1397 privata
992 1331 1165 1374 arma
1182 1331 1451 1374 versum.
1547 1307 1614 1372 Si
1644 1308 1772 1372 sint
1793 1306 1956 1372 duae
1985 1307 2225 1372 roboris
2242 1307 2528 1372 eiusdem
2559 1308 2632 1370 in
2651 1308 2816 1372 urbe

766 1409 980 1472 entes;
1027 1395 1389 1483 deposcant,
1420 1393 1580 1460 haec
1611 1394 1874 1459 Volscos
1902 1393 2041 1471 sibi,
2072 1393 2182 1458 illa
2220 1392 2523 1480 Aequos:
2570 1416 2658 1480 po
2705 1393 2816 1458 ulo

722 1420 1019 1548 {Romano
1048 1481 1454 1568 tranquillam
1478 1503 1708 1567 pacem
1737 1493 1983 1566 agente,
2015 1502 2234 1544 omnes
2273 1480 2575 1545 finitimos
2725 1481 2818 1567 igi

722 1569 990 1657 populos
1018 1591 1216 1655 posse.
1309 1567 1487 1632 Fabii
1527 1579 1779 1654 postero
1808 1567 1914 1631 die
1943 1589 2118 1630 arma
2145 1566 2438 1654 capiunt:
2487 1589 2620 1667 quo
2658 1567 2816 1631 iussi

724 1667 923 1732 erant,
964 1654 1369 1719 conveniunt.
1464 1652 1728 1730 Consul,
1759 1652 2094 1740 paludatus
2132 1652 2481 1753 egrediens,
2514 1677 2584 1718 m
2621 1654 2817 1719 vesti-
2839 1677 2858 1710 1

722 1739 875 1806 bulo
902 1755 1161 1828 gentem
1206 1762 1463 1805 omnem
1490 1761 1671 1804 suam
1703 1740 2012 1805 instructo
2253 1763 2292 1805 e
2331 1741 2539 1806 videt:
2586 1763 2818 1828 accep-

724 1841 826 1893 tus
876 1828 947 1892 in
1003 1826 1304 1904 medium,
1356 1826 1538 1913 signa
1593 1826 1743 1891 ferri
1798 1826 1992 1891 iubet.
2155 1849 2438 1914 unquam
2493 1828 2820 1892 exercitus

725 1937 935 2000 neque
979 1913 1185 1978 minor
1227 1935 1514 1990 numere,
1559 1935 1770 2000 neque
1814 1911 2039 1978 clarior
2078 1913 2246 1978 fama
2287 1927 2354 1979 et
2394 1913 2818 1978 admiratione

725 2001 1076 2077 hominum,
1128 2022 1245 2100 per
1292 2001 1517 2065 urbem
1575 1999 1846 2065 incessit.
1941 1998 2082 2064 Sex*
2121 2013 2188 2064 et
2240 2001 2508 2066 trecenti
2559 2000 2815 2078 militae,
2837 2030 2866 2062 α

726 2109 947 2152 omnes
1001 2086 1269 2173 patricii,
1329 2108 1554 2151 omnes
1611 2087 1800 2152 unius
1866 2086 2097 2173 gentis,
2158 2109 2430 2173 quorum
2485 2087 2816 2152 neminem

726 2173 957 2238 ducem
984 2183 1319 2261 'sperneret
1356 2173 1648 2261 egregius
1687 2173 2072 2260 quibuslibet
2113 2185 2241 2237 tem
2325 2173 2498 2238 ribus
2537 2187 2817 2252 senatus,

726 2260 923 2339 ibant,
954 2261 1144 2325 unius
1179 2258 1451 2325 familiae
1490 2260 1729 2325 viribus
1769 2259 2029 2324 Veienti
2067 2282 2238 2348 popu
2264 2284 2303 2325 ο
2341 2271 2586 2347 pestem
2625 2261 2821 2325 mini-

728 2359 951 2412 tantes.
1046 2345 1127 2412 Se
1176 2348 1441 2412 uebatur
1470 2347 1673 2424 turba,
1703 2346 1957 2433 propria
1983 2345 2107 2412 alia
2143 2361 2556 2434 cognatorum
2583 2347 2821 2412 sodali-

728 2457 985 2521 umque,
1016 2434 1147 2498 nih·
1217 2433 1521 2511 medium,
1552 2455 1674 2498 nec
1813 2455 1898 2510 m,
1929 2455 2048 2497 nec
2087 2453 2323 2511 curam,
2353 2433 2468 2498 sed
2505 2434 2821 2500 immensa

727 2521 941 2586 omnia
984 2520 1373 2586 volventium
1412 2521 1660 2598 anim03
1707 2543 1748 2584 a
1768 2519 1830 2584 ia
1871 2517 2143 2605 publica,
2173 2519 2594 2586 sollicitudine
2641 2522 2820 2587 exci-

728 2621 877 2686 tata,
908 2607 1117 2673 favore
1146 2621 1213 2672 et
1250 2607 1664 2672 admiratione
1709 2619 1988 2692 stupens,
2023 2615 2043 2644 ‘
2063 2606 2154 2671 ire
2183 2605 2394 2684 fortes,
2425 2607 2520 2671 ire
2559 2605 2818 2686 felices,'

728 2694 969 2772 iubent,
1003 2695 1307 2781 ‘inceptis
1336 2708 1600 2759 eventus
1628 2715 1808 2780 pares
1836 2691 2134 2757 reddere:
2181 2693 2540 2758 consulatus
2560 2693 2714 2759 inde
2743 2717 2822 2760 ac

731 2789 752 2819 ‘
770 2780 1141 2867 triumphos,
1170 2781 1387 2843 omnia
1429 2780 1712 2865 praemia
1744 2779 1824 2844 ab
1851 2801 1939 2855 se,
1971 2801 2189 2844 omnes
2217 2778 2490 2845 honores
2525 2783 2820 2867 sperare.’

730 2865 1291 2930 Praetereuntibus
1324 2864 1716 2951 Capitolium
1743 2887 2081 2952 arcemque
2111 2878 2178 2931 et
2205 2865 2328 2931 alia
2349 2865 2603 2954 templa,
2635 2868 2822 2954 quie-

806 3093 833 3142 7
872 3083 1109 3130 Auctore:
1149 3083 1339 3140 mmm]
1418 3081 1738 3144 spondemus.
1875 3098 1893 3131 1
1931 3085 2233 3144 Paludatus]
2284 3083 2642 3134 Paludamento
2675 3085 2818 3135 indu·

730 3145 838 3195 inst.
855 3143 923 3194 ix.
948 3158 1024 3192 20.
1803 3153 1897 3197 tus.
1953 3148 2364 3198 Paludamentum
2387 3148 2579 3212 proprie
2595 3149 2821 3213 chlamys

792 3211 823 3258 8
855 3210 1115 3259 Familiam
1135 3211 1311 3270 unam]
1367 3209 1522 3259 Haud
1547 3210 1647 3259 scio
1675 3227 1740 3261 an
1803 3210 2128 3274 imperatoria.
2205 3213 2373 3262 Livius
2411 3219 2578 3263 tamen
2615 3229 2818 3278 usin-pa-

728 3275 856 3322 hanc
891 3287 1059 3321 vocem
1096 3272 1149 3321 in
1186 3273 1443 3323 annalibus
1479 3281 1740 3337 repertam,
1805 3275 1891 3334 vit,
1912 3275 1945 3324 i.
1971 3274 2046 3325 26.
2079 3291 2168 3352 pro
2198 3283 2330 3326 veste
2361 3277 2560 3326 militari
2591 3278 2820 3338 Curiatii,

728 3353 853 3400 quae
876 3337 1053 3386 Fabios
1084 3351 1184 3386 una
1215 3353 1328 3386 eum
1357 3339 1618 3388 clientibus
1645 3339 1743 3388 suis
1805 3339 1888 3401 qui
1909 3355 2009 3388 non
2029 3339 2124 3390 fust
2145 3341 2422 3404 imperator.
2461 3341 2622 3392 Om-

728 3408 779 3451 et
800 3401 947 3450 servis
967 3401 1121 3450 exisse
1141 3401 1446 3464 significaret,
1462 3402 1744 3467 imprudens
1871 3419 1899 3452 α
1933 3406 2031 3454 Ses-
2060 3413 2110 3454 et
2139 3408 2340 3455 ‘renerus'
2369 3407 2569 3466 milites]
2610 3405 2692 3454 Ex
2727 3407 2817 3455 Di-

729 3481 817 3529 pro
832 3464 1169 3544 yeme-Livius
1184 3467 1508 3544 usurpaverit.
1803 3468 1971 3530 onysio
1987 3468 2143 3544 5¹:²²³
2163 3474 2330 3545 totum·
2339 3484 2514 3532 agmen
2535 3486 2565 3520 e
2585 3476 2820 3532 quattuor

730 3531 1740 3654 mssbffrff⁶v1³⁸0213⁸20tffi⁰¹⁸⁸1v2230²⁴1³u113⁰23
1801 3532 2174 3659 323⁰&ss
2195 3535 2819 3648 fflssffl‘ffibss

728 3658 927 3707 familiis
968 3657 1067 3707 suis
1108 3674 1171 3708 ex
1218 3661 1338 3709 urbe
1384 3660 1650 3721 secessisse,
1686 3667 1738 3711 et
1803 3661 2062 3714 Fabiorum
2084 3667 2222 3721 θεας
2253 3677 2284 3710 e
2305 3661 2462 3711 Fabia
2491 3667 2638 3725 gente
2655 3677 2746 3712 sex
2767 3671 2819 3712 et

729 3721 969 3770 coloniam
1012 3723 1076 3772 ad
1114 3723 1395 3773 Cremeram
1432 3724 1735 3775 condidisse:
1801 3725 2006 3774 trecenti
2049 3724 2152 3775 viri.
2235 3725 2514 3776 Perizonius
2553 3725 2816 3777 Animadv.

728 3787 911 3848 quippe
942 3802 1021 3849 ap.
1053 3787 1187 3837 Serv.
1215 3788 1267 3836 in
1293 3789 1417 3838 Aen.
1439 3789 1471 3837 i.
1500 3803 1574 3838 ια.
1609 3789 1736 3838 colo-
1803 3787 1935 3838 Hist.
1961 3801 2004 3852 5.
2038 3788 2183 3838 variis
2217 3803 2310 3838 nec
2347 3789 2550 3840 fortasse
2586 3807 2816 3854 spemen-

728 3850 833 3898 nias
862 3849 1125 3912 aliquando
1146 3867 1207 3900 ex
1229 3851 1497 3901 secessione
1519 3853 1738 3902 conditas
1801 3852 1874 3901 dis
1895 3853 2191 3916 argumentis
2210 3854 2485 3903 convellere
2505 3854 2678 3904 nititur
2697 3871 2818 3906 una-

728 3914 947 3976 legimus.
1014 3915 1265 3977 Quicquid
1284 3916 1364 3975 sit,
1380 3917 1514 3964 haud
1537 3916 1740 3966 dubium
1803 3915 1985 3967 nimem
2013 3917 2302 3980 scriptorum
2323 3917 2543 3967 omnium
2565 3919 2627 3968 de
2655 3934 2742 3968 sex
2766 3926 2818 3968 et

728 3985 820 4034 est..
852 3979 969 4040 quin
1000 3979 1259 4029 Cremerae
1289 3979 1339 4028 in
1376 3979 1542 4040 Veios,
1574 3995 1739 4044 quem·
1803 3980 2031 4030 trecentis
2062 3981 2228 4030 Fabiis
2258 3997 2579 4032 eonsensum:
2623 3989 2676 4032 et
2707 3999 2815 4046 pro-

728 4043 993 4092 sdmodum
1032 4042 1278 4093 Deceleae
1318 4044 1369 4092 in
1410 4043 1646 4104 Athenas,
1687 4045 1739 4094 id
1803 4045 2027 4094 habiliter
2056 4046 2322 4094 admodum
2355 4046 2627 4109 suspicatur
2653 4053 2814 4096 totum

726 4122 879 4168 genus
892 4106 1271 4169 praesidii,quod
1281 4108 1471 4157 Graece
1484 4109 1736 4170 ἐπιτειχισ-
1801 4123 1974 4172 agmen
2017 4125 2103 4158 sex
2146 4117 2198 4159 et
2239 4115 2566 4160 trecentorum
2603 4110 2814 4160 virorum

726 4169 812 4228 μὸς
864 4172 1160 4233 appellatur,
1206 4172 1502 4221 collocatum
1555 4173 1633 4232 sit,
1686 4180 1737 4222 et
1799 4173 1962 4232 fixisse,
2005 4175 2090 4224 sed
2133 4189 2338 4236 quorum
2391 4177 2550 4224 multo
2599 4175 2816 4224 maxima

728 4236 913 4283 bellum
936 4249 1069 4284 more
1092 4235 1331 4284 latrocinii
1359 4237 1606 4285 assiduum
1637 4253 1736 4300 ges-
1803 4253 1915 4300 pars
1945 4253 1974 4288 e
2007 4237 2264 4288 clientibus
2293 4245 2344 4288 et
2373 4240 2621 4290 sodalibus
2643 4241 2812 4290 Fabio-

728 4305 835 4344 tum
852 4299 1011 4347 fuerit.
1040 4298 1278 4350 Niebh.ii.
1295 4316 1343 4363 p.
1360 4316 1462 4365 ¹92.
1486 4301 1736 4352 Wachsm.
1803 4317 1908 4350 rum
1933 4308 2071 4352 esset.
2106 4303 2266 4352 Cnnv.

732 4376 779 4420 p·
806 4375 913 4423 390·
