3000 4784
872 215 1064 282 LIB.
1116 215 1201 284 X.
1260 216 1487 284 CAP.
1535 223 1639 284 28.
2161 222 2290 284 089

148 373 393 439 quam
410 351 789 416 feminarum
808 373 963 418 esse.
1052 351 1134 417 In
1162 352 1233 418 id
1260 367 1514 442 tempus
1541 353 1752 454 igitur,
1775 373 1908 440 quo
1931 352 2102 418 vinci
2129 351 2294 418 sole·
2311 367 2382 418 U.
2401 365 2462 418 ο.
2485 378 2599 430 457·

152 441 309 504 bat
322 437 543 517 hostis,
562 460 755 526 quam
772 438 1207 527 integerrimas
1222 439 1387 506 vires
1404 440 1592 506 militi
1607 439 1910 505 servabat.
2000 438 2296 506 Ferocior
2311 435 2374 484 A,
2401 433 2463 484 0·
2487 445 2598 496 ²9⁵·

158 525 446 590 Decius
486 538 555 590 et
594 537 801 590 aetate
842 538 911 590 et
946 525 1163 614 vigore
1207 527 1423 604 animi,
1452 541 2020 614 quantumcunque
2063 525 2294 592 virium
2413 541 2418 548 ·

158 611 445 689 habuit,
466 611 807 678 certamine
837 612 1043 699 primo
1071 612 1315 679 effudit.
1406 613 1514 692 Et,
1540 615 1692 702 quia
1717 613 1949 680 lentior
1963 612 2296 680 videbatur

281 698 511 764 destris
553 721 786 785 pugna,
831 700 1185 786 equitatum
1226 699 1299 765 in
1338 723 1620 788 pugnam
1661 700 1971 766 concitat:
2027 713 2096 766 et
2137 700 2292 788 ipse,

202 785 572 850 ortissimae
601 787 905 850 iuvenum
934 798 1177 852 turmae
1205 786 1554 865 immixtus,
1585 802 1724 854 orat
1748 809 2042 875 proceres
2069 786 2293 852 iuven·

164 872 379 949 tutis,
410 871 479 936 in
516 871 765 938 hostem
792 885 869 936 ut
900 895 1117 938 secum
1145 873 1457 961 impetum
1484 875 1754 940 faciant:
1800 873 2124 962 duplicem
2151 873 2294 940 illo-

164 981 347 1024 rum
388 958 653 1046 gloriam
690 958 845 1036 fore,
874 959 927 1024 si
970 960 1051 1024 ab
1092 959 1271 1026 laevo
1314 983 1514 1026 cornu
1557 974 1625 1026 et
1665 961 1746 1026 ab
1787 961 2004 1048 equite
2034 960 2294 1026 victoria

168 1043 483 1132 incipiat.
572 1045 686 1110 Bis
732 1055 1011 1110 avertere
1051 1045 1371 1112 Gallicum
1408 1048 1782 1135 equitatum.
1872 1046 2114 1112 Iterum
2152 1047 2294 1112 lon·

172 1132 347 1221 gius
382 1143 651 1210 evectos,
682 1146 749 1196 et
776 1132 903 1197 iam
931 1132 1100 1198 inter
1126 1133 1339 1198 media
1364 1134 1656 1222 equitum
1699 1133 1954 1221 agmina
1980 1132 2292 1220 proelium

114 1241 151 1292 7
176 1218 465 1297 ciente&
494 1240 733 1283 novum
767 1241 1019 1306 pugnae
1048 1219 1397 1286 conterruit
1432 1243 1667 1307 genus:
1713 1219 1948 1284 essedis
1975 1220 2292 1306 carrisque

176 1319 564 1393 superstans
592 1317 867 1370 armatus
900 1305 1099 1370 hostis
1126 1306 1373 1394 ingenti
1400 1307 1638 1372 sonitu·
1649 1329 1958 1394 equorum
1987 1319 2296 1372 rotarum·-

178 1415 331 1480 que
361 1391 636 1469 advenit,
668 1404 735 1456 et
760 1391 1045 1458 insolitos
1072 1392 1209 1458 eius
1239 1393 1548 1459 tumultus
1579 1393 2016 1458 Romanorum
2045 1403 2296 1458 conter-

114 1495 161 1544 8
180 1479 335 1544 ruit
399 1500 617 1630 eqluos.
708 1476 808 1544 Ita
863 1479 1169 1544 victorem
1226 1480 1582 1567 equitatum
1639 1478 1818 1546 velut
1871 1479 2296 1568 lymphaticus

182 1587 403 1654 pavor
484 1565 733 1653 'ssipatz
782 1565 1007 1630 sternit
1044 1566 1193 1630 inde
1224 1580 1481 1632 ruentes
1515 1589 1552 1630 e
1598 1590 1714 1632 uos
1739 1568 2032 1654 virosque
2059 1567 2294 1666 impro-

188 1651 359 1718 vida
383 1651 549 1739 fuga.
642 1651 929 1717 Turbata
955 1651 1107 1716 hinc
1136 1651 1327 1718 etiam
1368 1653 1550 1741 signa
1601 1654 1934 1741 egionum=
1983 1651 2296 1740 multaque

186 1739 451 1828 impetu
480 1761 789 1826 equorum
806 1759 881 1804 ac
896 1738 1330 1804 vehiculorum
1350 1752 1675 1831 ‘raptorum
1693 1763 1808 1830 per
1827 1762 2056 1842 agmen
2079 1737 2297 1804 obtriti

190 1825 637 1913 antesignani:
684 1837 751 1890 et
778 1825 1083 1904 insecuta,
1112 1825 1302 1892 simul
1330 1828 1577 1892 territos
1605 1827 1817 1894 hostes
1845 1825 2025 1905 Vidit,
2049 1825 2298 1892 Gallica

190 1914 375 1980 acies
422 1911 669 1976 nullum
726 1911 999 1999 spatium
1048 1935 1147 1978 res
1192 1913 1399 1979 irandi
1453 1914 1932 2015 recipiendique
1977 1937 2046 1979 se
2096 1913 2294 1980 dedit.

194 1999 557 2064 Vociferari
602 1999 862 2076 Decius,
912 2007 932 2036 ‘
948 2023 1078 2086 quo
1270 2001 1456 2066 rent?
1498 2023 1770 2086 quamve
1813 2024 1884 2065 m
1927 2001 1965 2066 f
2120 2023 2298 2088 spem

194 2085 584 2152 haberent?
627 2085 927 2150 obsistere
948 2084 1200 2151 cedenti
1246 2109 1338 2164 us,
1358 2109 1431 2150 ac
1450 2109 1742 2151 revocare
1757 2086 1945 2152 fusos.
2085 2087 2296 2164 einde‚
2315 2107 2501 2159 Decius
2521 2124 2575 2158 ω

196 2187 279 2239 ut
322 2171 499 2238 nulla
524 2172 588 2236 vi
629 2171 954 2259 perculsos
980 2173 1289 2236 sustinere
1332 2185 1599 2260 poterat,
1629 2185 1876 2259 patrem
1918 2172 1992 2237 P.
2020 2172 2296 2237 Decium
2313 2176 2535 2224 devovet.

194 2259 467 2325 nomine
485 2257 887 2346 compellans,
914 2266 935 2297 ‘
948 2257 1129 2333 Quid
1150 2258 1314 2323 ultra
1330 2259 1579 2336 moror,'
1593 2258 1826 2346 inquit,
1853 2258 2184 2324 ‘familiare
2206 2259 2299 2324 fa-

136 2365 181 2416 9
203 2354 225 2385 ‘
242 2348 424 2412 tum?
486 2345 731 2410 Datum
748 2344 873 2411 hoc
890 2355 1105 2410 nostro
1124 2346 1345 2433 generi
1366 2357 1481 2423 est,
1506 2359 1580 2410 ut
1593 2345 1846 2410 luendis
1945 2345 2160 2411 riculis
2179 2367 2298 2432 pu·

202 2441 226 2472 ‘
242 2433 429 2500 blicis
442 2431 693 2520 piacula
706 2432 919 2497 simus.
1008 2431 1147 2498 Iam
1164 2453 1285 2520 ego
1308 2433 1558 2498 mecum
1576 2431 1854 2497 hostium
1863 2367 2152 2519 ffgiones
2169 2453 2303 2498 ma-

204 2529 227 2562 ‘
248 2519 513 2585 ctandas
542 2517 789 2584 Telluri
826 2541 900 2584 ac
934 2519 1057 2584 diis
1084 2518 1389 2584 Manibus
1418 2519 1624 2584 dabo?
1711 2517 1892 2583 Haec
1921 2518 2172 2583 locutus
2199 2517 2296 2584 M.

204 2607 467 2672 Livium
516 2605 905 2694 pontificem,
955 2627 1168 2693 quem,
1216 2605 1609 2672 descendens
1659 2604 1728 2669 in
1777 2605 2000 2683 aciem,
2051 2603 2300 2692 digredi

202 2706 495 2760 vetuerat
533 2693 614 2758 ab
650 2715 739 2770 se,
771 2691 1013 2779 praeire
1057 2692 1240 2757 iussit
1264 2693 1475 2768 verba,
1507 2692 1740 2779 quibus
1777 2714 1844 2756 se
1889 2691 1948 2756 le
1995 2691 2298 2780 'onesque

204 2780 486 2846 hostium
514 2801 631 2868 pro
660 2779 947 2846 exercitu
983 2778 1205 2866 populi
1236 2777 1517 2845 Romani
1550 2777 1898 2854 Quiritium
1983 2792 2296 2844 evoveret.

206 2867 501 2932 Devotus
531 2866 681 2931 inde
702 2865 926 2932 eadem
944 2866 1305 2953 precatione
1325 2865 1680 2954 eodemque
1709 2865 1952 2943 habitu,
2023 2888 2106 2930 uo
2122 2879 2302 2953 puter

204 2955 285 3020 P.
316 2953 559 3019 Decius
604 2952 687 3018 ad
727 2951 1017 3018 Veserim
1060 2951 1228 3017 bello
1272 2953 1512 3019 Latino
1566 2975 1632 3017 se
1677 2953 1942 3018 iusserat
2029 2954 2298 3018 evoveri.

212 3039 441 3117 Quum
468 3039 817 3106 seeundum
852 3038 1167 3104 sollennes
1238 3040 1590 3108 necationes
1617 3040 1966 3118 adiecisset,
1999 3049 2019 3078 ‘
2038 3063 2190 3128 prae
2233 3063 2314 3104 se.

208 3137 231 3168 ⁴
253 3149 443 3214 agere
484 3149 619 3192 sese
647 3125 1051 3191 formidinem
1092 3149 1165 3190 ac
1342 3149 1427 3205 m,
1458 3127 1718 3192 caedem
1767 3149 1847 3190 ue
1891 3148 1966 3190 ac
1993 3149 2300 3202 cruorem,

162 3250 187 3284 ι
210 3223 232 3254 ‘
254 3213 647 3291 coelestium,
674 3212 1021 3278 inferorum
1060 3213 1221 3277 iras:
1268 3225 1712 3279 contacturum
1775 3211 2114 3276 unebribus
2147 3212 2304 3276 diris

210 3309 233 3341 ‘
248 3300 450 3388 signa,
482 3299 627 3378 tela,
657 3321 833 3366 arma
864 3298 1178 3375 hostium3
1224 3297 1564 3414 locumque
1609 3297 1886 3363 eundem
1925 3319 2074 3362 suae
2113 3297 2306 3399 pestis

208 3397 233 3430 ⁶
251 3401 322 3452 et
364 3385 695 3452 Gallorum
733 3408 808 3451 ac
858 3385 1240 3452 Samnitium
1280 3385 1453 3462 fore3
1517 3384 1676 3449 haec
1722 3396 2080 3448 exseoeatus
2123 3407 2194 3448 m
2237 3406 2306 3448 se

207 3474 574 3562 hostesque,
620 3495 750 3561 qua
792 3471 1314 3538 confertissimam
1358 3471 1659 3536 cernebat
1707 3467 2040 3534 Gallorum
2083 3470 2305 3548 aciem,

284 3671 313 3722 7
344 3660 542 3710 Evodio
562 3660 838 3722 curruque]
863 3658 1103 3707 Eadm
1122 3662 1229 3706 erat
1290 3663 1339 3706 et
1358 3657 1567 3706 nunniti.

212 3723 429 3773 vehiculi
452 3725 531 3772 vel
554 3737 721 3772 currus
746 3737 917 3786 genus,
938 3736 966 3769 e
988 3736 1086 3784 quo
1108 3735 1227 3782 pug-
1427 3722 1492 3770 Ut
1513 3719 1706 3768 luendis
1721 3719 1960 3781 periculis
1977 3719 2186 3781 publicis
2195 3720 2305 3782 pia-

214 3802 335 3838 nare
371 3787 593 3836 solebant
630 3791 815 3835 veteres
854 3785 991 3835 Galli
1028 3790 1079 3834 et
1119 3783 1227 3832 Bri·
1290 3734 1405 3833 eug
1423 3785 1600 3844 simus]
1639 3782 1714 3832 Ut
1735 3782 1885 3832 simus
1905 3783 2042 3846 quasi
2065 3799 2096 3846 q

212 3850 373 3902 tanni.
435 3852 607 3900 Can-is
630 3849 985 3913 impedimenta
1013 3850 1227 3911 plerum·
1294 3847 1540 3908 victimae,
1552 3847 1897 3897 destinataead
1913 3848 2146 3896 luendam
2159 3845 2307 3895 deum

252 3931 315 3964 ue
355 3915 669 3964 vehebantur.
716 3915 877 3965 cuv.
944 3913 1137 3963 Similia
1173 3913 1237 3962 de
1298 3911 1440 3972 iram,
1462 3919 1513 3961 et
1533 3913 1596 3962 ad
1619 3912 1910 3975 excipienda
1936 3911 2178 3986 capitibus
2203 3923 2312 3958 nos-

214 3933 383 4030 &auis
424 3980 599 4042 Polyb.
643 3978 699 4028 ii.
746 3992 823 4042 33.
868 3983 1045 4026 narrat.
1126 3978 1238 4026 Has
1299 3977 1386 4026 tris
1406 3977 1626 4040 pericula
1647 3991 1772 4039 quae
1799 3976 2099 4039 reipubhcae
2119 3973 2306 4034 impen-

217 4059 415 4108 quoque
450 4059 527 4092 res
562 4044 615 4093 in
652 4042 817 4092 media
850 4047 1037 4091 aestate
1156 4047 1234 4090 tas
1298 4041 1430 4090 dent.
1464 4043 1628 4091 Cre-nv.

216 4109 367 4158 fuinae
388 4115 575 4157 certum
599 4113 673 4158 est
701 4123 763 4156 ex
792 4121 870 4166 eo,
897 4107 1029 4169 quod
1052 4057 1235 4155 ffius
1368 4121 1387 4154 1
1433 4107 1782 4156 sztacmrum
1812 4103 2114 4164 fundm‘bm
2155 4101 2304 4160 diris]

221 4172 360 4223 Prid.
414 4173 548 4222 Non.
599 4173 871 4236 Septembr.
926 4170 1233 4233 triumphum
1296 4168 1363 4218 Se
1400 4170 1634 4218 devotum
1671 4166 1804 4223 diris,
1839 4166 1974 4214 velut
2017 4169 2308 4226 contagione

218 4237 334 4300 egit.
1297 4233 1510 4295 quadam
1535 4231 1920 4280 transmissurum
1949 4230 2064 4279 illas
2091 4229 2142 4278 in
2171 4229 2312 4292 sig-na

286 4303 319 4349 8
349 4302 697 4364 lymphaticus
744 4301 927 4363 pcvoe]
985 4299 1047 4348 cf.
1090 4297 1234 4359 Supr.
1298 4295 1528 4345 hostium.
1563 4295 1724 4344 Cur.

222 4363 303 4415 vii.
346 4379 418 4427 17.
450 4371 569 4414 tunc
600 4365 791 4428 quidem
826 4366 959 4414 velut
998 4363 1235 4426 lymphati
