3000 4784
826 219 1019 289 LIB.
1066 222 1149 289 V.
1216 222 1437 291 CAP.
1488 228 1549 292 7.
2109 229 2240 295 295

126 354 560 444 ‘longinquae
592 360 1105 447 oppugnationis,
1128 382 1263 429 non
1288 361 1384 425 vis
1412 360 1641 425 hiemis
1667 360 1750 427 ab
1777 360 1934 429 urbe
1963 360 2238 429 circum-
2257 382 2328 436 U.
2349 385 2412 439 0¹.
2469 398 2550 449 μ.

124 445 145 473 ‘
162 462 327 509 sessa
352 444 565 511 semel
612 468 905 511 amovere
944 448 1162 533 possit,
1192 470 1315 513 nec
1346 446 1540 512 finem
1579 446 1784 511 ullum
1827 447 2022 515 alium
2059 447 2234 527 belli,
2253 450 2318 501 A.
2347 451 2412 501 G-
2433 464 2548 513 400·

123 531 141 560 ⁶
160 551 353 613 quam
390 530 761 610 victoriam,
792 533 1077 609 noverit3
1126 556 1247 599 nec
1284 533 1534 635 impetu
1572 533 1784 621 potius
1820 533 2006 613 bella,
2037 558 2235 635 quam

120 618 139 647 ‘
158 618 661 699 perseverantia,
684 620 899 705 gerat?
986 643 1107 687 uae
1130 620 1199 685 in
1218 642 1393 685 omni
1416 619 1680 706 quidem
1695 643 1930 708 genere
1949 620 2232 701 militiae,

120 704 139 733 ‘
158 702 439 767 maxime
507 716 735 771 tamen
792 706 863 769 in
920 730 961 771 o
1004 706 1287 771 sidendis
1344 708 1626 784 urbibus,
1687 709 2038 773 necessaria
2092 721 2229 786 est3

119 790 137 818 ‘
157 810 431 871 quarum
513 790 831 878 lex-nsque,
862 793 1323 859 munitionibus
1356 816 1429 859 sc
1459 793 1735 859 naturali
1763 795 1890 859 situ
1917 794 2234 882 inexpug-

120 876 138 904 ‘
156 873 421 952 nabiles,
592 900 627 943 e
654 878 891 964 sitique
922 890 1174 966 tempus
1202 880 1409 967 ipsum
1432 880 1631 945 vincit
1659 893 1850 966 atque
1873 903 2001 968 exp
2135 894 2226 945 at:

118 962 137 991 ‘
157 959 321 1025 sicut
339 960 556 1029 Veios
580 966 1008 1051 expugnabit3
1056 966 1179 1032 nisi
1196 966 1435 1030 auxilio
1457 965 1744 1031 hostibus
1765 904 2234 1053 tribuniulffibis

118 1049 137 1076 ‘
154 1044 416 1126 fuerint,
450 1061 525 1115 et
560 1049 809 1115 Romae
838 1052 1201 1117 invenerint
1226 1052 1540 1138 praesidia
1566 1051 1894 1129 VeienteS,
1923 1076 2088 1139 quae
2117 1076 2234 1118 ne-

120 1135 138 1163 ‘
158 1133 517 1220 quicquam
550 1136 624 1202 in
664 1136 925 1201 Etruria
952 1150 1285 1223 quaerunt.
1376 1139 1491 1205 An
1535 1150 1632 1203 est
1661 1140 2023 1225 quicquam,
2057 1140 2234 1226 quod

120 1221 138 1248 ‘
160 1218 564 1317 Vei-entibus
624 1236 913 1309 optatum
962 1246 1165 1310 aeque
1218 1224 1393 1291 conti
1519 1246 1587 1289 re
1645 1226 1862 1310 possit,
1916 1237 2111 1311 quam
2161 1238 2237 1289 ut

121 1308 139 1335 ‘
156 1304 597 1373 sedmonibus
623 1310 903 1395 primum
925 1310 1075 1373 urbs
1106 1310 1417 1388 Roman&
1484 1310 1674 1375 einde
1699 1310 1876 1378 velut
1903 1334 1986 1375 ex
2015 1323 2236 1379 conta-

122 1393 140 1421 ‘
156 1390 348 1475 gione
392 1408 615 1459 castra
651 1394 1081 1481 impleantur?
1126 1396 1236 1472 At,
1278 1396 1558 1473 hercule,
1596 1395 1768 1483 apud
1803 1396 2018 1461 hostes
2059 1409 2236 1462 tanta

96 1480 141 1535 ι(
161 1476 483 1547 modestia
510 1493 631 1558 est,
663 1494 735 1545 ut
764 1504 896 1547 non
924 1482 1271 1547 obsidionis
1302 1482 1532 1560 taedio,
1555 1505 1689 1551 non
1717 1482 2000 1569 denique
2030 1484 2232 1569 regni,

118 1566 141 1615 ἕ
160 1563 521 1711 {nicqueti-1
566 1566 741 1667 apud
782 1590 893 1632 eos
920 1582 1223 1635 novatum
1266 1568 1387 1645 sit3
1434 1592 1569 1636 non
1603 1582 1838 1656 negata
1877 1569 2116 1637 auxilia
2151 1570 2234 1633 ab

124 1653 142 1682 ‘
222 1652 458 1717 truncis
504 1654 892 1719 irritaverint
948 1655 1210 1721 animos.
1301 1654 1623 1723 Morietur
1671 1657 1846 1721 enim
1889 1655 2234 1743 extemplo,

126 1738 144 1767 ⁶
164 1736 549 1833 quicimque
584 1739 709 1807 erit
744 1740 1078 1807 seditionis
1112 1754 1364 1809 auctore
1412 1765 1534 1807 nec
1568 1742 1869 1829 cuiquam
1907 1742 2122 1807 dicere
2159 1765 2238 1807 ea

96 1824 144 1877 3‘
166 1818 407 1901 hcebit,
481 1848 652 1927 quae
708 1826 884 1913 apud
927 1850 1039 1893 vos
1094 1828 1357 1915 impune
1416 1828 1736 1893 dicuntur.
1829 1828 2236 1895 Fustuarium

130 1910 148 1939 ‘
166 1922 475 1988 meretur,
508 1913 625 1998 qui
653 1913 835 2013 signa
864 1912 1189 2000 relinquit,
1218 1926 1331 1979 aut
1372 1914 1688 2001 praesidio
1731 1914 2003 1981 decedit.
2093 1914 2239 1981 Au-

130 1996 149 2027 ‘
166 2006 375 2061 ctores
404 1998 456 2061 s‘
536 2062 541 2064 ,
621 1999 1048 2085 relinquendi,
1080 2013 1147 2065 et
1180 2000 1518 2067 deserendi
1555 2014 1778 2078 castra,
1809 2024 1941 2067 non
1979 2002 2096 2067 uni
2124 2014 2236 2066 aut
2299 2066 2304 2069 .

134 2082 151 2111 ‘
164 2077 349 2147 alteri
450 2085 467 2098 “
500 2085 595 2163 ’ti,
622 2085 739 2151 sed
776 2085 1084 2153 universis
1126 2087 1528 2163 exercitibus,
1569 2087 1778 2173 palam
1821 2087 1891 2152 in
1925 2088 2232 2153 concione

135 2169 153 2199 ‘
168 2166 541 2237 audiuntur.
634 2171 824 2237 Adeo
906 2173 973 2237 ui
1056 2172 1169 2237 uid
1214 2173 1508 2239 tribunus
1555 2173 1726 2260 plebi
1769 2172 2071 2259 loquitur,
2117 2172 2238 2237 etsi

138 2256 153 2285 ‘
172 2254 551 2351 prodendae
586 2258 825 2343 patriae
854 2195 1419 2345 mvendseque
1458 2258 1846 2346 reipublicae
1881 2270 1996 2335 est,
2027 2280 2238 2322 assue-

138 2342 157 2371 ‘
174 2350 283 2403 stls
335 2343 537 2429 aequi
593 2344 849 2421 audire3
910 2357 997 2422 et,
1058 2344 1399 2411 dulcedine
1456 2344 1787 2431 potestatis
1844 2344 1982 2409 eius
2039 2343 2232 2430 capti,

138 2429 155 2457 ‘
178 2426 507 2509 quaelibet
538 2430 658 2495 sub
692 2452 771 2495 ea
796 2430 1035 2495 scelera
1060 2430 1257 2495 latere
1292 2430 1514 2496 sinitis.
1607 2430 1960 2515 Reliquum
1993 2442 2108 2505 est,
2140 2441 2234 2507 ut,

142 2513 161 2547 ‘
179 2531 341 2595 quae
387 2515 503 2581 hic
544 2516 984 2594 vociferantur,
1030 2516 1257 2581 eadem
1299 2516 1367 2579 in
1412 2516 1631 2579 castris
1671 2528 1740 2581 et
1779 2514 1956 2602 apud
2003 2515 2236 2583 milites

143 2600 163 2629 ‘
179 2611 388 2681 agant,
440 2613 511 2667 et
558 2603 877 2669 exercitus
926 2614 1335 2688 corrumpant
1385 2601 1580 2667 ducib
1699 2624 1782 2666 ue
1833 2623 2052 2688 parere
2103 2622 2236 2667 non

145 2685 164 2717 ‘
182 2685 540 2766 patiantur:
589 2688 893 2775 quoniam
936 2712 1016 2753 ea
1053 2687 1317 2755 demum
1358 2687 1606 2753 Romae
1645 2687 1692 2751 11
1775 2700 1902 2753 rtas
1944 2700 2060 2766 est,
2103 2710 2236 2756 non

147 2774 165 2801 ‘
178 2784 491 2851 senatum,
514 2798 647 2839 non
683 2775 1099 2861 magistr-etue,
1120 2797 1253 2839 non
1286 2774 1478 2861 leges,
1500 2796 1634 2839 non
1663 2796 1872 2839 mores
1903 2774 2234 2853 maiorum,

150 2859 169 2887 ‘
186 2874 313 2921 non
343 2860 637 2926 instituta
664 2874 937 2948 patrum,
958 2884 1091 2927 non
1120 2860 1522 2948 disciplinam
1551 2860 1755 2925 vereri
1783 2860 2087 2929 militiae?

226 2940 353 3009 Pau·
378 2948 511 3015 iam
532 2947 724 3013 etiam
752 2948 824 3014 in
842 2947 1255 3013 concionibus
1276 2961 1411 3013 erat
1430 2948 1684 3035 Appius
1707 2947 1975 3013 tribunis
2043 2948 2236 3026 lebis3
2377 2952 2436 3016 7.

149 3047 341 3110 quum
369 3033 601 3110 subito,
632 3034 805 3099 unde
836 3034 1097 3099 minime
1122 3034 1265 3120 quis
1292 3033 1600 3111 crederet,
1631 3047 1892 3120 accepta
2018 3036 2240 3101 amitas

150 3115 315 3197 apud
344 3117 543 3183 Veios
572 3133 641 3183 et
666 3120 1054 3207 superiorem
1085 3119 1375 3207 Appium
1404 3120 1475 3185 in
1503 3142 1710 3196 causa,
1741 3130 1809 3183 et
1835 3120 2240 3185 concordiam

150 3199 443 3271 ordinum
490 3206 795 3273 maiorem
836 3206 1255 3291 ardoremque
1306 3204 1389 3271 ad
1432 3204 1818 3275 obsidendos
1905 3205 2243 3269 ertinacius

156 3280 347 3355 Veios
382 3291 553 3357 fecit.
646 3290 821 3357 Nam
857 3314 1057 3379 quum
1094 3313 1289 3378 agger
1314 3304 1642 3377 promotus
1682 3289 1766 3356 ad
1794 3312 1870 3353 ur
1952 3312 2036 3367 m,
2067 3290 2246 3353 vine-

217 3520 247 3564 4
276 3508 395 3557 Non
422 3509 679 3557 obsidionis
706 3509 882 3568 taedio,
902 3523 1003 3557 non
1032 3508 1166 3556 dem‘-
1231 3505 1375 3568 tingit
1408 3505 1732 3554 damnatum:
1770 3518 1869 3565 quo
1905 3505 2036 3553 facto
2078 3520 2248 3556 omnes

159 3582 247 3628 que
266 3574 431 3633 ramni]
468 3572 635 3621 latini
664 3573 924 3634 scriptores
944 3570 1095 3619 etism
1114 3570 1169 3618 in
1232 3570 1449 3617 eiusdem
1474 3568 1680 3642 legionis
1699 3566 1898 3627 milites,
1911 3583 2009 3629 qus
2021 3568 2248 3629 fustibus,

164 3644 219 3679 et
252 3634 635 3696 enumeratione,
670 3652 796 3698 quse
829 3636 928 3683 duo
971 3639 1167 3683 tentum
1233 3648 1332 3694 qua
1365 3630 1497 3680 saxis
1529 3630 1650 3679 mibi
1686 3630 1817 3679 intra
1851 3637 2008 3679 castra.
2041 3638 2248 3695 sontem,

165 3692 335 3747 habeat
366 3700 601 3760 membra,
624 3700 899 3763 praefigunt
919 3714 1068 3761 saepe
1098 3698 1167 3747 al·
1234 3700 1292 3744 ut
1313 3696 1599 3758 plurimum,
1621 3700 1815 3745 necant.
1881 3696 1980 3745 Sed
2012 3701 2063 3747 et
2095 3695 2134 3745 si
2164 3696 2248 3760 qui

166 3758 251 3806 teri
288 3762 576 3824 particulam
614 3764 837 3826 dmiqtae.
912 3762 994 3811 Sic
1028 3761 1169 3811 initio
1234 3759 1493 3819 evaserint,
1515 3775 1614 3809 non
1639 3764 1808 3809 tamen
1835 3760 1958 3809 salvi
1991 3767 2250 3823 propterea.

171 3824 325 3873 statim
348 3826 549 3875 celebris
568 3826 705 3875 illius
724 3826 961 3889 epistolae
978 3826 1170 3875 Cicero·
1234 3828 1376 3873 sunt:
1415 3838 1568 3886 quum
1591 3840 1751 3887 neque
1782 3824 1836 3875 in
1867 3824 2074 3887 patriam
2097 3824 2157 3873 iis
2177 3841 2248 3877 re-

173 3884 243 3933 ni·
268 3890 333 3938 ad
354 3890 421 3947 Q„
443 3890 671 3939 fratrem:
706 3891 847 3939 mzdti
879 3891 1064 3948 nuntii,
1082 3891 1169 3949 sa-
1234 3887 1338 3936 dire
1381 3888 1546 3947 liceat,
1584 3904 1746 3949 neque
1783 3888 2040 3949 quisquam
2085 3904 2250 3941 neces-

172 3963 246 3998 ma
275 3955 479 4016 donique
504 3989 517 4003 .
540 3990 554 4003 .
576 3990 591 4003 .
615 3989 629 4002 .
650 3956 793 4016 ipsa.-
832 3952 885 4003 id
916 3958 1006 4011 est,
1038 3952 1173 3999 fama
1234 3952 1469 3999 sariorum
1517 3966 1601 3999 eos
1651 3950 1782 4001 ausit
1834 3956 1966 4000 tecto
2018 3950 2248 4013 recipere.

177 4012 313 4065 etiam
334 4018 454 4079 ipsa.
511 4016 702 4066 Pariter
720 4016 770 4065 in
793 4016 889 4067 hoc
914 4015 1040 4065 Livii
1063 4016 1171 4063 loco
1237 4014 1573 4071 Quamobrem
1596 4014 1682 4076 qui
1705 4014 1858 4063 semel
1889 4014 1940 4061 in
1973 4014 2100 4061 hanc
2122 4014 2250 4065 cala·

176 4090 267 4125 Mn
306 4083 510 4144 denique
549 4082 691 4145 requi
732 4080 843 4141 erit,
880 4094 979 4129 non
1020 4078 1175 4145 ipsius
1238 4078 1461 4126 mitatem
1495 4078 1791 4136 inciderunt,
1826 4076 2108 4139 planissime
2145 4092 2251 4137 per-

177 4151 357 4206 quoque
376 4144 527 4207 regni.
564 4146 727 4195 cm.
1238 4148 1371 4193 eunt.
1418 4143 1581 4191 cuv.
1651 4142 1825 4191 Simile
1867 4139 2066 4200 quidem
2101 4152 2256 4198 genus

237 4218 263 4267 5
281 4210 627 4271 Fuscum-ium]
654 4206 889 4257 Militaris
908 4222 1069 4269 poena
1086 4210 1179 4265 est,
1240 4204 1488 4269 supplicii,
1521 4206 1601 4254 tho
1631 4206 1801 4255 lemae.
1836 4202 1951 4253 hod.
1973 4215 2056 4263 ap-
2077 4198 2254 4253 Berus-

179 4280 294 4327 quse
321 4272 389 4322 sic
420 4288 453 4321 s
484 4272 662 4335 Polyb.
686 4272 750 4321 vi.
776 4283 853 4335 37.
876 4269 1177 4321 describitur.
1241 4284 1320 4319 sos
1340 4272 1615 4329 usurpatur.

180 4330 385 4399 Accepto
405 4336 535 4387 fuste
558 4337 782 4385 tribunus
804 4334 886 4385 vix
917 4334 1087 4383 leviter
1108 4340 1177 4385 ιιι-
