3000 4784
719 232 846 293 418
1495 224 1724 291 TITI
1781 224 2047 291 LIVII

397 376 467 429 U.
491 376 551 429 c.
573 392 684 439 φο.
721 362 890 427 sules
923 362 1110 427 ambo
1144 382 1228 426 ex
1263 360 1396 425 inte
1586 384 1627 425 o
1668 361 2103 447 magistratum
2142 360 2366 438 iniere,
2402 362 2483 427 C.
2514 360 2823 448 Sulpicius

396 444 457 492 A.
492 445 551 493 C·
577 454 686 517 353·
725 450 982 513 Peticus
1047 448 1325 524 tertium,
1387 446 1483 511 M.
1584 447 1811 511 alerius
1870 446 2218 512 Publicola.
2340 447 2705 535 Empulum
2758 470 2827 511 eo

397 506 512 619 313,
509 507 596 619 Ἠ
600 520 708 619 ιῧιὲ,
725 558 894 601 anno
937 558 1020 599 ex
1049 534 1422 600 Tiburtibus
1465 533 1640 599 haud
1684 533 2095 599 memorando
2137 534 2483 599 certamine
2532 547 2823 621 mptum:

398 634 519 683 letio
535 634 672 683 Coss.
726 622 856 687 sive
891 622 1165 686 duorum
1208 620 1542 685 consulum
1584 620 1864 707 auspicio
1906 620 2148 684 bellum
2190 622 2281 686 ibi
2320 634 2577 708 gestum
2615 636 2739 696 est,
2766 632 2833 683 ut

397 698 710 772 Ampe-90⁸⁸.
727 709 1028 795 scripsere
1073 707 1379 794 quidam3
1432 729 1549 772 seu
1590 728 1703 793 per
1748 706 1923 771 idem
1966 719 2219 794 tempus
2262 707 2831 795 Tarquiniensium

401 768 604 824 patmon.
727 818 986 883 quoque
1021 808 1172 859 sunt
1197 794 1422 858 vastati
1463 794 1598 893 agri
1634 794 1714 859 ab
1746 792 2031 893 Sulpicio
2060 794 2341 871 consule,
2370 818 2505 881 quo
2538 793 2833 859 Valerius

727 881 1024 946 adversus
1053 880 1354 946 Tiburtes
1395 879 1678 966 leglones
1720 879 1924 944 duxit.
2014 879 2217 945 Domi
2260 881 2465 945 maius
2506 894 2833 945 certamen

725 967 1089 1033 consulibus
1133 990 1283 1032 cum
1327 966 1515 1067 plebe
1562 989 1637 1031 ac
1683 966 1953 1029 tribunis
2002 979 2155 1031 erat.
2246 966 2431 1031 Fidei
2476 968 2617 1031 iam
2666 988 2833 1037 suae,

727 1076 860 1119 non
903 1053 1106 1119 solum
1135 1054 1402 1130 virtutm,
1434 1053 1755 1117 ducebant
1800 1074 1955 1128 esse,
1992 1064 2065 1116 ut
2111 1054 2501 1140 accepissent
2544 1053 2687 1118 duo
2730 1075 2835 1138 pe-

727 1140 892 1205 tricii
943 1140 1361 1216 consulatum,
1407 1139 1497 1203 ita
1546 1139 1851 1203 ambobus
1900 1139 2181 1225 patriciis
2232 1140 2557 1205 mandare.
2660 1139 2835 1214 Quin

729 1239 841 1292 aut
883 1240 1016 1292 toto
1055 1225 1412 1293 cedendum
1457 1248 1613 1302 esse,
1642 1226 1697 1289 si
1738 1224 2025 1311 plebeius
2066 1226 2195 1291 iam
2238 1225 2653 1313 magistratus
2690 1247 2837 1290 eon·

729 1313 968 1379 sulatus
1016 1314 1146 1391 fiat,
1196 1326 1308 1378 aut
1358 1325 1563 1377 totum
1614 1310 2087 1399 possidendum,
2130 1334 2323 1398 quam
2368 1314 2833 1399 posse-sionem

729 1400 1041 1487 integram
1092 1423 1131 1464 a
1177 1400 1460 1487 patribus
1512 1398 1915 1485 accepissent.
2023 1397 2253 1463 Plebes
2303 1412 2527 1463 contra
2582 1399 2833 1463 fiemit:

732 1494 753 1524 ‘
779 1485 958 1562 Quid
1000 1508 1068 1551 se
1111 1486 1341 1563 vivere,
1383 1484 1541 1572 quid
1586 1485 1657 1548 in
1702 1496 1878 1570 parte
1926 1484 2161 1549 civium
2208 1485 2491 1549 censeri:
2540 1486 2625 1563 si,
2668 1482 2837 1571 quod

732 1581 752 1610 ‘
772 1572 1046 1637 duorum
1087 1572 1420 1636 hominum
1449 1572 1704 1645 virtute,
1736 1568 1811 1633 L.
1842 1569 2047 1633 Sextii
2074 1593 2149 1634 ac
2183 1568 2260 1634 C.
2289 1570 2548 1647 Licinii,
2584 1584 2835 1658 partum

733 1666 752 1695 ‘
773 1658 872 1734 sit,
905 1658 974 1721 id
1003 1658 1288 1722 obtinere
1319 1657 1597 1722 universi
1636 1678 1767 1720 non
1809 1656 2102 1742 possint?
2188 1654 2315 1721 Vel
2353 1679 2559 1743 reges,
2592 1659 2705 1723 vel
2732 1657 2837 1721 de-
2939 1684 2940 1691 ¹

735 1752 756 1783 ‘
775 1745 1099 1819 cemviros,
1130 1743 1252 1820 vel,
1283 1744 1338 1807 si
1378 1741 1555 1830 quod
1599 1742 1833 1806 tristius
1874 1742 1957 1807 sit
1994 1742 2245 1842 imperii
2286 1764 2545 1821 nomen,
2586 1746 2835 1843 patien-

733 1838 754 1866 ‘
773 1828 928 1891 dum
967 1850 1102 1893 esse
1141 1830 1373 1914 potius,
1405 1852 1601 1915 quam
1638 1830 1855 1893 ambos
1891 1829 2185 1914 patricios
2223 1830 2515 1894 consules
2550 1830 2835 1906 videant,
2939 1876 2940 1887 2

732 1923 752 1951 ⁶
773 1936 894 1977 nec
933 1914 1004 1977 in
1039 1916 1245 1978 vicem
1281 1929 1577 2001 pareatur
1614 1928 1805 2002 atque
1844 1916 2229 2001 imperetur3
2276 1915 2389 1979 sed
2426 1938 2578 2003 pars
2622 1918 2833 1991 altera,

729 2000 843 2065 ‘in
885 2013 1143 2065 aeterno
1185 2000 1453 2087 imperio
1499 2001 1721 2079 locata,
1765 2000 2019 2087 plebem
2064 2024 2379 2087 nusquam
2420 2002 2549 2067 alio
2598 2018 2835 2079 natam,
2939 2034 2940 2055 1

730 2095 749 2124 ‘
771 2110 964 2174 quam
995 2088 1077 2151 ad
1105 2088 1529 2166 serviendum,
1554 2088 1774 2175 putet?
1832 2086 1987 2152 Non
2008 2087 2239 2153 desunt
2270 2088 2511 2153 tribuni
2540 2106 2833 2157 auctores

729 2175 1094 2250 turbarum3
1163 2174 1278 2239 sed
1323 2176 1490 2239 inter
1534 2174 1881 2239 concitatos
1926 2196 2043 2260 per
2088 2197 2153 2239 se
2200 2196 2423 2239 omnes
2474 2175 2591 2240 vix
2642 2177 2835 2242 dueoe
2939 2190 2940 2225 ἒ

727 2262 1032 2326 eminent.
1124 2260 1488 2348 Aliquoties
1516 2260 1745 2325 frustra
1782 2259 1855 2322 in
1890 2282 2185 2347 campum
2214 2261 2598 2326 descensum
2632 2284 2831 2349 quum
2939 2274 2940 2279 ’

727 2359 908 2423 esset,
933 2347 1244 2433 multique
1274 2369 1390 2433 per
1416 2347 1760 2411 seditiones
1786 2347 1911 2411 acti
1932 2346 2279 2412 comitiales
2300 2347 2474 2424 (lies3
2508 2363 2833 2449 postremo
2938 2286 2940 2415 4

727 2433 928 2498 victae
957 2432 1421 2521 perseverantia
1447 2432 1777 2497 consulum
1806 2432 2009 2519 plebis
2038 2456 2115 2497 eo
2144 2433 2325 2497 dolor
2350 2449 2587 2521 erupit,
2622 2450 2703 2501 ut
2730 2436 2835 2501 tri·
2939 2422 2940 2445 ¹

727 2520 952 2597 bunos,
1001 2528 1021 2557 ‘
1041 2532 1254 2584 actum
1293 2541 1427 2583 esse
1467 2517 1551 2583 de
1592 2518 1909 2583 libertate’
1936 2519 2367 2597 vociferantes,
2418 2530 2438 2559 ‘
2456 2521 2835 2610 relinquen·

730 2614 750 2643 ‘
771 2606 1054 2693 dumque
1081 2628 1215 2671 non
1243 2628 1539 2692 campum
1567 2604 1695 2670 iam
1722 2604 1946 2683 solum,
1970 2606 2085 2670 sed
2105 2606 2295 2670 etiam
2324 2606 2551 2671 urbem
2578 2623 2835 2697 captam

667 2756 674 2765 ,
729 2702 750 2731 ‘
771 2706 963 2780 atque
999 2715 1038 2757 o
1083 2714 1359 2780 pressam
1396 2714 1593 2793 regno
1632 2692 2076 2777 patriciorum,’
2104 2704 2342 2757 maesta
2376 2692 2562 2779 plebs
2600 2717 2831 2797 seque-

727 2791 916 2843 retur.
1073 2779 1343 2856 onsules,
1373 2777 1577 2843 rehcti
1612 2799 1652 2841 a
1684 2790 1861 2865 parte
1900 2777 2141 2865 populi,
2170 2801 2287 2865 per
2326 2779 2829 2867 infiequentiam
2846 2800 2869 2846 3

726 2864 983 2927 comitia
1026 2865 1228 2929 nihilo
1274 2865 1529 2951 segnius
1660 2863 1931 2929 rficiunt.
2026 2862 2245 2929 Creati
2296 2866 2593 2931 consules
2640 2870 2829 2933 ambo

724 2949 989 3033 patricii,
1037 2947 1133 3012 M.
1169 2949 1398 3014 Fabius
1447 2952 1579 3015 Am
1626 2963 1800 3015 ustus
1844 2950 2119 3029 tertium,
2166 2951 2245 3016 T.
2276 2950 2647 3026 Quinctius.
2756 2954 2829 3019 In

723 3030 1103 3133 quibusdam
1147 3034 1478 3099 annalibus
1522 3058 1637 3122 pro
1684 3036 1761 3099 T.
1794 3036 2101 3111 Quinctio
2146 3036 2243 3101 M.
2270 3036 2619 3124 Popillium
2680 3063 2826 3105 con-

723 3118 925 3184 sulem
953 3119 1227 3183 inveni0.

508 3210 537 3270 1
550 3211 606 3271 9.
811 3206 966 3271 Duo
1000 3204 1169 3272 bella
1210 3229 1288 3271 eo
1327 3228 1496 3271 anno
1536 3230 1833 3296 prospere
1871 3222 2085 3296 gesta:
2134 3232 2284 3274 cum
2314 3209 2825 3301 Tiburtibusque

399 3292 469 3341 U.
493 3294 551 3343 0·
577 3308 686 3355 401·
724 3293 807 3357 ad
863 3292 1255 3358 deditionem
1311 3307 1683 3380 pugnatum.
1789 3294 2039 3360 Sassula
2094 3318 2177 3360 ex
2233 3296 2335 3360 his
2392 3298 2545 3361 urbs
2596 3316 2820 3386 capta:

397 3355 471 3469 ᾗ
491 3357 686 3469 Ξέὼῆξι·
724 3378 1324 3481 ceteraque-oppida
1355 3380 1627 3481 eandem
1660 3380 1979 3447 sommam
2012 3381 2400 3482 habuissent,
2429 3383 2499 3447 ni
2526 3385 2825 3485 unirersa

398 3482 635 3601 aaa.
722 3478 1575 3617 erassem&
1610 3466 2146 3640 fiffigfflffi.
2175 3482 2471 3621 :4³¹3ss
2506 3470 2821 3621 ...3⁰⁰3

396 3608 700 3736 gffimphu·
785 3638 1218 3736 atquinienses
1246 3639 1468 3703 acerbe
1504 3638 1828 3703 saevitum.
1922 3638 2149 3704 Multis
2182 3641 2554 3707 mortalibus
2584 3643 2654 3706 in
2685 3644 2815 3708 acie

393 3736 456 3783 ‹10
478 3736 690 3787 Tiburti·
721 3742 936 3800 caesis,
959 3744 1042 3787 ex
1069 3724 1316 3809 ingenti
1344 3724 1734 3810 captivorum
1764 3746 2033 3790 numero
2062 3728 2329 3791 trecenti
2350 3728 2815 3815 quinquaginta
2828 3754 2853 3796 4

781 3988 810 4038 3
842 3974 947 4025 Per·
981 3974 1364 4049 infr-mam
1401 3976 1618 4035 comitia]
1666 3975 1728 4024 cf.
1793 3990 1873 4037 ap.
1890 3974 2093 4025 Diodor.
2116 3973 2215 4023 xvi.
2232 3974 2457 4038 legimus.
2494 3976 2703 4027 Niebhr.
2716 3978 2748 4027 i.
2766 3995 2812 4028 ι.

715 4038 858 4101 Supr.
879 4038 932 4089 ii.
954 4037 1032 4100 64.
1065 4039 1150 4087 ubi
1177 4040 1312 4087 irata
1335 4040 1472 4101 plebe
1498 4041 1730 4089 interesse
1797 4050 1903 4103 729.
1937 4054 2025 4101 pro
2058 4052 2263 4087 numero
2294 4052 2570 4089 cocxum.
2598 4044 2733 4103 quod
2762 4044 2811 4091 in

713 4104 1051 4153 amatoribus
1069 4104 1272 4152 comitiis
1291 4104 1462 4153 noluit.
1515 4104 1619 4152 Per
1634 4118 1725 4165 pa-
1790 4108 1885 4150 vet.
1894 4102 2006 4151 edd.
2022 4102 2249 4163 occurrit,
2261 4118 2522 4151 numerum
2538 4118 2809 4154 oocuvm.

713 4174 812 4216 trec
831 4168 1122 4231 clientesque
1146 4174 1351 4231 patrum
1379 4168 1598 4215 cannales
1624 4182 1724 4216 cro-
1788 4166 2123 4239 reponendum
2147 4166 2283 4215 vult:
2308 4166 2380 4215 ita.
2394 4174 2453 4214 ut
2467 4166 2510 4215 si
2532 4168 2811 4217 coniectum

710 4232 796 4279 ati.
833 4231 893 4279 cf.
921 4230 1124 4280 Niebhr.
1149 4232 1180 4279 i.
1203 4246 1251 4279 n.
1281 4242 1417 4292 1307.
1786 4228 1923 4277 illius
1943 4235 2115 4288 stetur,
2135 4230 2271 4277 haud
2288 4230 2437 4279 dubie
2452 4231 2675 4280 Romani
2696 4234 2807 4281 duo-

781 4311 812 4351 4
844 4296 1064 4342 Numero
1109 4296 1310 4342 trecenti
1363 4294 1723 4355 quinquaqinta
1789 4292 1942 4341 denos
1980 4293 2214 4341 Etruscos
2254 4308 2347 4355 pro
2388 4292 2528 4343 denis
2570 4294 2809 4345 Romanis

707 4356 833 4411 octo]
871 4355 1106 4415 Captivos
1137 4368 1305 4403 cccnx.
1338 4369 1545 4402 numero
1574 4355 1721 4403 fuisse
1784 4354 2161 4405 immolaverint.
2198 4357 2259 4405 cf.
2282 4357 2393 4406 inst.
2416 4357 2521 4406 xxi.
2544 4372 2623 4421 ‘29-
