3000 4784
908 226 1101 293 LIB.
1148 226 1271 293 IX.
1341 226 1566 293 CAP.
1612 235 1673 293 4.
2215 237 2342 297 503

160 363 421 427 annis
450 385 583 427 non
626 361 1001 427 militaribus
1044 363 1269 441 solum,
1300 364 1415 427 sed
1450 364 1740 429 civilibus
1783 386 2062 465 quoque,
2093 366 2339 433 absces-
2360 380 2428 431 U.
2451 382 2513 432 c,
2536 394 2646 445 433·

162 460 403 514 serat
433 450 836 514 muneribus:
884 449 955 513 in
970 472 1231 537 corpore
1264 464 1477 515 tamen
1507 452 1735 516 affecto
1761 474 1802 515 v
1869 452 2338 518 ebatvisanimi
2355 448 2416 496 A.
2452 448 2511 496 0·
2537 460 2648 511 ³¹9·

168 534 487 601 consilii
535 558 633 599 ue.
724 534 809 613 Is,
856 536 965 600 ubi
1008 538 1273 624 accepit,
1320 538 1401 601 ad
1452 536 1754 602 Furculas
1863 538 2128 603 audinas
2171 541 2340 606 inter

172 622 401 687 duos
538 635 639 686 tus
683 622 927 687 clausos
968 644 1102 687 esse
1146 624 1463 687 exercitus
1510 623 1854 703 Rornanoe,
1893 626 2216 691 consultus
2257 630 2340 693 ab

172 710 469 773 nuntio
510 708 647 786 filii,
678 710 945 787 censuit,
986 732 1207 775 omnes
1250 710 1401 775 inde
1446 733 1639 797 quam
1683 712 1961 812 primum
2005 713 2340 779 inviolatos

178 794 671 859 dimittendos.
768 795 952 871 Quae
1012 796 1124 860 ubi
1172 808 1383 883 spreta
1430 810 1750 862 sententia
1792 811 1907 876 est,
1955 800 2338 887 iterumque,

182 880 469 945 eodem
526 894 847 947 remeante
891 883 1141 959 nuntio,
1187 883 1652 961 consulebatur,
1697 886 1964 963 censuit,
2009 886 2092 950 ad
2138 910 2341 952 unum

188 990 465 1033 omnes
510 967 999 1034 interficiendos.
1097 968 1283 1044 Quae
1330 968 1443 1035 ubi
1488 982 1618 1035 tam
1665 971 1980 1037 discordia
2036 974 2203 1037 inter
2251 996 2340 1050 se,

190 1052 419 1118 velut
460 1076 543 1119 ex
584 1055 847 1142 ancipiti
890 1054 1163 1132 oraculo,
1192 1077 1495 1143 responsa
1535 1057 1688 1121 data
1727 1071 1912 1134 sunt;
1975 1082 2342 1145 quanquam

194 1139 413 1205 filius
439 1140 573 1227 ipse
604 1140 675 1203 in
702 1140 921 1227 primis
950 1141 1076 1205 iam
1112 1142 1397 1207 animum
1426 1164 1686 1231 quoque
1715 1144 1910 1230 patris
1939 1146 2344 1211 consenuisse

198 1228 309 1291 in
338 1226 569 1291 affecto
598 1248 858 1313 corpore
890 1228 1177 1303 rebatur;
1226 1242 1440 1293 tamen
1482 1252 1796 1295 consensu
1825 1232 2112 1295 omnium
2141 1230 2344 1296 victus

204 1325 357 1391 est,
406 1326 479 1378 ut
528 1314 737 1413 ipsum
786 1314 856 1377 in
898 1314 1235 1379 consilium
1278 1316 1530 1380 acciret.
1623 1315 1691 1379 N
1693 1339 1769 1380 ec
1810 1328 2104 1403 gravatus
2145 1340 2346 1383 senex

206 1398 524 1500 plaustro
552 1422 621 1463 in
652 1412 853 1463 castra
879 1399 1115 1465 dicitur
1142 1400 1463 1479 advectuS,
1495 1414 1881 1489 vocatusque
1911 1403 1980 1466 in
2009 1402 2344 1468 consilium

210 1500 333 1550 lta
374 1484 573 1549 ferme
620 1485 871 1551 locutus
916 1508 1072 1564 esse,
1119 1500 1191 1551 ut
1234 1487 1395 1551 nihil
1440 1489 1792 1553 sententiae
1838 1510 1988 1553 suae
2033 1502 2342 1567 mutaret3

216 1594 463 1637 calmas
493 1584 740 1637 tantum
757 1572 1091 1637 adiiceret:
1144 1582 1163 1612 6
1182 1574 1401 1639 Priore
1424 1596 1491 1638 se
1523 1574 1804 1652 consilio,
1825 1575 2001 1661 quod
2031 1576 2344 1662 optimum

224 1668 251 1697 ‘
282 1658 571 1736 duceret,
602 1682 749 1724 cum
793 1660 1231 1746 potentissimo
1271 1659 1510 1748 populo
1537 1683 1654 1748 per
1695 1661 1920 1749 ingens
1962 1662 2346 1727 beneficium

224 1753 253 1785 6
282 1769 369 1833 pe
488 1758 661 1810 tuam
690 1745 943 1811 firmare
1120 1769 1187 1811 m
1214 1747 1724 1833 amicitiamque:
1773 1748 1971 1813 altero
1994 1749 2256 1814 consilio
2277 1748 2343 1812 in

228 1840 257 1870 ‘
284 1854 353 1895 m
426 1844 519 1897 tas
566 1844 821 1909 aetateS,
858 1833 971 1918 qui
1016 1856 1108 1911 us,
1154 1833 1393 1897 amissis
1436 1832 1687 1898 duobus
1730 1834 2131 1912 exercitibus,
2173 1835 2345 1900 haud

231 1928 258 1957 ‘
282 1918 471 1982 facile
506 1932 840 2005 receptura
876 1918 1043 1984 vires
1080 1918 1374 1985 Romana
1411 1942 1512 1983 res
1553 1935 1736 1998 esset,
1774 1920 2012 1987 bellum
2052 1922 2341 1987 differre:

232 2013 259 2044 6
286 2005 553 2069 tertium
610 2003 861 2069 nullum
918 2005 1255 2071 consilium
1323 2007 1499 2070 esse.’
1593 2006 1814 2082 Quum
1873 2008 2042 2073 filius
2111 2008 2344 2094 aliique

226 2091 449 2179 princi
534 2115 565 2155 s
590 2092 1067 2178 percunctando
1110 2105 1630 2178 exsequerentur,
1665 2101 1684 2131 6
1711 2093 1891 2168 Quid
1923 2094 1978 2157 si
2007 2094 2221 2158 media
2245 2096 2350 2159 via

235 2186 261 2216 ‘
282 2200 443 2242 cons
493 2178 531 2192 ““
564 2201 641 2243 ca
722 2191 930 2255 retur3
978 2192 1053 2243 ut
1086 2190 1153 2243 et
1180 2177 1656 2243 dimitterentur
1681 2178 2052 2255 incolumes,
2083 2192 2149 2243 et
2177 2180 2348 2279 leges

236 2274 263 2303 ‘
283 2264 369 2329 iis
396 2264 533 2329 iure
564 2264 643 2329 be
694 2266 707 2278 '
742 2265 925 2330 victis
952 2264 1479 2353 imponerentur?
1545 2262 1680 2330 Ista
1705 2263 1968 2352 quidem
1997 2265 2350 2343 sententia:

174 2377 211 2425 3
232 2352 309 2415 in
360 2351 477 2429 uit,
512 2360 532 2389 ‘
552 2372 631 2415 ea
672 2364 789 2428 est,
826 2374 989 2438 quae
1033 2373 1247 2438 neque
1290 2350 1526 2415 amicos
1569 2364 1768 2451 parat,
1799 2373 2012 2437 neque
2056 2351 2350 2417 inimicos

237 2447 261 2477 ‘
284 2450 357 2502 to
407 2438 473 2501 't.
568 2436 827 2502 Servate
874 2437 1085 2515 mode,
1140 2458 1301 2524 quos
1352 2437 1706 2525 ignominia
1747 2437 2159 2503 irritaveritis.
2252 2437 2352 2502 Ea

238 2532 263 2561 ‘
278 2537 385 2589 est
430 2523 725 2589 Romana
774 2546 951 2611 gens,
998 2547 1162 2612 quae
1206 2524 1373 2588 victa
1424 2524 1750 2611 quiescere
1805 2524 2062 2589 nesciat.
2155 2522 2352 2589 Vivet

178 2637 216 2680 4
239 2619 263 2650 6
280 2632 538 2697 semper
594 2612 659 2674 in
720 2611 1083 2698 pectoribus
1139 2609 1411 2687 illorum,
1465 2610 1776 2696 quicquid
1833 2611 1996 2674 istuc
2053 2632 2351 2697 praesens

236 2698 587 2762 necessitas
614 2696 949 2774 inusserit3
995 2718 1207 2783 neque
1238 2718 1347 2761 eos
1382 2709 1530 2761 ante
1561 2695 1944 2782 multiplices
1971 2718 2208 2783 poenas
2237 2718 2352 2761 ex-

238 2784 477 2871 petitas
506 2807 547 2847 a
572 2783 752 2848 vobis
781 2784 1105 2870 quiescere
1136 2783 1340 2847 sinet!

335 2868 591 2943 Neutra
630 2870 949 2934 sententia
988 2882 1279 2955 accepta:
1338 2867 1710 2933 Herennius
1746 2868 2012 2933 domum
2056 2892 2093 2933 e
2132 2868 2350 2935 castris

240 2968 345 3021 est
386 2970 659 3021 avectus.
754 2955 842 3019 Et
886 2956 957 3019 in
1008 2955 1222 3019 castris
1275 2954 1595 3019 Romanis
1635 2977 1838 3041 quum
1883 2955 2114 3020 frustra
2163 2955 2349 3020 multi

244 3054 515 3109 conatus
533 3042 615 3106 ad
644 3042 1111 3128 erumpendum
1132 3041 1301 3127 capti
1329 3053 1560 3118 essent,
1581 3052 1647 3105 et
1675 3042 1803 3107 iam
1832 3043 2121 3106 omnium
2137 3065 2352 3107 rerum

244 3130 467 3217 inopia
494 3141 694 3205 esset3
740 3128 893 3193 victi
930 3128 1301 3193 necessitate
1338 3126 1578 3214 legatos
1607 3129 1890 3204 mittunt,
1923 3128 2037 3213 qui
2071 3129 2350 3215 primum

244 3238 476 3303 pacem
521 3237 787 3301 aequam
834 3226 1161 3301 peterent:
1224 3213 1277 3276 si
1319 3235 1544 3299 pacem
1593 3234 1726 3276 non
1777 3214 2208 3299 impetrarent,
2253 3213 2350 3277 uti

2360 980 2602 1033 Herennii

2359 1047 2603 1097 discordia

2360 1127 2606 1175 responsa.

244 3313 669 3389 provocarent
694 3300 777 3366 ad
804 3323 1103 3401 pugnam.
1197 3298 1370 3364 Tum
1399 3298 1687 3374 Pontius,
1716 3307 1735 3336 ‘
1755 3297 2144 3363 debellatum
2173 3300 2348 3375 esse,’
2366 3310 2522 3375 Leges
2543 3326 2576 3361 a

246 3388 614 3488 respondit:
665 3395 685 3426 6
702 3400 1120 3487 et,·quon1am
1149 3409 1232 3449 ne
1254 3385 1405 3449 victi
1478 3383 1696 3485 uidem
1727 3406 1800 3449 ac
1831 3384 2000 3484 capti
2027 3384 2347 3449 fortunam

2366 3376 2545 3425 Pontio
2566 3374 2666 3425 dic-

2361 3447 2444 3490 tae
2466 3440 2650 3491 Roma-

249 3484 269 3513 ‘
290 3475 479 3539 fateri
507 3474 762 3550 scirent,
793 3496 1065 3538 mermes
1085 3494 1235 3537 cum
1262 3471 1453 3559 singu
1476 3494 1530 3535 is
1555 3470 1949 3535 vestimentis
1977 3472 2096 3571 sub
2124 3472 2346 3571 iugum
2363 3506 2454 3555 nis.
2565 3550 2572 3556 ι

198 3573 229 3625 5
249 3570 269 3600 6
287 3561 655 3628 missurum:
696 3559 847 3625 alias
864 3560 1261 3626 conditiones
1323 3558 1449 3623 acis
1466 3580 1700 3644 aequas
1717 3557 1899 3621 victis
1915 3580 1989 3621 ac
2006 3558 2350 3623 Victoribus

250 3656 272 3687 6
291 3648 465 3724 fore3
512 3648 566 3712 si
618 3670 769 3735 agro
824 3647 1205 3712 Samnitium
1302 3644 1691 3721 ecederetur,
1740 3643 2026 3709 coloniae
2078 3643 2354 3711 abduce-

253 3744 273 3775 ‘
294 3747 539 3812 rentur,
570 3734 699 3798 suis
728 3733 962 3799 deinde
992 3733 1237 3820 legibus
1263 3731 1630 3796 Romanum
1659 3752 1734 3795 ac
1768 3728 2121 3797 Samnitem
2150 3755 2357 3820 aequo

324 3934 352 3983 3
386 3924 563 3984 Neque
596 3920 815 3969 inimicos
848 3920 997 3979 tollis]
1040 3916 1273 3967 Indicati-
1340 3916 1556 3966 Romani
1578 3916 1818 3976 ferebant,
1842 3918 1991 3968 Doer.
2031 3922 2266 3982 Reliquas
2287 3918 2358 3966 in-

256 4000 348 4033 vus
370 3984 451 4033 hic
474 3984 691 4046 ponitur,
707 3991 943 4046 tanquam
960 3984 1001 4030 si
1017 3982 1087 4042 id,
1100 3983 1163 4029 de
1178 3998 1275 4043 quo
1340 3987 1644 4056 terpretatur·
1671 3982 1806 4043 Rup.
1873 3982 2056 4055 Nescio
2087 3998 2158 4054 ,ιιι
2192 3987 2359 4053 noster

259 4050 400 4125 nulla
442 4048 685 4097 dubitatio
730 4064 833 4097 esse
876 4052 1055 4109 potest,
1089 4046 1276 4093 dictum
1342 4046 1479 4104 velit,
1494 4046 1804 4119 ‘cond-itiones
1825 4060 1962 4107 pacis
1985 4045 2357 4117 victis-ahma&

258 4113 645 4241 fueftizufoquu
672 4176 824 4235 aseae]
872 4175 923 4225 h.
946 4191 989 4224 e.
1016 4176 1179 4231 enea,-
1215 4174 1277 4222 οε.
1342 4111 2218 4243 ffiss'ffiffssffiflff'ss’ssffiffitss?
2226 4112 2361 4217 01¹⁴}ss

260 4240 381 4319 Tac:
417 4243 548 4290 Anu.
580 4241 633 4291 ii.
672 4252 713 4302 7.
752 4241 987 4290 inusserit
1018 4240 1116 4287 mis
1146 4240 1279 4301 iquo-
1345 4236 1722 4310 conditionibus,
1737 4249 1860 4295 quas
1871 4234 2116 4283 Samnites
2127 4233 2364 4292 ferebant,

260 4307 797 4432 waffiss'iversas
817 4371 881 4419 ab
900 4367 979 4429 iis,
990 4383 1115 4430 quas
1134 4365 1281 4428 legati
1346 4314 1654 4362 ammaonte
1675 4312 1888 4360 aequum
1911 4312 2030 4347 m·
