3000 4784
664 182 743 243 92
1432 174 1658 241 TITI
1717 174 1990 241 LIVII

334 318 401 367 U.
426 320 485 368 c.
512 332 623 383 ²53·
658 331 779 373 nec
820 308 1055 395 quibus
1098 308 1483 385 consulibua,
1514 308 1668 395 quis
1706 331 1789 373 ex
1823 308 2099 373 factione
2141 306 2496 393 Tarquinia
2530 323 2774 383 essent,
2797 328 2824 375 7

332 386 392 431 A.
427 384 485 433 C·
511 400 621 449 499·
659 394 760 482 (id
806 418 896 481 qu
984 418 1063 459 ue
1108 394 1281 459 enim
1328 394 1631 481 traditur)
1672 417 1896 481 parum
1941 394 2254 459 creditum
2305 394 2406 471 sit,
2453 417 2578 457 nec
2621 394 2778 480 quis

336 492 527 565 Primus
659 482 934 569 primum
1002 481 1231 545 ictator
1248 495 1496 545 creatus
1517 482 1618 559 sit,
1643 482 1792 547 satis
1813 494 2076 546 constat.
2170 480 2370 567 Apud
2391 480 2778 545 veterrimos

331 556 554 606 fflctator.
663 582 875 632 tamen
892 580 1179 633 auctores
1203 567 1281 631 T.
1310 568 1602 633 Lartium
1617 568 1992 633 dictatorem
2009 568 2306 655 primum,
2331 566 2439 655 Sp.
2469 566 2778 631 Cassium

660 677 725 717 m
811 655 1031 719 'strum
1076 654 1387 741 equitum,
1426 668 1670 721 creatos
1705 653 1982 719 invenie.
2079 653 2463 719 Consulares
2507 652 2732 741 legere
2754 627 2828 754 :g

660 741 751 805 ita
808 762 891 805 ex
928 741 1206 819 iubebat,
1249 741 1331 805 de
1372 740 1682 807 dictatore
1727 741 2003 806 creando
2037 740 2179 805 lata.
2275 740 2373 805 Eo
2409 742 2616 827 magis
2655 740 2780 805 ad·-

660 827 878 905 ducor,
928 841 1003 892 ut
1060 829 1336 904 credam,
1392 828 1701 905 Lartium,
1751 829 1864 915 qui
1921 826 2266 893 consularis
2321 838 2474 905 erat,
2529 828 2778 927 potine,
2800 850 2822 883 ι

708 937 855 979 uam
896 912 1027 978 Μ’.“
1050 913 1398 991 Valerium,
1431 914 1528 979 M.
1567 914 1791 991 filium,
1833 913 2052 979 Volesi
2088 927 2410 1001 nepotem,
2447 936 2564 999 qui
2603 936 2780 977 non·-

710 1024 817 1065 um
862 1000 1085 1065 consul
1122 1001 1346 1078 fuerat,
1390 1001 1854 1067 moderatorem
1887 1014 1956 1066 et
1994 1024 2060 1064 m
2145 1000 2158 1013 ⁹
2198 1013 2364 1065 trum
2399 999 2780 1065 consulibus

662 1110 743 1173 ap
858 1087 1039 1153 itum.
1135 1088 1288 1165 Qui,
1320 1088 1375 1152 si
1414 1088 1692 1153 maxime
1721 1110 1804 1153 ex
1849 1110 1926 1153 ea
1953 1024 2194 1151 fan'ffi
2223 1086 2353 1174 legi
2386 1086 2780 1151 dictatorem

662 1198 741 1238 ve
790 1188 921 1251 ent,
1030 1186 1191 1240 trem
1210 1172 1413 1239 multo
1523 1175 1648 1239 tius
1666 1173 1764 1239 M.
1796 1172 2148 1251 Valerium,
2171 1185 2490 1261 spectatae
2513 1174 2781 1239 virtutis

638 1275 731 1347 ⁸et
757 1283 952 1326 consu
980 1284 1153 1326 arem
1181 1262 1411 1339 virum,
1434 1198 1760 1349 ffgisSent.

754 1348 990 1414 Creato
1043 1348 1353 1415 dictatore
1403 1348 1682 1435 primum
1744 1347 2008 1425 Romae,
2062 1360 2400 1434 postquam
2458 1345 2778 1433 praeferri

664 1457 916 1500 secures
942 1434 1262 1512 viderunt,
1293 1458 1562 1521 magnus
1601 1434 1856 1521 plebem
1897 1446 2106 1499 metus
2144 1432 2419 1510 incessit,
2451 1446 2526 1500 ut
2556 1432 2781 1497 inten-
2797 1456 2824 1489 ²

667 1522 858 1586 tiores
886 1534 1099 1585 essent
1126 1522 1211 1585 ad
1238 1521 1411 1585 dicto
1441 1520 1814 1607 parendum.
1907 1519 2142 1606 Neque
2171 1520 2366 1597 enim,
2397 1532 2472 1585 ut
2515 1519 2587 1582 in
2615 1542 2780 1585 con-

665 1606 929 1683 salibus,
962 1607 1075 1693 qui
1113 1608 1251 1693 pari
1287 1620 1598 1694 potestate
1635 1620 1864 1685 essent,
1896 1606 2152 1672 alterius
2187 1606 2514 1683 auxilium,
2553 1628 2778 1692 neque

666 1693 1027 1779 provocatio
1056 1706 1223 1770 erat3
1268 1717 1480 1779 neque
1513 1692 1715 1759 ullum
1744 1716 2032 1780 usquam,
2055 1692 2176 1757 nisi
2207 1694 2275 1756 in
2297 1716 2450 1757 cura
2477 1692 2778 1779 parendi,

666 1779 994 1844 auxilium.
1092 1779 1345 1845 Sabinis
1367 1781 1561 1845 etiam
1583 1795 1831 1847 creatus
1865 1780 2107 1845 Romae
2126 1779 2397 1844 dictator
2411 1779 2522 1867 (eo
2545 1779 2776 1866 magis,
2797 1802 2825 1850 3

714 1865 844 1931 uod
901 1878 1162 1953 propter
1218 1889 1285 1931 se
1346 1881 1630 1932 creatum
1689 1865 2123 1953 crediderant)
2181 1879 2422 1932 metum
2481 1866 2774 1931 incussit.

667 1890 898 2039 {ltaque
928 1952 1169 2039 legatos
1197 1952 1279 2017 de
1309 1976 1466 2041 pace
1509 1954 1806 2019 mittunt:
1855 1954 2110 2053 quibus,
2140 1954 2469 2019 orantibus
2497 1952 2778 2017 dictato-

668 2060 805 2105 rem
832 2053 1273 2127 senatumque,
1304 2054 1379 2106 ut
1406 2042 1658 2107 veniam
1697 2062 1926 2105 erroris
1953 2039 2320 2105 hominibus
2349 2039 2780 2105 adolescenti-

667 2128 791 2191 bus
848 2125 1095 2203 darent,
1156 2149 1564 2215 responsum=
1645 2136 1665 2166 ‘
1683 2126 1937 2215 Ignosci
1996 2126 2506 2193 adolescentibus
2755 2174 2776 2203 ,

671 2221 690 2250 ‘
712 2212 973 2278 senibus
1006 2235 1139 2278 non
1173 2236 1375 2301 posse,
1408 2214 1523 2301 qui
1565 2214 1732 2280 bella
1775 2236 1856 2278 ex
1897 2213 2077 2279 bellis
2115 2213 2436 2279 sererent-⁹
2593 2226 2780 2277 ctum

668 2311 883 2363 tamen
912 2311 1010 2364 est
1037 2298 1119 2364 de
1168 2323 1362 2387 pace:
1411 2301 1872 2387 impetrataque
1907 2300 2088 2377 foret,
2125 2300 2197 2377 si,
2229 2299 2405 2386 quod
2443 2298 2777 2386 impensae

664 2385 903 2450 factum
922 2385 989 2449 in
1022 2386 1263 2451 bellum
1293 2399 1448 2464 erat,
1467 2400 1782 2473 praestare
1819 2386 2041 2452 Sabini
2063 2386 2161 2473 (id
2191 2386 2362 2451 enim
2380 2384 2778 2474 postulatum

666 2472 834 2559 erat)
877 2473 947 2537 in
990 2474 1275 2537 animum
1319 2474 1737 2538 induxissent.
1831 2472 2088 2537 Bellum
2130 2471 2486 2537 indictum:
2546 2474 2776 2537 tacitae

666 2558 950 2635 indutiae
982 2561 1271 2646 quietum
1303 2583 1546 2625 annum
1577 2574 1859 2625 tenuere.

668 2712 812 2776 primi
848 2712 1099 2763 dictatoris
1132 2712 1429 2762 creationem
1461 2712 1514 2762 in
1547 2728 1686 2775 quar·
1751 2711 1966 2775 magistri
2009 2712 2229 2774 equitum
2273 2711 2668 2774 iniungebantur,
2707 2712 2778 2761 sic

666 2784 773 2826 tum
794 2778 973 2826 abhinc
994 2792 1179 2825 annum
1197 2776 1371 2836 reiicit,
1384 2792 1482 2838 quo
1497 2776 1558 2825 T.
1573 2776 1687 2824 Lur-
1751 2777 1998 2839 quomodo
2041 2777 2233 2839 regibus
2269 2776 2452 2824 tribuni
2490 2777 2779 2826 Celerum-'⁹

666 2842 765 2891 tius
797 2843 973 2889 iterum
1001 2842 1171 2889 consul
1193 2840 1287 2888 fuit
1310 2856 1423 2888 cum
1448 2841 1516 2896 Q„
1541 2840 1682 2889 Cloe-
1751 2841 1958 2891 Niebhr.
1980 2842 2014 2891 i.
2039 2857 2087 2903 p.
2113 2854 2206 2905 559
2227 2840 2519 2903 suspicatur,
2539 2842 2776 2903 quemad·

670 2905 735 2952 lio
755 2923 768 2953 ε
825 2920 981 2966 eaque
1036 2904 1331 2965 probabilior
1382 2904 1550 2965 opinio
1597 2909 1686 2953 est.
1751 2906 1954 2953 modum
1997 2906 2280 2967 magistrum
2327 2905 2498 2967 populi
2535 2920 2776 2953 consensu

671 2970 801 3017 Vide
823 2983 970 3030 super
990 2969 1141 3016 totius
1172 2967 1317 3015 huius
1348 2966 1567 3015 sexennii
1593 2968 1686 3015 his-
1753 2968 2084 3031 petriciorum‚
2105 2986 2171 3017 sc.
2192 2984 2278 3019 sea·
2297 2970 2672 3032 suffragiorum,
2707 2970 2777 3017 itu

667 3032 809 3091 toria,
831 3038 883 3080 et
902 3047 1061 3079 rerum
1088 3046 1175 3092 per
1194 3031 1319 3079 illud
1346 3038 1592 3092 gestarum
1615 3047 1686 3081 or·
1751 3034 2034 3095 magistrum
2089 3033 2308 3095 equitum
2361 3034 2496 3081 iussu
2549 3035 2776 3096 equitum

668 3096 802 3155 dine,
826 3095 1182 3145 observationes
1211 3094 1477 3143 doctissimi
1502 3094 1588 3143 viri
1610 3098 1690 3145 De
1755 3098 2058 3159 plebeiorum
2081 3104 2299 3146 creatum
2321 3098 2482 3145 fiiisse.

668 3162 720 3209 Ia
754 3162 920 3211 Gamo
951 3160 1003 3208 in
1036 3158 1397 3208 commentariis
1426 3160 1586 3223 regiae
1618 3160 1689 3209 in-
1819 3176 1851 3225 9
1885 3163 2174 3211 Consulares
2196 3163 2377 3223 leyen]
2425 3161 2544 3210 Non
2575 3178 2775 3211 accum-

668 3225 987 3287 scriptionum
1008 3235 1056 3273 et
1080 3224 1351 3272 litterarum
1374 3224 1691 3283 Academiae,
1755 3226 1856 3274 tivo
1877 3226 1964 3273 sed
1985 3226 2286 3273 nominativo
2307 3225 2466 3274 dictos
2481 3240 2588 3275 esse
2608 3231 2776 3275 censet

668 3294 807 3337 tomo
836 3290 933 3338 viii.
973 3290 1135 3339 cmv.
1195 3288 1385 3337 Decem
1419 3288 1520 3337 fere
1552 3290 1692 3339 annis
1757 3290 1913 3338 Drak.
1951 3305 2062 3338 eam
2101 3289 2395 3339 sententium
2438 3290 2660 3353 pluribus
2699 3306 2774 3339 ar-

670 3358 781 3415 post
802 3353 985 3415 primos
1007 3354 1245 3402 consules.
1288 3353 1394 3403 Cic.
1412 3353 1475 3401 de
1494 3353 1624 3416 Rep.
1639 3353 1689 3403 ii.
1753 3354 1998 3417 gumentis
2017 3354 2198 3402 refellit
2219 3354 2400 3403 Stroth.

676 3432 753 3480 '²3-
1825 3432 1846 3465 1
1881 3420 2134 3477 Lartium]
2172 3418 2342 3467 Titum
2377 3418 2623 3467 Marcium
2657 3418 2776 3481 legi·

739 3494 766 3543 7
794 3484 903 3531 Neo
922 3483 1098 3545 quibus
1118 3481 1395 3529 mutibus
1412 3515 1425 3529 .
1444 3516 1459 3529 .
1477 3516 1491 3530 .
1509 3497 1692 3543 parum
1755 3496 1866 3531 mus
1896 3498 1976 3544 ep.
2002 3482 2128 3545 Lyd.
2151 3484 2214 3531 de
2235 3484 2371 3545 Mag.
2400 3482 2433 3531 i.
2458 3493 2535 3545 37.
2569 3482 2631 3532 Τ.
2655 3482 2774 3531 Lar-

668 3547 905 3595 oredimm
922 3546 1011 3605 sit]
1039 3560 1104 3594 sc.
1124 3544 1271 3593 Fides
1288 3560 1386 3592 non
1402 3544 1574 3593 habita
1587 3546 1688 3594 fue-
1755 3546 1901 3594 cium.
1923 3562 2004 3607 ap.
2029 3547 2132 3596 Cic.
2153 3548 2216 3595 de
2241 3548 2368 3608 Rep.
2384 3546 2434 3595 ii.
2455 3561 2531 3608 32.
2557 3547 2710 3597 Dion.
2729 3564 2773 3596 v.

670 3612 751 3669 rit,
768 3610 884 3671 quia
899 3626 961 3659 ex
978 3609 1249 3671 Tarquinia
1269 3608 1481 3658 factione
1504 3616 1687 3658 essent:
1759 3621 1833 3672 72.
1882 3612 1972 3660 Μ’.
2009 3611 2262 3659 Valerium
2307 3612 2440 3672 apud
2485 3611 2686 3659 Festum
2731 3628 2773 3661 v.

670 3674 799 3723 hanc
821 3690 983 3723 venun
1007 3688 1204 3723 causam
1226 3672 1476 3721 dictatoris
1498 3674 1695 3723 creandi
1761 3676 1872 3737 Opi.
1905 3676 2025 3724 ιω.
2066 3675 2234 3723 Lartio
2272 3674 2440 3723 favent
2477 3675 2688 3727 Niebhr.
2724 3683 2773 3725 et

668 3738 819 3787 fuisse
852 3738 1135 3786 existimant
1164 3737 1443 3785 Amoldius.
1468 3738 1533 3786 R.
1561 3738 1692 3787 Hist.
1761 3738 2018 3789 Wachsm.

670 3808 723 3851 et
742 3801 1086 3850 Wachsmuth.
1106 3818 1155 3863 p.
1173 3814 1280 3863 272.
1342 3800 1441 3848 Hic
1460 3802 1551 3849 Μ’.
1571 3801 1690 3851 Tul·
1821 3818 1848 3850 α
1882 3805 2106 3865 Magram
2137 3805 2324 3866 plebem
2360 3810 2514 3853 metm
2549 3806 2768 3865 incessit]

670 3865 793 3914 lium
812 3882 1005 3927 quoque
1022 3866 1273 3914 consulem
1295 3864 1542 3926 sequentis
1557 3866 1694 3925 anni,
1759 3866 1836 3915 Eo
1871 3868 2001 3928 quod
2041 3869 2172 3929 leges
2207 3866 2438 3916 Valeriae
2472 3867 2572 3916 iam
2609 3868 2772 3919 irritae

672 3946 701 3978 e
724 3930 943 3992 partibus
964 3928 1399 3991 Tarquiniensibus
1422 3928 1570 3977 fuisse
1595 3944 1692 3978 cre-
1757 3937 1930 3979 essent.

673 3994 764 4053 dit,
796 3994 929 4055 quod
967 3993 1237 4042 coniuratio
1270 3993 1425 4041 altera
1456 4000 1695 4054 narratur,
1827 4009 1854 4056 3
1887 3997 1964 4044 Eo
1983 3998 2139 4057 mgis
2159 3997 2286 4059 quod
2307 4002 2511 4058 propter
2531 3998 2607 4057 se]
2653 3996 2772 4047 Sub-

671 4064 722 4108 ct
745 4058 794 4107 S.
820 4057 1066 4119 Sulpicius
1088 4058 1383 4111 circumacto
1413 4072 1562 4116 anno,
1585 4064 1690 4107 tan-
1756 4060 1860 4107 olet
1911 4060 1991 4108 hic
2045 4060 2252 4122 aliquid,
2302 4061 2432 4121 quod
2484 4060 2774 4109 dictatorem

671 4138 819 4185 quam
859 4123 1048 4184 collega
1088 4138 1244 4170 noxae
1277 4122 1529 4180 damnato,
1561 4124 1696 4173 solus
1757 4124 1878 4171 belli
1913 4125 2115 4185 gerundi
2154 4140 2302 4174 causa
2339 4130 2556 4173 creatum
2599 4126 2771 4189 argunt.

672 4187 1005 4250 magistratum
1028 4188 1241 4249 gerebat.
1278 4185 1428 4234 Dion.
1457 4202 1497 4233 v.
1526 4199 1601 4248 57.
1759 4188 1821 4236 cf.
1842 4188 1888 4235 N
1895 4188 2046 4238 iebhr.
2071 4204 2119 4250 p.
2145 4203 2257 4251 553,
2277 4195 2328 4238 et
2352 4189 2402 4237 N
2405 4189 2557 4239 iebhr.
2585 4190 2720 4252 Epit.
2742 4205 2770 4237 a

736 4254 767 4301 8
798 4254 1101 4314 Magistrum
1138 4268 1166 4300 e
1198 4251 1383 4310 uitam]
1447 4250 1687 4313 Pompon.
1756 4252 1970 4302 'brissia
1995 4254 2224 4315 Append.
2250 4269 2298 4315 p.
2327 4266 2432 4315 355.

672 4318 757 4365 Or.
791 4316 901 4366 Jur.
938 4317 965 4376 5
1003 4330 1073 4381 19.
1109 4318 1140 4343 ‘⁴
1210 4320 1230 4363 t
1264 4314 1339 4363 his
1373 4313 1691 4364 dictatoribus
2089 4342 2093 4346 ν
