3000 4784
672 164 795 223 1-10
1383 118 1393 127 ’
1446 158 1672 225 TITI
1727 156 2000 225 mvn

341 304 408 358 U.
432 306 491 355 C·
517 302 627 355 261·
666 310 903 363 temere
962 319 1097 362 arre
1146 312 1301 375 tum,
1362 296 1842 361 imminentibus
1909 291 2120 361 muro'
2159 294 2464 359 aedificiis
2525 293 2766 359 iniecit.

338 370 402 422 Α·
435 368 493 420 ⁰·
516 384 627 434 491·
671 381 932 448 Clamor
999 384 1067 447 in
1114 408 1150 449 e
1220 384 1700 471 oppidanorum,
1761 384 1998 447 mixtus
2057 381 2346 446 muliebri
2407 380 2774 467 puerilique

664 469 931 557 ploratu,
974 470 1055 534 ad
1098 484 1420 548 terrorem,
1466 484 1540 535 ut
1585 470 1762 547 solet,
1803 470 2080 557 primum
2119 482 2293 533 ortus
2334 483 2403 532 et
2455 468 2772 531 Romanis
2799 485 2838 518 τ

665 556 845 621 auxit
876 557 1179 636 animum,
1216 571 1286 622 et
1330 558 1602 622 turbavit
1639 555 1924 633 Volscos,
1961 568 2184 643 utpote
2219 568 2404 641 capta
2443 556 2628 630 urbe,
2669 554 2772 618 cui

666 641 749 706 ad
804 642 1129 707 ferendam
1186 666 1376 731 opem
1424 656 1748 708 venerant.
1840 642 1944 707 Ita
1996 643 2120 707 fusi
2177 641 2392 707 Volsci
2447 641 2768 716 Antiates,

672 728 911 793 Corioli
970 730 1277 817 oppidum
1336 744 1633 831 captum:
1697 742 2073 818 tantumque
2125 752 2240 793 sua
2283 727 2470 792 laude
2525 728 2774 792 obstitit

666 814 867 880 famae
915 817 1188 881 consulis
1232 816 1534 895 Marcius,
1579 830 1672 894 ut,
1715 817 1838 881 nisi
1879 814 2101 880 foedus
2151 838 2298 879 cum
2347 814 2618 891 Latinis,
2665 837 2774 878 co-
2797 838 2836 885 3

668 900 887 967 lumua
925 924 1125 967 aenea
1164 902 1572 991 insculptum,
1604 916 2018 967 monumento
2057 916 2241 979 esset,
2273 901 2352 965 ab
2387 900 2492 987 Sp.
2545 900 2776 965 Cassio

671 1011 822 1066 un0,
876 989 1029 1077 quia
1076 990 1319 1077 collega
1368 990 1628 1067 afiierat,
1681 990 1899 1065 ictum,
1952 988 2330 1053 Postumum
2391 986 2774 1052 Cominium
2793 1012 2838 1055 4

666 1074 903 1140 bellum
930 1077 1193 1163 gessisse
1222 1100 1369 1141 cum
1405 1075 1666 1153 Volscis,
1709 1074 2015 1141 memoria
2042 1075 2342 1139 cessisset.

344 1170 459 1247 Aff-
482 1168 654 1217 Mene-
758 1161 1006 1227 Eodem
1050 1185 1221 1228 anno
1258 1164 1463 1251 Agrip
1509 1186 1547 1227 a
1581 1162 1926 1228 Menenius
1963 1162 2248 1239 moritur,
2288 1162 2386 1225 vir
2422 1160 2599 1226 omni
2641 1161 2780 1227 vita

342 1250 413 1283 ¹¹¹¹
434 1248 579 1283 ¹¹²⁰¹²⁰
670 1248 905 1335 pariter
946 1246 1241 1315 Patribus
1286 1274 1359 1315 ac
1409 1273 1455 1339 p
1478 1251 1581 1315 ebi
1633 1272 1846 1325 carus3
1907 1261 2050 1336 post
2099 1248 2516 1313 secessionem
2569 1248 2780 1312 carior

669 1334 841 1485 plebi
862 1335 1080 1402 {hctus
1172 1336 1347 1401 Huic
1376 1337 1706 1424 interpreti
1733 1336 2092 1435 arbitroque.
2113 1335 2488 1399 concordiae
2509 1335 2774 1411 civium,

693 1444 730 1485 e
813 1436 879 1487 to
925 1423 1188 1487 Patrum
1246 1424 1329 1487 ad
1372 1423 1646 1510 plebem,
1695 1423 2008 1488 reductori
2067 1420 2268 1508 plebis
2323 1421 2653 1485 Romanae
2703 1422 2774 1485 in

671 1532 715 1573 u
791 1531 895 1573 em
922 1522 1210 1597 sumptus
1248 1510 1457 1573 funeri
1485 1509 1706 1574 defuit.
1799 1508 2050 1574 Extulit
2077 1531 2226 1573 eum
2255 1507 2433 1595 plebs
2461 1508 2778 1573 sextanti-
2797 1529 2830 1577 ⁵

671 1595 790 1659 bus
819 1594 1059 1660 collatis
1087 1596 1158 1659 in
1185 1596 1407 1684 capita.

450 1680 555 1741 34.
763 1678 1077 1746 Consules
1120 1682 1353 1747 deinde
1398 1681 1479 1747 T.
1527 1680 1872 1771 GeganiuS,
1919 1681 1993 1746 P.
2037 1680 2365 1746 Minucius
2405 1681 2574 1746 facti.
2669 1680 2778 1746 Eo

346 1766 417 1815 U.
439 1766 500 1815 0·
525 1761 632 1813 2⁶²·
674 1790 861 1844 anno,
899 1790 1101 1853 quum
1140 1781 1207 1833 et
1247 1768 1397 1833 foris
1482 1769 1656 1834 uicta
1695 1770 1911 1833 omnia
1947 1793 1986 1833 a
2021 1768 2189 1834 bello
2224 1782 2450 1845 essent,
2493 1782 2562 1832 et
2593 1767 2775 1833 domi

346 1828 641 1954 ssjcfggssffi',
673 1866 891 1917 sanata
925 1852 1255 1932 discordia,
1292 1792 1479 1919 aliudl
1505 1855 1706 1920 multo
1743 1856 1992 1945 gravius
2036 1854 2272 1919 malum
2311 1855 2629 1919 civitatem
2669 1856 2776 1918 in-
2793 1904 2832 1955 ⁶

348 1958 406 2006 P.
424 1927 659 2005 Minucio’
674 1940 869 2005 rasit:
917 1941 1139 2005 caritas
1210 1941 1440 2005 rimum
1469 1964 1780 2019 annonae,
1811 1966 1895 2007 ex
1923 1941 2178 2006 incultis
2203 1964 2320 2029 per
2351 1942 2775 2006 secessionem
2798 1984 2832 2031 7

344 2022 483 2097 Coss.
674 2026 875 2115 plebis
914 2026 1113 2113 agris-‚3
1288 2051 1356 2093 es
1394 2027 1648 2107 deinde,
1680 2028 1882 2116 qualis
1921 2029 2146 2094 clausis
2183 2028 2359 2093 solet.
2450 2028 2777 2093 Ventum-

345 2086 583 2200 fusam
673 2135 801 2201 que
830 2113 913 2178 ad
941 2113 1265 2179 interitum
1296 2116 1690 2181 servitiorum
1720 2116 1942 2203 utique
1971 2129 2039 2181 et
2120 2116 2276 2180 lebis
2305 2129 2487 2192 esset,
2519 2116 2588 2179 ni
2613 2138 2777 2180 con-

670 2199 839 2265 sules
874 2200 1310 2288 providissent,
1352 2202 1622 2267 dimissis
1658 2204 1887 2289 passim
1928 2201 2011 2266 ad
2148 2216 2434 2266 mentum
2475 2224 2778 2266 coemen-

670 2286 846 2364 dum,
890 2310 1023 2352 non
1080 2287 1149 2351 in
1202 2288 1522 2353 Etruriam
1571 2288 1762 2353 modo
1813 2288 2052 2353 dextris
2097 2290 2177 2353 ab
2232 2288 2416 2353 Ostia
2461 2288 2774 2366 litoribus,

670 2373 976 2461 laevoque
1004 2397 1121 2462 per
1151 2373 1417 2439 Volscos
1445 2374 1604 2440 mari
1633 2398 1834 2462 usque
1865 2376 1946 2440 ad
1980 2375 2236 2453 Cumas,
2269 2374 2382 2439 sed
2410 2375 2774 2461 quaesitum

672 2459 744 2525 in
806 2460 1083 2526 Siciliam
1186 2485 1441 2549 uoque:
1513 2461 1674 2527 adeo
1732 2462 2144 2527 finitimorum
2201 2462 2348 2526 odia
2403 2462 2774 2550 longinquis
2791 2476 2824 2522 8

672 2562 1013 2636 coegerant
1066 2548 1136 2612 in
1182 2550 1352 2637 igere
1414 2549 1684 2614 auxiliis.
1805 2547 2220 2613 Frumentum
2284 2546 2509 2613 Cumis
2567 2572 2774 2636 quum

673 2648 1035 2723 coemptum
1074 2650 1257 2713 esset,
1290 2658 1479 2701 naves
1509 2659 1624 2723 pro
1663 2636 1846 2700 bonis
1884 2634 2376 2722 Tarquiniorum
2409 2636 2490 2699 ab
2521 2636 2776 2699 Aristo—

674 2720 863 2786 demo
906 2734 1194 2821 tyrannO,
1232 2722 1343 2808 qui
1388 2722 1572 2786 heres
1615 2733 1768 2798 erat,
1814 2734 2096 2787 retentae
2140 2736 2304 2786 sunt.
2395 2720 2476 2785 In
2520 2722 2774 2786 Volscis
2791 2736 2824 2784 9

674 2806 1143 2894 Pomptinoque
1174 2830 1256 2871 ne
1286 2807 1413 2871 emi
1443 2808 1706 2894 quidem
1733 2809 1976 2896 potuit:
2020 2808 2372 2896 periculum
2401 2832 2660 2896 quoque
2689 2810 2776 2874 ab

675 3020 891 3069 Srnorn.
946 3018 1177 3068 Refertur
1191 3022 1357 3068 autem
1374 3020 1604 3081 pros-ima
1623 3020 1688 3068 ad
1751 3022 2054 3071 sextantibus
2085 3027 2322 3069 memorat
2354 3022 2470 3070 Aur.
2499 3021 2678 3070 Victor
2705 3024 2776 3071 de

675 3090 867 3146 portam
898 3088 951 3131 et
981 3098 1160 3132 muros.
1204 3083 1266 3131 cf.
1300 3082 1409 3131 infr.
1442 3083 1575 3131 xxvi.
1609 3098 1687 3145 40.
1757 3084 1820 3133 V.
1848 3084 1929 3133 111.
1959 3086 2031 3133 18.
2067 3086 2198 3133 Rur.

673 3148 773 3197 “in
805 3147 968 3197 media
994 3147 1127 3197 urbis
1157 3154 1209 3197 et
1235 3148 1430 3196 forum”
1462 3164 1528 3197 sc.
1563 3150 1692 3208 loca,
1819 3146 1852 3198 6
1885 3150 2082 3198 Caritas
2117 3153 2332 3211 primum
2373 3151 2627 3210 annonae]
2687 3151 2772 3200 De

674 3214 761 3263 sed
770 3216 887 3275 soro
908 3212 1067 3275 legere
1090 3214 1196 3261 vult
1220 3212 1369 3262 Doer.
1754 3228 1854 3275 qua
1875 3213 1986 3262 vide
2011 3213 2158 3262 Dion.
2183 3214 2262 3262 vii.
2291 3228 2332 3262 1.
2376 3214 2438 3263 cf.
2465 3214 2574 3264 infr.
2601 3215 2664 3263 iv.
2691 3229 2770 3277 5²·

748 3292 777 3325 α
812 3279 1040 3326 Primum
1070 3280 1231 3337 orm]
1259 3278 1388 3339 vulg.
1419 3279 1594 3327 Primo
1614 3294 1690 3327 or-
1755 3278 1842 3325 ubi
1879 3278 2084 3326 totidem
2119 3278 2220 3327 fere
2258 3277 2416 3327 verbis
2435 3280 2620 3347 ⁸eadem
2659 3295 2772 3328 eve-

676 3348 749 3399 tu,
786 3340 917 3403 quod
956 3340 1229 3391 Rhenanus
1262 3344 1427 3390 statim
1468 3342 1690 3404 exponit.
1753 3341 1880 3390 nisse
1902 3342 2120 3404 legimus.

676 3404 954 3453 Gronovius
996 3406 1213 3467 primum
1254 3412 1390 3455 ortus
1443 3407 1691 3466 emendat,
1823 3417 1850 3467 7
1883 3408 1968 3455 Es·
1987 3408 2186 3455 §nonme
2211 3422 2306 3469 per
2331 3409 2638 3459 secessionem
2663 3409 2772 3471 ple·

676 3470 807 3531 quod
828 3470 879 3517 in
903 3468 1050 3518 MSS.
1074 3470 1363 3531 quibusdam
1395 3476 1563 3519 extare
1595 3476 1688 3519 tes·
1755 3472 1826 3519 bis
1855 3472 2016 3533 αρν-ἔα]
2057 3470 2255 3532 Nempe
2285 3471 2488 3519 secessio
2520 3472 2611 3521 illa
2639 3474 2770 3521 ultra

674 3540 808 3583 tatur
838 3536 981 3584 Crev.
1004 3540 1153 3596 atque
1190 3534 1240 3582 in
1279 3541 1471 3583 textum
1507 3535 1692 3597 recepit
1753 3534 1903 3583 trium
1925 3534 2166 3583 mensium
2183 3535 2395 3597 spatium
2411 3542 2633 3589 extracta
2647 3543 2770 3595 erat,

674 3598 889 3649 Bekker.
1754 3597 1900 3661 idque
1933 3598 2040 3661 ipso
2065 3598 2296 3648 sementis
2315 3604 2550 3661 tempore.
2620 3601 2770 3649 Plebs

742 3678 771 3725 3
804 3664 1042 3713 Columna
1072 3665 1252 3723 aenea]
1304 3662 1367 3711 cf.
1400 3662 1508 3713 Cic.
1543 3662 1692 3713 Balb.
1753 3662 1884 3711 enim
1913 3663 2110 3711 secessit
2129 3668 2246 3711 ante
2269 3663 2526 3713 Kalendas
2545 3664 2766 3727 Septem-

676 3742 754 3789 23·
1751 3728 1876 3785 bres,
1909 3742 2000 3775 nec
2037 3726 2181 3775 rediit
2210 3726 2263 3775 in
2301 3730 2489 3788 urbem,
2521 3728 2613 3777 nisi
2643 3744 2688 3779 a.
2715 3730 2768 3781 d.

741 3808 773 3851 4
792 3794 1077 3841 Postumum
1092 3791 1389 3850 Cominium]
1422 3792 1688 3839 Absentem
1754 3805 1823 3840 iv.
1851 3791 1972 3843 Idus
1994 3790 2307 3841 Decembres.
2341 3792 2502 3841 Casv.

675 3854 838 3915 fuisse,
860 3862 916 3903 ut
948 3856 1031 3918 qui
1062 3856 1235 3903 foedus
1266 3870 1377 3903 cum
1403 3853 1593 3903 Latinis
1623 3856 1687 3903 ad
1815 3856 1846 3904 8
1889 3857 1958 3903 In
1996 3858 2238 3916 Siciliam]
2299 3855 2448 3905 Dion.
2490 3856 2570 3906 vii.
2621 3872 2659 3905 1.
2703 3858 2766 3905 de

676 3920 843 3968 lucum
860 3919 1151 3967 Ferentinae
1163 3919 1267 3981 ipse
1282 3919 1458 3967 feriret.
1478 3919 1530 3968 N
1535 3919 1687 3968 iebhr.
1753 3918 1946 3968 Gelone
1977 3921 2218 3982 quaedam
2252 3920 2515 3981 fabulatur,
2547 3922 2762 3971 nondum

678 3984 729 4034 ii.
754 3999 802 4045 p.
827 3995 903 4045 37.
937 3984 1090 4031 Dion.
1114 3983 1175 4032 vi.
1198 3998 1277 4047 91.
1751 3998 1864 4031 vero
1879 3982 2128 4046 Syracusis
2141 3984 2270 4033 Gelo
2287 3986 2534 4047 regnabat.
2558 3984 2766 4035 Niebhr.

740 4062 768 4110 5
802 4048 1002 4096 Extulit
1032 4064 1143 4097 eum
1170 4049 1331 4109 plebs]
1375 4048 1435 4095 cf.
1468 4060 1602 4109 supr.
1635 4046 1685 4095 ii.
1749 4046 1800 4095 ii.
1824 4046 1902 4111 96.

680 4109 751 4161 16.
820 4112 1153 4167 Efferendum,
1185 4111 1518 4173 sepeliendum
1555 4126 1687 4159 cura-
1815 4126 1847 4175 9
1881 4113 1978 4169 Qui
2015 4114 2154 4161 beree
2185 4114 2317 4172 erat]
2383 4112 2501 4168 Quo
2539 4114 2646 4161 iure
2681 4113 2764 4161 he·

674 4176 759 4235 vit,
793 4176 1065 4239 sumptibus
1096 4175 1240 4234 datis,
1268 4177 1584 4225 seaemntibus.
1621 4175 1684 4223 cf.
1748 4190 1824 4223 res
1845 4175 2218 4237 Tarquiniorum
2253 4184 2379 4224 esset
2411 4177 2762 4235 Aristodemus,

673 4241 788 4289 Val.
824 4242 962 4290 Max.
996 4242 1059 4289 iv.
1094 4259 1143 4302 4,
1166 4254 1211 4289 2.
1248 4238 1376 4288 Plin.
1410 4238 1583 4287 xxxiii.
1613 4253 1684 4289 10.
1749 4254 1848 4287 non
1872 4238 2042 4300 liquet.
2109 4240 2266 4287 Aliter
2292 4254 2396 4287 rem
2421 4247 2585 4289 narrat
2613 4242 2766 4291 Dion.

670 4310 725 4371 et
748 4306 827 4365 48.
882 4304 1031 4355 Dion.
1058 4305 1115 4354 vi.
1138 4303 1217 4369 96.
1266 4304 1578 4362 Quadratum
1599 4318 1686 4365 pro
1751 4316 1897 4363 quem
1919 4302 2031 4351 vide
2055 4302 2134 4351 vii.
2159 4318 2203 4352 α.
2237 4303 2402 4353 Cnsv.
