3000 4784
727 248 847 309 116
1496 241 1723 308 ΤΙΤΙ
1782 242 2054 313 LIVII

576 393 685 456 263.
724 380 1036 455 veniebat,
1081 378 1256 467 quod
1299 392 1552 444 senatus
1593 380 2009 467 consulesque
2055 400 2368 465 nusquam
2411 376 2565 442 alibi
2733 401 2811 451 m,

577 461 689 523 489·
725 488 917 554 quam
968 466 1037 529 in
1088 466 1293 543 armis,
1342 468 1704 553 ponebant:
1759 466 1976 555 plebes
2027 467 2260 543 omnia,
2299 487 2502 553 ,quam
2553 466 2639 531 be
2691 490 2812 541 um,
2956 524 2957 545 ᾖ

580 570 687 620 266.
726 552 1013 617 malebat.
1111 551 1216 639 Sp.
1252 552 1531 617 Nautius
1570 554 1696 617 iam
1735 567 1803 618 et
1835 554 1980 620 Sex.
2015 552 2242 618 Furius
2281 553 2571 617 consules
2615 566 2812 618 eraut.
2829 585 2864 627 4

400 639 462 687 A·
496 636 554 685 C·
578 636 687 712 486·
728 638 876 716 Eos,
920 651 1317 703 recensentes
1358 638 1660 740 legiones,
1691 641 2002 728 praesidia
2119 662 2151 703 r
2185 661 2396 703 muros
2435 640 2713 727 aliaque,
2753 641 2816 703 in

400 700 709 815 ggsslssffig’
726 725 955 811 quibus
1020 726 1320 789 stationes
1376 726 1746 813 vlgiliasque
1810 750 1944 792 esse
2010 662 2349 814 pfficuerat,
2407 724 2549 791 loca
2604 727 2818 791 distri-

397 830 534 879 Cosa.
724 813 1010 889 buenteS,
1072 811 1413 876 multitudo
1478 814 1704 899 ingens
1774 836 1996 901 pacem
2113 812 2464 877 oscentium
2535 813 2816 900 primum

723 899 1021 963 seditioso
1093 897 1367 963 clamore
1438 900 1826 965 conterruit:
1903 900 2055 964 dein
2101 922 2138 964 e
2209 922 2430 965 vocare
2501 914 2815 976 senatum,

722 986 953 1050 referre
984 985 1065 1049 de
1097 985 1319 1072 legatis
1346 984 1429 1049 ad
1461 984 1540 1050 C.
1575 985 1895 1051 Marcium
1935 986 2261 1050 mittendis
2289 986 2510 1071 coegit.
2607 988 2820 1051 Acce-
2860 1037 2867 1045 .

722 1084 955 1159 petunt
983 1070 1354 1136 relationem
1386 1072 1624 1150 PatreS,
1657 1086 1798 1161 post
1845 1096 1990 1137 uam
2030 1071 2342 1173 apparuit,
2372 1071 2582 1137 labare
2611 1072 2820 1159 plebis

722 1160 1005 1234 animos;
1074 1159 1245 1223 missi
1294 1181 1375 1223 ue
1432 1158 1516 1223 de
1575 1182 1731 1246 pace
1918 1159 2238 1224 Marcmm
2296 1172 2574 1225 oratores
2631 1174 2818 1224 atrox

723 1267 1093 1333 responsum
1140 1258 1283 1309 retu
1306 1259 1532 1310 erunt:
1584 1255 1602 1284 ⁶
1629 1246 1698 1311 Si
1730 1246 1978 1312 Volscis
2015 1268 2164 1346 ager
2205 1245 2596 1323 redderetur,
2631 1261 2866 1333 posses

726 1334 863 1420 ‘agi
907 1333 988 1397 de
1033 1354 1228 1420 pace:
1277 1333 1329 1396 si
1372 1333 1611 1432 praeda
1651 1332 1802 1398 belli
1844 1355 1960 1423 per
2001 1347 2203 1398 otium
2246 1332 2367 1395 frui
2411 1332 2630 1410 velint,
2684 1355 2822 1397 me-

724 1428 745 1458 ‘
762 1442 1003 1485 morem
1046 1442 1113 1483 se
1160 1431 1226 1483 et
1274 1420 1508 1484 civlum
1549 1420 1835 1498 iniuriae,
1875 1433 1941 1485 et
1986 1419 2309 1507 hospitum
2347 1420 2665 1497 beneficii,
2705 1442 2819 1485 an-

723 1516 743 1543 ‘
759 1506 1065 1582 nisurum,
1113 1519 1187 1569 ut
1238 1528 1318 1593 ap
1364 1519 1554 1583 areat,
1607 1506 1829 1572 exsilio
1880 1507 1999 1572 sibi
2050 1507 2342 1582 irritatos,
2383 1528 2518 1570 non
2561 1506 2816 1583 stactes,

723 1601 742 1630 ‘
760 1593 1003 1656 animos
1033 1592 1208 1655 esse.’
1332 1605 1538 1655 terum
1569 1592 1801 1657 deinde
1833 1593 2028 1658 iidem
2059 1592 2232 1657 missi
2259 1615 2390 1659 non
2419 1592 2822 1679 recipiuntur

719 1679 790 1741 in
830 1692 1045 1743 castra.
1142 1676 1514 1743 Sacerdotes
1543 1702 1822 1766 quoque,
1853 1680 1981 1743 suis
2024 1678 2376 1766 insignibus
2404 1679 2660 1756 velatos,
2694 1680 2818 1743 isse

720 1764 1035 1852 supplices
1086 1763 1169 1827 ad
1219 1777 1421 1828 castra.
1470 1765 1768 1844 hostium,
1817 1767 2123 1832 traditum
2173 1779 2309 1838 estz
2363 1765 2564 1829 nihilo
2611 1768 2820 1853 magis
2835 1776 2867 1823 6

722 1873 913 1951 quam
953 1850 1191 1939 legatos
1228 1850 1476 1915 flexisse
1517 1853 1818 1917 animum.
1911 1854 2083 1918 Tum
2126 1864 2448 1917 matronae
2493 1852 2574 1916 ad
2605 1851 2822 1918 Vetu-

723 1958 898 2015 nam,
974 1952 1239 2001 matrem
1318 1936 1662 2017 Coriolani,
1738 1939 2279 2026 Volumniamque
2352 1960 2614 2005 uxorem
2689 1941 2824 2005 fie-
2841 1968 2868 2012 7

723 2036 992 2123 quentes
1048 2037 1297 2089 coeunt.
1390 2023 1471 2089 Id
1535 2026 1860 2113 publicum
1925 2026 2279 2104 consilium,
2339 2049 2422 2090 an
2488 2025 2823 2092 muliebris

723 2125 911 2174 umor
980 2110 1189 2188 fuerit,
1254 2133 1479 2198 parum
1555 2113 1828 2178 invenio.
1948 2112 2278 2179 Pervicere
2343 2125 2532 2190 certe,
2599 2126 2674 2177 ut
2749 2128 2823 2178 et

724 2194 1008 2274 Veturia,
1062 2220 1292 2299 magno
1344 2210 1499 2263 natu
1550 2199 1797 2277 mulier,
1843 2213 1909 2264 et
1961 2198 2321 2277 Volumnia,
2371 2200 2530 2264 duos
2585 2222 2824 2287 parvos

722 2306 803 2346 ex
856 2282 1104 2348 Marcio
1160 2286 1366 2349 ferens
1416 2284 1598 2362 filios,
1651 2308 1868 2350 secum
1919 2287 1988 2350 in
2039 2300 2240 2351 castra
2280 2286 2556 2351 hostium
2599 2288 2774 2351 irent
2795 2313 2815 2351 ε

720 2382 805 2446 et,
855 2392 1047 2458 quam
1098 2371 1287 2435 armis
1332 2372 1451 2435 viri
1498 2372 1841 2437 defendere
1893 2374 2116 2437 urbem
2159 2396 2289 2438 non
2339 2386 2615 2460 possent,
2667 2396 2820 2438 mu-

718 2455 902 2521 lieres
952 2458 1244 2546 precibus
1300 2456 1701 2545 lacrimisque
1754 2459 2188 2525 defenderent.
2280 2459 2415 2525 Ubi
2472 2459 2552 2524 ad
2611 2473 2824 2525 castra

718 2557 981 2609 ventum
1059 2557 1173 2621 est,
1258 2546 1750 2633 nuntiatumque
1838 2545 2202 2624 Coriolan0‚
2286 2546 2503 2611 adesse
2586 2546 2820 2633 ingens

720 2631 1062 2695 mulierum
1112 2652 1381 2719 agmen3
1436 2632 1506 2696 in
1555 2632 1782 2719 primo,
1829 2645 1904 2696 ut
1947 2634 2060 2719 qui
2107 2656 2228 2697 nec
2279 2632 2535 2720 publica
2584 2634 2820 2699 maies-

723 2730 849 2782 tate
906 2718 975 2781 in
1033 2718 1275 2804 legatie,
1336 2740 1457 2783 nec
1517 2719 1586 2781 in
1647 2719 2074 2784 sacerdotibus
2125 2732 2301 2784 tanta
2356 2720 2554 2785 offusa
2611 2721 2822 2786 oculis

720 2804 1059 2889 animoque
1090 2803 1395 2889 religione
1426 2817 1635 2869 motus
1663 2818 1844 2882 esset,
1876 2806 2079 2870 multo
2107 2806 2480 2871 obstinatior
2513 2805 2822 2873 adversus

719 2888 1005 2953 lacrimas
1057 2888 1396 2953 muliebres
1440 2903 1593 2954 erat.
1687 2891 1859 2955 Dein
1909 2891 2310 2957 familiarium
2363 2892 2645 2979 quidam,
2699 2896 2820 2981 qui

720 2974 1033 3060 insignem
1062 2975 1377 3039 maestitia
1402 2976 1570 3040 inter
1597 2990 1834 3041 ceteras
1862 2991 2244 3065 cognoverat
2264 2978 2620 3056 Veturiam,
2645 2980 2820 3045 inter

719 3082 954 3124 nurum
992 3073 1382 3147 nepotesque
1422 3075 1714 3140 stantem,
1763 3072 1782 3102 ‘
1805 3064 1950 3129 Nisi
1986 3088 2088 3129 me
2127 3066 2547 3143 frustrantur}
2574 3066 2814 3154 inquit,

722 3154 742 3184 ‘
764 3147 951 3225 oculi,
983 3160 1184 3228 mater
1213 3147 1329 3212 tibi
1358 3148 1721 3237 coniuxque
1750 3164 1817 3215 et
1845 3149 2028 3216 liberi
2057 3152 2326 3217 adsunt.’
2409 3151 2814 3231 Coriolanus,

718 3257 914 3323 prope
964 3246 1035 3299 ut
1086 3257 1320 3312 amem,
1370 3248 1807 3302 consternatus
1857 3238 1936 3303 ab
1979 3238 2130 3303 sede
2181 3262 2313 3316 sua,
2367 3261 2568 3326 quum
2617 3239 2814 3306 ferret

402 394 471 443 U.
492 396 551 444 C.

399 462 459 509 A.
494 462 553 510 C.

404 572 471 622 U.
494 572 553 621 C.

395 1304 611 1354 Coriola-

394 1383 531 1419 num.

498 1868 605 1927 40.

395 2126 663 2176 Mulierum

395 2192 588 2254 legatio.

394 3079 629 3129 veturiae

390 3146 454 3193 ad
470 3144 687 3193 Coriola-

390 3224 507 3256 num
528 3209 683 3257 filium

388 3272 557 3321 oratio·

777 3447 807 3489 4
840 3431 925 3491 Sp.
944 3430 1165 3478 Nautius
1186 3431 1283 3477 iam
1305 3436 1353 3478 et
1372 3430 1484 3478 Seoe.
1507 3431 1722 3490 Furius]

714 3494 843 3541 Ante
854 3494 943 3541 hos
951 3494 1174 3542 consules
1181 3494 1367 3555 duplex
1376 3508 1465 3555 par
1472 3495 1728 3542 consulum

709 3557 877 3605 inserit
900 3556 1194 3621 Dionysius:
1229 3557 1279 3605 in
1309 3572 1494 3607 annum
1523 3556 1630 3619 264.
1657 3558 1724 3615 Q.

712 3621 985 3684 Sulpicium
1001 3621 1315 3672 Camerinum
1334 3628 1384 3670 et
1401 3622 1487 3683 Sp.
1504 3621 1725 3669 Lartium

712 3686 940 3747 Flavum,
978 3700 1185 3748 quorum
1226 3686 1278 3734 in
1320 3686 1580 3734 consulatu
1621 3686 1726 3734 ludi

712 3748 829 3796 vitio
850 3750 997 3799 facti:
1033 3750 1083 3798 in
1112 3766 1297 3798 annum
1324 3749 1431 3811 265.
1454 3750 1513 3799 C.
1540 3749 1722 3798 Iulium

712 3812 881 3861 Iulum
920 3819 971 3862 et
1006 3814 1065 3862 P.
1104 3813 1354 3863 Pinarium
1395 3813 1605 3872 Rufum,
1640 3814 1724 3876 qui

712 3878 854 3925 ludos
884 3877 1224 3927 instauravere.
1290 3876 1393 3926 Eos
1420 3878 1724 3937 continuone,

710 3940 858 3990 falsos
883 3948 1078 4015 putans,
1098 3958 1163 3990 an
1185 3956 1273 4004 per
1295 3940 1532 3990 incuriam
1553 3942 1724 3991 omise-

709 4004 774 4053 rit
796 4004 979 4065 Livius,
1002 4020 1173 4067 parum
1197 4005 1365 4068 liquet.
1432 4004 1620 4053 Eorum
1652 4012 1723 4055 ta-

708 4084 821 4117 men
838 4069 889 4117 in
906 4070 1218 4119 numerandis
1234 4070 1375 4119 annis
1390 4068 1628 4118 rationem
1641 4069 1725 4119 ha-

706 4134 867 4183 buisse
882 4134 1087 4191 videtur,
1104 4133 1211 4183 infr.
1223 4133 1287 4183 iii.
1301 4148 1377 4196 30.
1402 4134 1564 4183 (ἔπιεν.
1617 4134 1727 4184 Hos

708 4199 769 4247 de
808 4198 1047 4247 industria
1067 4196 1262 4246 Livium
1295 4196 1528 4256 omisisse,
1555 4203 1611 4246 ut
1639 4198 1722 4261 qui

704 4260 755 4309 in
778 4263 1037 4312 annalibus
1058 4261 1134 4322 iis,
1156 4277 1278 4324 quos
1298 4266 1493 4310 secutus
1515 4268 1606 4321 est,
1623 4278 1722 4311 non

703 4332 944 4385 extarent,
966 4334 1131 4376 censet
1154 4326 1358 4377 Niebhr.
1373 4326 1421 4375 ii.
1446 4340 1493 4389 p.
1517 4340 1620 4376 102.
1655 4328 1716 4375 cf.

702 4390 864 4452 Sigon.
884 4392 1066 4441 Chron.
1086 4390 1191 4441 Liv.
1207 4388 1295 4455 (ad
1309 4406 1424 4442 ann.
1433 4390 1500 4440 U.
1511 4392 1571 4441 C.
1583 4390 1718 4454 264.)

1857 3446 1884 3492 5
1917 3434 1973 3479 Si
2023 3434 2198 3481 Volscis
2233 3434 2377 3495 ορατ]
2433 3434 2496 3481 In
2535 3433 2614 3483 his
2653 3436 2812 3484 verbis

1791 3495 2091 3545 conditiones
2112 3496 2246 3558 pacis
2265 3498 2393 3546 inter
2409 3497 2620 3546 Volscos
2637 3504 2688 3548 et
2707 3500 2808 3549 Ro-

1789 3573 1959 3607 manos
1985 3567 2095 3621 post
2113 3576 2228 3611 ann.
2253 3573 2343 3625 295
2372 3562 2438 3611 U.
2461 3562 2520 3611 0.
2554 3562 2718 3611 factae
2739 3566 2806 3613 la-

1787 3628 1891 3671 tere
1924 3630 2066 3685 putat
2099 3624 2306 3675 Niebhr.
2339 3626 2387 3674 ii.
2409 3642 2460 3689 p.
2482 3627 2562 3691 98.
2585 3640 2697 3689 ²55·
2743 3628 2808 3677 cf.

1791 3686 1940 3737 Dion.
1965 3686 2060 3736 viii.
2087 3700 2163 3751 35.

1852 3749 1885 3800 6
1921 3754 2174 3801 Traditum
2205 3756 2301 3813 est]
2349 3754 2400 3803 N
2404 3769 2468 3803 on
2499 3758 2810 3817 aspernanda

1789 3821 1860 3863 est
1882 3816 1982 3864 Iac.
1994 3816 2227 3865 Gronovii
2243 3818 2541 3877 coniectura,
2553 3822 2808 3878 traditum,

1787 3886 1836 3928 σε
1869 3882 2024 3929 nihilo
2057 3884 2225 3945 maffia.
2303 3882 2476 3932 Simile
2515 3885 2804 3947 exemplum

1790 3942 1884 3991 vid.
1907 3944 2034 3992 infra
2055 3945 2134 3994 vii.
2158 3961 2236 4007 40.
2270 3947 2432 3997 Ganr-

1857 4020 1882 4070 7
1916 4010 2335 4075 Volumniamque]
2373 4012 2680 4061 Volumniam
2699 4026 2804 4061 ma-

1789 4075 1932 4132 trem,
1970 4078 2022 4121 et
2066 4074 2333 4137 Vergilium
2375 4090 2580 4124 uxorem
2624 4076 2804 4125 Marcii

1791 4135 1970 4185 dictam
2003 4138 2153 4185 tradit
2180 4138 2314 4189 Plut.
2337 4138 2518 4189 Coriol.
2553 4142 2620 4188 Id
2639 4142 2804 4202 publi-

1785 4215 1897 4249 cum
1923 4203 2176 4250 eonsilium
2201 4208 2294 4257 etc.
2327 4209 2578 4252 auctorem
2611 4204 2800 4253 consilii

1787 4262 1934 4313 fuisse
1962 4265 2212 4313 Valeriam
2247 4266 2534 4329 Poplicolae
2567 4282 2804 4329 sororem,

1783 4327 1929 4377 refert
1947 4327 2095 4379 Dion.
2117 4329 2213 4379 viii.
2234 4342 2310 4392 54.
2345 4332 2474 4391 Bur,
