3000 4784
709 212 836 273 356
1490 203 1719 271 TITI
1774 202 2049 269 LIVII

387 354 456 405 U.
479 356 540 405 C.
565 352 676 419 3⁶9·
715 352 736 383 6
757 342 1052 408 causariis
1095 341 1448 405 senioribus
1495 363 1575 404 ue
1614 364 1655 403 a
1700 338 1777 403 L.
1808 322 2121 414 Quinctio
2158 340 2487 417 scribatur,
2518 339 2641 425 qui
2678 337 2793 401 urbi

385 420 446 469 A.
481 420 541 470 Ο·
565 422 676 482 383·
716 440 735 469 6
753 430 1212 514 moenibusque
1255 426 1459 514 praesi
1510 427 1570 490 io
1608 427 1706 490 sit.
1801 425 1877 490 L.
1906 424 2213 490 Horatius
2254 448 2449 503 arma,
2495 426 2649 503 tela,
2690 426 2797 489 fm-

717 525 736 555 ‘
759 528 1066 592 mentum,
1109 536 1402 599 quaeque
1447 513 1599 577 belli
1644 512 1768 576 alia
1812 528 2097 599 tempora
2140 526 2422 599 poscent,
2465 512 2797 599 provideat.

716 611 735 641 ‘
754 602 872 678 Te,
897 602 1028 666 Ser.
1049 600 1330 677 Corneli,
1355 599 1710 686 praesidem
1733 598 1923 663 huius
1939 598 2181 685 publici
2198 599 2469 676 consilii,
2490 599 2801 663 custodem

714 698 736 727 6
751 688 864 752 reli
913 688 1150 764 ionum,
1183 686 1603 763 comitiorum,
1634 685 1868 772 legum,
1892 707 2107 749 rerum
2128 686 2417 751 omnium
2436 688 2805 750 urbanarum

716 784 736 812 ‘
765 774 864 839 col
889 796 1043 861 egee
1073 773 1376 838 facimus!
1466 773 1739 838 Cunctis
1768 772 1837 835 in
1864 785 2075 859 partes
2104 773 2386 837 muneris
2412 772 2517 837 sui
2546 773 2696 837 ben‘
2774 793 2804 831 e

717 861 1164 948 pollicentibus
1207 882 1485 946 operam,
1521 858 1834 935 ValeriuS,
1866 859 2072 923 socius
2100 859 2352 946 imperii
2390 859 2624 937 lectuS,
2655 882 2691 921 a
2736 859 2809 919 'e-

717 949 825 1025 cit,
876 957 896 986 ‘
919 946 1012 1011 M.
1041 946 1302 1011 Furium
1337 946 1458 1009 sibi
1538 968 1608 1010 ro
1646 946 1975 1021 dictatore,
2016 968 2212 1031 seque
2254 947 2314 1009 ei
2358 968 2479 1032 pro
2526 946 2809 1031 magistro

721 1042 740 1072 ‘
763 1035 1052 1121 equitum
1095 1034 1396 1098 futurum.
1548 1032 1789 1108 roinde,
1838 1054 2031 1117 quam
2074 1032 2449 1118 opinionem
2498 1032 2582 1097 de
2638 1030 2811 1095 unico

723 1122 1157 1208 ‘imperatore,
1191 1142 1331 1185 eam
1369 1142 1549 1205 spem
1588 1119 1670 1183 de
1714 1118 1885 1182 bello
1924 1118 2250 1182 haberent.
2346 1118 2431 1183 Se
2462 1119 2811 1191 vero‚bene

723 1218 744 1247 6
765 1208 1054 1295 sperare,'
1091 1207 1333 1284 Patres,
1377 1214 1396 1243 ‘
1413 1219 1476 1269 et
1510 1205 1591 1271 de
1636 1205 1823 1281 bello,
1856 1216 1923 1268 et
1950 1204 2033 1268 de
2072 1226 2228 1290 pace
2270 1206 2701 1291 universaque
2728 1224 2814 1266 re·

725 1302 746 1333 6
761 1294 1054 1383 publica,'
1093 1293 1287 1359 erecti
1326 1292 1579 1379 gaudio,
1624 1292 1937 1355 fremunt:
1989 1299 2009 1328 ‘
2026 1313 2146 1355 nec
2182 1290 2497 1355 dictatore
2542 1311 2813 1377 uuquam

726 1390 745 1421 ⁶
765 1404 926 1467 opus
954 1381 1088 1445 fore
1133 1381 1224 1445 rei
1272 1378 1538 1456 ublicae,
1570 1379 1619 1441 si
1662 1377 1820 1443 tales
1848 1378 2016 1441 viros
2048 1378 2119 1440 in
2158 1378 2535 1463 magistratu
2578 1378 2814 1449 habeat,

725 1476 746 1507 ‘
763 1481 890 1531 tam
937 1403 1355 1532 concordibus
1407 1466 1659 1530 iunctos
1702 1464 1947 1541 animiS,
1992 1486 2213 1551 parere
2265 1478 2461 1549 atque
2516 1466 2815 1551 imperare

723 1564 742 1593 6
759 1555 940 1619 iuxta
981 1568 1249 1642 paratoS,
1291 1552 1675 1637 laudemque
1714 1551 2113 1615 conferentes
2148 1550 2363 1638 potius
2405 1552 2481 1615 in
2524 1550 2817 1621 medium,

722 1650 742 1679 6
761 1663 952 1726 quam
982 1664 1064 1704 ex
1093 1640 1416 1705 communi
1446 1639 1531 1703 ad
1558 1662 1625 1703 se
1656 1637 2017 1703 trahentes?

523 1728 583 1791 7.
811 1725 1063 1791 Iustitio
1093 1726 1354 1803 indicte,
1379 1725 1760 1811 delectuque
1792 1725 2030 1801 habito,
2064 1723 2291 1788 Furius
2320 1746 2395 1787 ac
2418 1723 2725 1789 Valerius
2750 1719 2819 1785 ad

729 1812 1044 1877 Satricum
1081 1811 1382 1897 profecti:
1431 1835 1564 1899 quo
1603 1834 1734 1875 non
1775 1810 2155 1875 Volscorum
2194 1808 2387 1874 modo
2426 1810 2856 1875 iuventutems

726 1898 1024 1963 Antiates
1053 1920 1135 1963 ex
1171 1920 1338 1963 nova
1373 1899 1594 1964 subole
1634 1898 1883 1975 lectam,
1914 1898 2029 1962 sed
2072 1898 2401 1984 ingentem
2448 1896 2821 1962 Latinorum

727 1984 1284 2071 Hernicorumque
1337 1986 1743 2050 conciverant
1786 2007 1867 2048 ex
1910 1984 2333 2071 integerrimis
2377 1983 2637 2049 diutina
2676 2004 2823 2070 pace

725 2072 994 2171 populis,
1089 2071 1315 2159 Itaque
1359 2094 1562 2137 novus
1612 2072 1810 2135 hostis
1852 2072 2053 2135 veteri
2102 2071 2441 2135 adiunctus
2484 2068 2823 2135 commovit

727 2182 972 2223 animos
1013 2158 1232 2223 militis
1279 2158 1577 2223 Romani.
1673 2156 1869 2231 Quod
1912 2158 2025 2221 ubi
2068 2158 2269 2221 aciem
2314 2158 2444 2220 iam
2488 2155 2823 2221 instruenti

735 2244 1009 2311 Camillo
1075 2246 1479 2310 centuriones
1546 2244 2090 2322 renuntiaverunt,
2164 2253 2184 2282 ‘
2204 2245 2484 2308 turbatas
2554 2242 2825 2307 militum

731 2344 749 2373 6
773 2344 1019 2396 mentes
1047 2355 1202 2409 esse,
1234 2332 1515 2418 segniter
1542 2354 1716 2395 arma
1753 2342 1957 2418 capta,
1988 2329 2600 2416 cunctabundosque
2630 2346 2701 2395 et
2735 2332 2864 2393 re·⁶

732 2426 752 2455 ‘
773 2418 1062 2483 sistentes
1090 2440 1370 2505 egressos
1398 2418 1618 2482 castris
1648 2440 1820 2493 esse3
1868 2417 2025 2503 quin
2053 2440 2241 2481 voces
2270 2439 2529 2505 quoque
2560 2416 2824 2490 auditas

730 2514 750 2543 ‘
770 2528 916 2569 cum
948 2506 1234 2569 centenis
1261 2504 1549 2569 hostibus
1568 2504 1849 2591 singulos
1876 2518 2301 2590 pugnaturos3
2348 2518 2417 2569 et
2444 2526 2635 2589 aegre
2667 2503 2829 2567 iner-

729 2602 747 2631 ‘
771 2614 940 2656 mem
1001 2605 1240 2656 tantam
1299 2590 1797 2668 multitudinem,
1850 2590 2091 2656 nedum
2148 2605 2474 2667 armatam,
2534 2589 2828 2655 sustineri

731 2686 751 2715 ‘
771 2700 952 2765 pom
977 2679 1024 2753 ς’
1067 2679 1136 2742 in
1165 2701 1404 2765 equum
1435 2677 1650 2754 insilit,
1682 2691 1767 2755 et,
1798 2690 1945 2743 ante
1968 2677 2149 2763 signa
2176 2679 2477 2743 obversus
2504 2679 2575 2742 in
2606 2680 2825 2753 aciem,

729 2764 984 2827 ordines
1003 2765 1479 2850 interequitans,
1517 2763 1735 2839 ‘Quae
1767 2764 2035 2840 tristitia,
2060 2763 2312 2840 milites,
2332 2764 2510 2841 haee,
2534 2788 2709 2851 quae
2736 2767 2828 2829 in·-

403 2858 574 2933 Ofatio
597 2860 690 2931 Cass
732 2847 951 2913 ‘solita
996 2851 1316 2913 cunctatio
1365 2852 1505 2923 est?
1574 2850 1865 2927 Hostem,
1903 2873 1987 2913 an
2030 2872 2153 2927 me,
2195 2874 2278 2913 an
2321 2874 2435 2915 vos
2476 2851 2825 2938 ignoratis?

402 2922 530 3033 {32¹}
545 2922 609 2971 ad
623 2934 710 2967 ¹¹²¹·
731 2942 751 2971 ‘
782 2932 1004 2997 Hostis
1061 2948 1157 2997 est
1207 2935 1366 3019 quid
1424 2936 1618 3013 aliud,
1672 2958 1865 3023 quam
1910 2952 2219 3023 perpetua
2268 2938 2533 3002 materia
2582 2938 2827 3003 virtutis

515 3020 528 3034 ‘
733 3026 754 3057 6
769 3018 1134 3107 gloriaeque
1185 3034 1426 3084 vestrae
1451 3022 1480 3083 ?
1540 3020 1674 3087 Vos
1720 3036 1959 3099 contra,
2014 3044 2116 3087 me
2164 3022 2349 3101 duce,
2394 3024 2499 3109 (ut
2554 3024 2827 3089 Falerios

733 3115 753 3144 ‘
779 3104 1100 3192 Veiosque
1159 3128 1236 3169 ca
1283 3119 1396 3183 tOS,
1443 3120 1510 3171 et
1560 3107 1631 3171 in
1676 3122 1862 3196 capta
1918 3110 2123 3196 patria
2169 3108 2501 3175 Gallorum
2550 3110 2827 3198 legiones

733 3203 753 3232 ‘
770 3216 976 3259 caesas
1007 3210 1250 3258 taceam
1309 3194 1498 3258 modo
1530 3194 1904 3293 trigeminae
1933 3195 2231 3261 victoriae
2262 3196 2341 3259 tri
2388 3196 2581 3261 licem
2612 3199 2827 3263 trium-

733 3290 751 3318 6
775 3282 973 3367 phum
1004 3304 1086 3345 ex
1116 3280 1216 3344 his
1247 3280 1264 3343 i
1313 3280 1397 3344 sis
1433 3278 1694 3358 Volscis,
1727 3294 1793 3345 et
1825 3282 2090 3381 Aequis,
2114 3295 2181 3345 et
2202 3304 2284 3345 ex
2376 3284 2579 3347 truria
2600 3285 2821 3371 egistis

733 3376 754 3404 6
772 3367 882 3430 An
942 3390 1062 3443 me,
1109 3390 1238 3453 quo
1331 3390 1462 3431 non
1514 3366 1783 3432 dictator
1823 3369 2019 3444 vob1S,
2064 3367 2179 3431 sed
2222 3368 2531 3445 tribunuS,
2580 3371 2823 3457 signum

733 3461 752 3490 6
773 3452 944 3530 dedi,
975 3476 1108 3517 non
1147 3454 1482 3540 agnoscitis
1510 3453 1787 3517 ducem?
1848 3454 1914 3519 N
1918 3478 1953 3518 e
2002 3476 2081 3517 ue
2112 3476 2231 3540 ego
2261 3455 2538 3519 maxima
2572 3456 2827 3544 imperia

734 3540 839 3603 ‘in
868 3562 978 3605 vos
1005 3540 1330 3605 desidero:
1381 3553 1446 3604 et
1475 3562 1587 3605 vos
1616 3540 1684 3603 in
1714 3562 1817 3603 me
1847 3540 1983 3605 nihi
2008 3588 2027 3617 ,
2058 3555 2310 3627 praeter
2338 3564 2439 3605 me
2471 3542 2707 3628 ipsum,
2738 3544 2827 3606 in-

732 3635 750 3663 ‘
775 3626 936 3689 tueri
972 3626 1196 3702 decet3
1243 3650 1454 3713 neque
1493 3627 1669 3691 enim
1712 3626 2027 3691 dictatura
2070 3626 2225 3691 mihi
2266 3650 2549 3714 unquam
2590 3631 2827 3694 animos

735 3887 940 3936 militiae
978 3886 1168 3935 vacatio
1205 3892 1344 3934 esset.
1407 3888 1633 3936 Senior-es
1668 3886 1752 3949 qui
1818 3886 2024 3935 Velitris
2044 3904 2122 3936 an.
2146 3886 2255 3950 361.
2272 3888 2340 3938 U.
2355 3889 2414 3938 C.
2436 3904 2469 3937 a
2490 3890 2739 3941 Romanis
2754 3894 2827 3941 de·

737 3954 850 4015 plus
881 3966 1035 4000 annos
1063 3950 1382 4013 quadraginta
1415 3951 1633 4013 quinque
1667 3951 1751 3999 ha·
1817 3951 2011 3999 fecerat.
2049 3951 2253 4000 Diodor.
2276 3952 2373 4001 xiv.
2404 3966 2509 4002 102.

735 4018 923 4075 herent,
968 4030 1128 4077 neque
1180 4015 1342 4063 adhuc
1396 4014 1751 4079 sexagesimum
1879 4012 1911 4063 6
1944 4016 2260 4076 Resistentes]
2300 4018 2397 4065 Pro
2417 4020 2699 4069 resistentes
2714 4020 2827 4068 Gro-

737 4096 880 4131 suum
913 4095 1096 4129 annum
1127 4084 1452 4129 numerarent.
1522 4078 1625 4127 Hie
1646 4078 1751 4140 qui·
1816 4078 1990 4127 novius
2025 4080 2303 4129 restitantes
2336 4080 2603 4142 legendum
2648 4084 2829 4140 suadet,

737 4148 851 4195 dem
885 4145 1142 4203 exercitus,
1174 4148 1410 4205 tanquam
1439 4140 1755 4193 subsidiarius
1818 4158 1965 4204 quam
1986 4158 2155 4193 vocem
2176 4143 2227 4190 in
2250 4149 2441 4191 textum
2465 4146 2689 4206 reposuit
2710 4148 2827 4197 Bek-

736 4210 1026 4271 plerumque
1077 4207 1482 4265 conscribebatur,
1526 4214 1582 4253 ut
1620 4221 1750 4267 supr.
1816 4206 1919 4255 ker.
1972 4208 2060 4257 sed
2128 4206 2253 4255 nihil
2311 4210 2611 4257 mutandum
2676 4219 2829 4261 censet

735 4274 804 4322 iii.
831 4288 906 4321 πο.
942 4272 1092 4321 Dion.
1116 4272 1184 4321 ix.
1210 4282 1254 4331 5.
1820 4270 1975 4319 Drak.

803 4350 830 4395 5
863 4337 1133 4393 San-ioum]
1182 4334 1315 4381 Urbs
1345 4332 1470 4379 haee
1508 4348 1607 4381 una
1638 4348 1752 4381 cum
