3000 4784
840 228 1031 293 LIB.
1081 228 1172 293 X.
1234 228 1454 293 CAP.
1505 229 1606 294 37.
2137 230 2263 291 599

125 373 158 419 8
177 360 416 515 3:21&
417 362 712 514 ῗ111111111,
742 376 809 429 81
841 366 1018 451 quod
1057 365 1337 453 captivos
1379 366 1515 431 sine
1560 364 1851 452 pactione
1890 364 2007 429 sub
2042 363 2261 451 iugum
2278 375 2350 489 H.
2372 377 2431 490 g.
2456 376 2571 504 333.

266 532 509 601 Consul
539 536 696 601 alter
723 536 1102 615 Postumius,
1128 539 1280 625 quia
1307 540 1375 602 in
1409 537 1795 603 Samnitibus
1825 536 2085 601 materia
2110 534 2261 601 belli
2280 615 2324 664 E
2326 529 2526 665 “3¹:20⁸

175 622 410 700 deerat,
431 622 500 685 in
523 622 840 692 Etruriam
865 624 1150 690 traducto
1173 626 1474 701 exercitu,
1499 626 1772 711 primum
1804 635 2262 711 pervastaverat
2485 679 2495 689 .

175 708 644 774 Volsiniensem
679 733 937 797 agrum:
986 712 1136 775 dein
1180 735 1326 776 cum
1367 710 1631 797 egressis
1670 710 1751 774 ad
1792 710 2064 773 tuendos
2103 708 2261 773 fines
2278 681 2531 793 {gttauaem

175 794 348 859 haud
378 796 600 882 procul
641 798 968 861 moenibus
1008 798 1286 884 ipsorum
1317 798 1656 885 depugnat.
1750 796 1901 860 Duo
1932 795 2129 859 millia
2156 818 2263 859 oc-

173 882 450 969 tingenti
475 882 884 948 Etruscorum
913 884 1112 948 caesi:
1145 898 1387 949 ceteros
1408 884 1635 971 propin
1682 882 1845 947 uitas
1866 882 2039 946 urbis
2060 894 2265 947 tutata

173 981 288 1032 est.
379 968 460 1033 In
492 968 906 1035 Rusellanum
942 992 1162 1057 agrum
1202 970 1516 1035 exercitus
1558 986 1617 1033 tr
1699 983 1898 1034 uetus.
1990 968 2091 1033 Ibi
2131 990 2263 1033 non

173 1055 310 1141 agri
341 1068 588 1119 tantum
616 1057 858 1133 vastati,
881 1056 992 1121 sed
1021 1056 1326 1143 oppidum
1341 1057 1547 1120 'etiam
1575 1078 1701 1142 exp
1874 1068 2045 1119 tum:
2080 1069 2265 1141 capta

174 1140 447 1228 amplius
475 1142 603 1205 duo
633 1141 830 1207 millia
855 1143 1205 1219 hominum,
1237 1142 1446 1206 minus
1474 1142 1603 1206 duo
1632 1078 1873 1205 11111ΕὲΒ
1856 1142 2023 1205 81188
2052 1162 2263 1205 muros

175 1250 374 1293 caesa.
449 1228 585 1293 Pax
617 1242 830 1294 tamen
857 1229 1082 1293 clarior
1107 1229 1452 1315 maiorque,
1485 1250 1677 1315 quam
1706 1226 1945 1291 bellum
1973 1226 2041 1289 in
2072 1224 2265 1291 Etru-

173 1315 272 1377 ria
319 1337 397 1380 eo
447 1337 616 1379 anno
664 1316 888 1392 fuerat,
939 1328 1118 1403 parta
1166 1328 1278 1380 est.
1371 1314 1533 1379 Tres
1580 1312 1997 1378 validissimae
2054 1313 2261 1389 urbes,

123 1384 157 1480 51?
179 1400 474 1466 Etruriae
501 1402 724 1488 capita,
746 1401 1035 1479 Volsinii,
1060 1402 1340 1478 Perusia,
1367 1401 1715 1477 Arretium,
1738 1422 1961 1487 pacem
1984 1399 2223 1487 petiere
2242 1422 2261 1475 ;

175 1499 264 1564 et,
296 1488 448 1553 vesti
457 1489 686 1554 mentis
714 1488 988 1553 militum
1013 1489 1458 1574 frumentoque
1493 1487 1665 1574 pacti
1700 1508 1847 1551 cum
1882 1484 2160 1563 consule,
2192 1498 2266 1550 ut

176 1574 348 1638 mitti
373 1573 644 1639 Romam
673 1588 948 1639 oratores
975 1574 1211 1651 liceret,
1237 1574 1514 1639 indutias
1537 1574 1603 1637 in
1628 1572 1799 1660 quad
1914 1573 2045 1636 'nta
2066 1594 2265 1636 annos

174 1660 691 1747 impetraverunt.
781 1660 996 1725 Multa
1027 1684 1320 1748 praesens
1350 1661 1773 1748 quingentum
1809 1682 1895 1723 1111
1947 1659 1961 1673 ’
2106 1658 2267 1722 88118

173 1747 248 1811 111
279 1746 555 1833 singulas
583 1747 866 1812 civitates
894 1748 1201 1835 imposita.

272 1831 378 1899 Ob
407 1832 592 1899 hasce
619 1856 720 1899 res
746 1846 952 1921 gestas
979 1834 1201 1899 consul
1231 1856 1430 1935 quum
1471 1833 1865 1921 triumphum
1906 1833 1987 1897 ab
2021 1844 2265 1909 senatu,

175 1920 370 1984 moris
407 1920 603 2008 magis
637 1944 842 1998 causa,
871 1944 1064 2021 quam
1101 1944 1212 2009 spe
1251 1920 1654 2008 impetrandi,
1682 1920 1963 2020 petisset,
1992 1918 2269 1983 videret-

177 2029 308 2092 que
337 2006 510 2084 81108,
541 2007 716 2093 quod
745 2007 984 2072 tardius
1007 2008 1086 2072 ab
1115 2008 1268 2071 urbe
1299 2008 1570 2083 exisset3
1617 2006 1791 2083 ahos,
1822 2005 1995 2105 quod
2024 2006 2269 2069 iniussu

178 2106 437 2159 senatus
465 2116 547 2158 ex
580 2092 838 2159 Samnio
867 2094 936 2157 111
967 2093 1284 2158 Etruriam
1326 2092 1662 2169 transisset,
1692 2106 1921 2177 partlm
1960 2113 2106 2155 suos
2144 2091 2267 2153 ini-

129 2202 160 2235 2
180 2180 401 2331 111ἱῇ8,
445 2180 672 2330 pgr-tim
721 2180 995 2266 collegae
1041 2179 1294 2255 amicos,
1343 2179 1454 2329 adh
1471 2177 1765 2327 solatiuffi
1812 2188 2115 2292 aequatae
2166 2199 2268 2241 re-

1234 2266 1248 2279 .
1588 2289 1603 2303 .
1655 2272 1674 2302 5
1884 2264 1897 2276 .
2038 2262 2051 2276 .
2197 2262 2210 2276 .

178 2279 1857 2430 {Jlll²at5essi=olngeliillilevgzfflemgiggaeisugeminelridl,
1880 2275 2269 2413 1111,ῐέἓῖζῖ

183 2448 203 2477 ‘
225 2439 428 2503 sulem
485 2462 618 2505 esse
677 2463 717 2503 o
761 2439 1018 2504 liviscar.
1111 2438 1358 2503 Eodem
1414 2438 1551 2501 iure
1602 2438 1687 2501 im
1775 2436 1871 2514 rii,
1923 2458 2053 2523 quo
2103 2434 2270 2499 bella

183 2536 206 2564 ‘
225 2526 410 2612 gessi,
439 2526 620 2591 bellis
647 2526 914 2591 feliciter
939 2525 1150 2613 gestis,
1185 2524 1442 2588 Samnio
1471 2547 1511 2587 a
1582 2546 1663 2587 118
1754 2522 1951 2587 truria
1977 2521 2267 2598 subactis,

183 2622 206 2650 ‘
227 2613 490 2678 victoria
516 2625 581 2678 et
609 2636 764 2713 pace
791 2626 988 2701 parta,
1021 2610 1460 2697 triumphabo.’
1510 2535 1649 2674 &ita
1676 2623 1964 2674 senatum
1994 2608 2266 2695 reliquit.

183 2698 348 2763 Inde
378 2700 544 2763 inter
566 2701 848 2765 tribunos
868 2698 1070 2799 plebis
1092 2696 1414 2762 contentio
1435 2710 1605 2761 orta:
1636 2718 1781 2783 pars
1802 2695 2269 2771 intercessuros,

183 2808 268 2849 ne
299 2808 462 2851 novo
491 2785 784 2872 exemplo
811 2798 1000 2849 trium
1045 2784 1244 2860 haret,
1276 2783 1567 2860 aiebant3
1658 2805 1756 2846 ars
1784 2781 2022 2846 auxilio
2056 2802 2125 2845 se
2160 2779 2273 2844 ad-

183 2894 400 2937 versus
449 2871 718 2960 collegas
768 2872 1004 2959 triump
1049 2870 1182 2935 anti
1233 2870 1492 2934 futuros.
1594 2805 1835 2933 ssctata
1877 2890 1976 2933 res
2025 2867 2111 2934 ad
2158 2889 2274 2954 po-

255 3094 285 3143 8
319 3096 459 3153 Quod
483 3096 696 3158 captivos
725 3097 831 3144 sine
859 3096 1083 3157 pactione
1108 3094 1197 3142 suh

187 3162 360 3221 iuyum
393 3161 620 3220 misisset]
671 3160 868 3221 Nempe
903 3161 993 3207 sub
1031 3159 1197 3220 iugum

189 3222 324 3272 1111881
362 3224 690 3273 liberabantur
721 3230 772 3272 81
806 3223 941 3271 abire
978 3222 1198 3271 sineban-

192 3294 286 3336 tur.
356 3288 414 3336 Id
447 3304 558 3350 ergo
587 3286 898 3349 indignantur
920 3288 1105 3343 Patres,
1127 3290 1202 3333 101

193 3351 414 3414 captivos
453 3350 524 3399 ita
565 3352 788 3399 remissos
830 3366 950 3409 esse,
983 3354 1040 3397 ut
1076 3348 1200 3397 nihil

189 3416 308 3465 inde
329 3416 571 3465 commodi
591 3414 868 3478 respublica
883 3416 1111 3463 Romana
1131 3428 1202 3460 re-

192 3480 416 3542 cepisset.
449 3480 609 3530 Casv.

257 3559 290 3608 9
321 3546 562 3593 Etruriae
595 3546 785 3607 capita]
844 3543 1025 3591 Noster
1062 3543 1205 3589 urbes

195 3608 305 3655 illas
349 3608 604 3656 duodecim
645 3607 870 3656 Etruriae
911 3607 1014 3654 sine
1057 3604 1205 3654 dubio

193 3672 410 3733 respicit,
422 3672 618 3733 quando
639 3672 702 3721 de
723 3670 947 3720 Etruriae
967 3670 1208 3732 capitibus

195 3736 494 3785 mentionem
535 3736 664 3784 facit.
734 3736 830 3785 Sed
865 3748 1104 3796 quaenam
1137 3748 1206 3781 es-

197 3804 307 3848 sent
339 3800 428 3847 illa
460 3800 638 3861 capita,
660 3800 785 3849 inter
807 3804 1029 3847 auctores
1055 3796 1208 3845 ambi-

199 3864 342 3926 gitur.
399 3864 580 3911 Noster
600 3864 796 3925 quidem
819 3863 926 3911 infr.
947 3862 1114 3909 xxviii.
1132 3873 1207 3924 45.

201 3934 314 3976 octo
357 3928 504 3977 simul
545 3933 778 3985 recenset,
817 3927 1002 3976 scilicet
1039 3927 1211 3985 Caere,

205 3992 511 4054 Tarquinios,
543 3991 884 4053 Populoniam,
913 3992 1210 4047 Volaterras,

205 4057 468 4115 Arretium,
511 4055 780 4115 Perusiam,
821 4054 1062 4113 Clusium,
1105 4056 1209 4103 Ru·

203 4122 372 4169 sellas:
397 4136 458 4169 ex
475 4120 648 4168 horum
665 4134 866 4168 numero
885 4118 1210 4181 Populoniam

205 4185 254 4233 in
278 4185 442 4233 locum
466 4184 718 4233 Vetulonii
743 4183 927 4233 veniae
955 4182 1213 4231 arbitratur

205 4248 506 4297 Niebuhrius
535 4248 566 4298 i.
595 4264 643 4297 n.
667 4246 776 4309 368.
845 4247 996 4295 Veios
1020 4262 1214 4309 quoque

203 4320 255 4361 et
283 4313 546 4362 Vulsonios
571 4313 699 4361 111181·
727 4312 850 4360 haec
870 4314 1036 4374 capita
1062 4326 1214 4360 annu-

205 4380 460 4427 merandos
503 4392 592 4440 pro
630 4382 762 4425 certo
803 4376 1056 4431 habemus,
1091 4380 1140 4422 et
1175 4374 1214 4421 si

1262 3092 1384 3141 fides
1401 3090 1542 3139 Livio
1564 3090 1728 3139 danda
1748 3088 1827 3146 sit,
1844 3089 2061 3138 Cortona
2078 3086 2277 3149 insuper

1263 3156 1464 3205 accedit.
1489 3156 1551 3202 cf.
1572 3155 1637 3203 ix.
1650 3166 1725 3215 37.
1774 3151 2055 3201 Verisimile
2075 3156 2165 3207 est,
2181 3151 2274 3199 Ca-

1265 3235 1440 3281 penam
1461 3219 1513 3267 in
1530 3231 1787 3265 numerum
1804 3230 1971 3263 eorum
1987 3213 2277 3263 duodecimo

1267 3284 1374 3331 loco
1395 3282 1723 3344 reponendam
1746 3295 1864 3327 esse.

1335 3362 1354 3395 1
1391 3346 1617 3403 Volsinii]
1656 3344 1767 3405 Ope
1789 3356 2052 3400 servorum,
2068 3356 2189 3403 quos
2202 3356 2279 3389 ar-

1266 3416 1537 3469 maverant,
1552 3406 1881 3457 Volsinienses
1902 3407 2087 3454 bellum
2108 3410 2279 3453 contra

1269 3476 1521 3524 Romanos
1542 3472 1851 3535 pertinaciter
1868 3472 2113 3532 gerebant.
2176 3469 2276 3518 Ro-

1267 3539 1399 3587 mani
1435 3543 1622 3594 autem,
1655 3535 1715 3584 cf.
1740 3534 1854 3583 Val.
1890 3534 2027 3583 Max.
2066 3532 2131 3582 ix.
2173 3548 2215 3591 1,
2249 3548 2281 3581 8

1271 3602 1472 3651 Graecis
1503 3600 1716 3649 fontibus
1744 3599 1909 3647 fictam
1936 3598 2181 3659 quandam
2211 3597 2279 3646 fa-

1270 3667 1438 3715 bulam
1473 3670 1525 3713 et
1559 3678 1755 3739 prorsus
1790 3661 2179 3711 commenticiam
2218 3662 2283 3711 de

1272 3744 1515 3779 servorum
1558 3727 1815 3776 msolentia
1850 3727 2113 3775 consectati
2151 3732 2281 3784 sunt,

1273 3808 1418 3856 quam
1482 3792 1659 3841 merito
1722 3792 2043 3855 respuendam
2118 3796 2282 3839 censet

1275 3859 1478 3907 Niebhr.
1495 3858 1529 3907 i.
1546 3873 1595 3906 n.
1615 3860 1722 3919 382.
1775 3856 1845 3905 Hi
1872 3870 1981 3904 vero
2002 3855 2125 3903 servi
2148 3854 2281 3903 haud

1274 3924 1422 3972 dubie
1455 3928 1667 3971 veterem
1701 3920 1899 3982 stirpem
1933 3918 2283 3980 Tyrrhenicam

1273 3988 1560 4045 referebant,
1582 3992 1633 4034 et
1652 4002 1683 4034 a
1704 3984 1963 4033 victoribus
1988 3980 2206 4029 Etruscis
2231 3980 2283 4028 in

1275 4067 1384 4100 eam
1407 4050 1535 4099 vitae
1567 4050 1893 4099 conditionem
1924 4045 2121 4093 adducti
2154 4050 2286 4102 sunt,

1275 4132 1372 4178 qua
1391 4116 1464 4163 illi
1487 4120 1642 4173 erant,
1658 4114 1741 4175 qui
1763 4111 1897 4173 apud
1920 4109 2135 4157 Graecos
2155 4107 2285 4157 wi-

1277 4196 1386 4227 στω
1406 4180 1687 4228 audiebant.

1341 4258 1370 4291 2
1402 4245 1487 4291 Aa
1512 4243 1735 4291 solatiam
1764 4246 2001 4302 aequatae
2032 4238 2285 4300 repulsae]

1279 4308 1362 4356 Ne
1383 4308 1516 4355 solus
1536 4303 1969 4367 triumphamuscd
1994 4316 2157 4366 parem
2177 4316 2290 4351 cum

1281 4373 1468 4433 collega
1489 4376 1663 4419 sortem
1686 4368 1903 4417 haberet.
