3000 4784
710 184 838 243 342
1475 176 1702 243 ΤΙΤΙ
1761 178 2035 243 LIVII

445 359 458 373 .
481 324 541 373 O.
569 323 676 387 365·
715 312 854 377 Iam
883 324 1030 377 ante
1061 314 1126 376 in
1169 336 1248 377 eo
1275 312 1498 400 religio
1534 314 1807 379 civitatis
1846 326 2242 401 appamerat,
2272 313 2473 401 quod,
2502 336 2711 401 quum
2742 313 2803 377 in

483 388 543 437 0·
567 391 677 449 387·
716 399 973 486 publico
1032 399 1280 463 deesset
1323 422 1568 477 aurum,
1616 422 1699 501 eit
1742 423 1873 487 quo
1931 422 2179 465 summa
2222 414 2449 488 pactae
2502 399 2805 465 mercedis

722 484 928 549 Gallis
965 486 1289 561 confieret,
1326 508 1366 548 a
1405 500 1711 569 {unx-oms
1748 486 2049 551 collatum
2092 500 2493 573 aeceperunt,
2524 498 2603 551 ut
2640 508 2809 549 sacro

717 592 872 635 auro
943 572 1378 637 abstineretur.
1497 571 1816 637 Matr-onis
1886 572 2125 659 gratiae
2202 584 2403 649 actae,
2480 573 2805 657 honosque

715 657 990 735 additus,
1037 671 1111 722 ut
1155 680 1392 735 earum,
1443 658 1609 722 sicut
1650 659 1950 736 virorum,
1999 671 2147 745 'post
2188 672 2463 723 mortem
2510 658 2813 723 sollennia

391 752 582 801 Rursus
596 768 698 801 mo-
714 742 995 808 laudatio
1053 758 1234 809 esset.
1328 743 1416 809 Iis
1471 744 1761 831 peractis,
1813 767 1979 830 quae
2036 744 2121 809 ad
2170 746 2325 809 deos
2382 744 2807 831 pertinebant,

389 824 528 865 vetur
547 822 676 869 actio

387 884 607 931 transmi—

385 946 556 1003 grandi

389 1006 556 1059 Veios.

485 1180 588 1242 51.

387 1265 631 1314 Camillus

385 1329 648 1381 dissuadet.

713 852 1006 918 quaeque
1027 852 1144 918 per
1163 843 1452 895 senatum
1469 832 1569 917 agi
1588 844 1915 917 poterant3
1962 844 2103 895 tum
2118 830 2401 908 demum,
2424 830 2811 917 agitantibus

715 916 984 980 tribunis
1026 917 1280 1003 plebem
1319 916 1585 981 assiduis
1627 918 2056 993 concionibus,
2086 930 2179 993 ut,
2210 916 2443 981 relictis
2488 916 2715 993 ruinis,
2744 916 2809 979 in

713 1002 936 1067 urbem
977 1018 1258 1091 paratam
1303 1003 1505 1068 Veios
1546 1003 2081 1089 transmigrarent,
2120 1003 2191 1067 in
2232 1002 2635 1079 concionem,
2670 1003 2813 1066 uni·

712 1110 893 1153 verso
915 1104 1140 1155 senatu
1167 1104 1610 1177 prosequente,
1641 1090 1945 1166 escendit,
1976 1102 2169 1175 atque
2196 1089 2288 1153 ita
2308 1088 2509 1153 verba
2532 1088 2725 1153 fecit:

805 1184 826 1214 ‘
844 1176 1033 1241 Adeo
1061 1177 1220 1240 mihi
1247 1178 1511 1241 acerbae
1532 1190 1700 1253 sunt,
1726 1176 2029 1252 Quirites,
2054 1174 2497 1239 contentiones
2516 1196 2675 1239 cum
2702 1174 2813 1238 tri-

715 1260 945 1327 “bunis
983 1262 1205 1349 plebis,
1247 1276 1320 1327 ut
1358 1285 1479 1327 nec
1516 1262 1853 1327 tristissimi
1896 1260 2103 1327 exsilii
2142 1260 2436 1325 solatium
2480 1260 2665 1325 aliud
2698 1260 2811 1323 ha—

713 1356 736 1386 ‘
751 1348 1017 1426 buerim,
1049 1349 1262 1436 quoad
1293 1346 1547 1413 Ardeae
1575 1348 1728 1425 vixi,
1761 1370 1955 1435 quam
1981 1347 2159 1434 quod
2186 1346 2411 1435 procul
2436 1347 2521 1412 ab
2544 1346 2647 1411 his
2674 1370 2808 1411 cer-

713 1442 736 1473 ‘
757 1436 1096 1500 taminibus
1135 1458 1342 1499 eram:
1389 1448 1458 1499 et
1502 1436 1585 1500 ob
1626 1434 1855 1499 eadem
1882 1434 2061 1511 haec,
2102 1456 2253 1511 non,
2280 1434 2338 1497 si
2376 1454 2483 1497 me
2521 1448 2811 1499 senatus—
2836 1450 2867 1497 7

713 1529 732 1559 ‘
755 1520 1044 1586 consulto
1173 1521 1439 1609 pulique
1489 1522 1663 1585 iussu
1708 1520 2101 1597 revocaretis,
2149 1518 2471 1584 rediturus
2520 1542 2807 1607 unquam

714 1606 994 1671 ‘fiierim
1089 1544 1232 1671 &ec
1261 1630 1436 1671 nunc
1464 1629 1588 1684 me,
1620 1619 1693 1672 ut
1720 1606 2013 1683 redirem,
2046 1628 2190 1670 mea
2220 1605 2516 1670 voluntas
2544 1620 2807 1682 munta,

713 1700 734 1729 ‘
755 1693 868 1755 sed
895 1706 1104 1757 vestra
1121 1693 1374 1757 fortuna
1399 1693 1718 1780 perpulit:
1766 1693 2027 1779 quippe,
2050 1706 2127 1756 ut
2152 1692 2223 1755 in
2260 1714 2377 1757 sua
2402 1692 2558 1757 sede
2586 1712 2809 1757 mane-

711 1786 845 1841 ‘ret
873 1779 1095 1864 patria,
1128 1777 1196 1841 id
1213 1780 1547 1864 agebatur3
1592 1800 1725 1843 non
1754 1793 1828 1843 ut
1936 1800 1976 1842 o
2006 1777 2231 1864 utique
2258 1780 2327 1841 in
2432 1778 2557 1843 tria
2582 1800 2807 1843 esem.

711 1871 730 1901 ‘
755 1862 841 1927 Et
869 1886 1043 1928 nunc
1069 1864 1462 1950 quiescerem
1495 1886 1569 1929 ac
1596 1878 1874 1929 tacerem
1930 1865 2193 1941 beuter,
2218 1864 2339 1927 nisi
2478 1887 2517 1927 c
2542 1888 2811 1951 quoque

711 1956 731 1986 ‘
745 1970 862 2036 pro
891 1952 1096 2037 patria
1133 1949 1458 2015 dimicatio
1493 1964 1657 2015 esset
1678 1976 1697 2015 z
1744 1952 1850 2015 cui
1889 1950 2127 2027 deesse,
2157 1949 2374 2036 quoad
2398 1950 2535 2014 vita
2570 1972 2813 2037 suppe-

709 2042 730 2072 ‘
753 2048 864 2113 tat,
917 2036 1054 2100 aliis
1114 2049 1318 2124 turpe,
1372 2036 1650 2102 Camillo
1699 2037 1891 2103 etiam
1948 2036 2125 2100 nefas
2178 2048 2293 2100 est.
2386 2034 2575 2111 Quid
2630 2037 2815 2101 enim

709 2130 731 2159 ‘
751 2122 1157 2210 repetiimus?
1201 2123 1359 2213 quid
1373 2125 1691 2189 obsessam
1712 2144 1794 2189 ex
1818 2122 2097 2187 hostium
2116 2121 2411 2187 manibus
2432 2122 2809 2208 eripuimus

709 2216 730 2245 ‘
747 2210 800 2272 si
823 2222 1258 2297 recuperatam
1279 2210 1400 2297 ipsi
1428 2209 1826 2273 deserimus?
1869 2222 1937 2273 et
1964 2230 2185 2294 quum,
2204 2208 2550 2273 victoribus
2574 2207 2807 2285 Gallis,

709 2302 730 2331 ‘
745 2310 932 2381 capta
963 2308 1098 2363 tota
1125 2297 1301 2372 urbe,
1338 2294 1731 2382 Capitolium
1760 2308 1973 2359 tamen
2012 2308 2205 2395 atque
2234 2314 2447 2358 arcem
2482 2293 2705 2381 diique
2732 2308 2811 2360 et

709 2388 729 2418 ‘
748 2380 1038 2445 homines
1080 2382 1356 2446 Romani
1397 2382 1740 2457 tenuerint,
1771 2381 2232 2445 habitaverint:
2280 2380 2623 2447 victoribus
2664 2380 2813 2444 Ro-

707 2475 726 2505 ‘
743 2468 964 2545 manis,
996 2480 1364 2554 recuperata
1390 2468 1567 2545 urbe,
1600 2488 1712 2531 arx
1742 2488 1997 2567 quoque
2022 2478 2091 2531 et
2126 2464 2517 2552 Capitolium
2544 2466 2813 2531 desere-

707 2562 728 2590 ‘
746 2556 893 2618 tur?
952 2567 1018 2617 et
1060 2554 1203 2641 plus
1245 2553 1552 2618 vastitatis
1588 2552 1740 2616 huic
1784 2553 1926 2617 urbi
1971 2552 2249 2617 secunda
2290 2566 2505 2616 nostra
2544 2552 2815 2617 fortuna

708 2647 728 2677 ‘
749 2640 955 2717 faciet,
994 2663 1186 2727 quam
1223 2640 1484 2705 adversa
1520 2638 1717 2702 fecit?
1764 2638 2104 2725 Equidem,
2134 2638 2188 2702 si
2226 2638 2410 2702 nobis
2448 2660 2594 2701 cum
2638 2639 2809 2703 urbe

707 2733 728 2763 ‘
743 2726 931 2789 simul
988 2728 1229 2811 positae
1289 2725 1557 2791 traditae
1604 2746 1685 2787 ue
1746 2746 1860 2811 per
1910 2746 2135 2788 manus
2192 2724 2527 2810 religiones
2582 2723 2810 2791 nullae

707 2818 727 2848 ‘
747 2824 976 2886 essent,
1021 2825 1234 2876 tamen
1280 2823 1408 2877 tam
1448 2810 1551 2875 evi
1594 2832 1710 2875 ens
1750 2832 1991 2873 numen
2032 2810 2153 2874 hac
2193 2822 2567 2910 tempestate
2606 2810 2811 2875 rebus

705 2904 726 2932 ⁴
749 2896 930 2959 affuit
971 2896 1298 2973 RomaniS,
1331 2909 1403 2961 ut
1433 2918 1689 2961 omnem
1726 2919 1771 2959 n
1852 2895 2179 2982 ligentiam
2206 2896 2407 2961 divini
2444 2895 2655 2960 cultus
2682 2918 2809 2960 ex-

707 2988 728 3017 ‘
747 2994 1026 3067 emptam
1055 2982 1420 3046 hominibus
1447 2995 1690 3069 putem.
1772 2918 2133 3047 {tuemini
2162 2983 2335 3046 enim
2364 2982 2589 3045 horum
2612 2980 2809 3047 dein-

705 3074 726 3104 ‘
747 3087 897 3152 ceps
936 3088 1243 3131 annorum
1281 3067 1385 3132 vel
1423 3066 1735 3133 secundas
1776 3090 1895 3144 ree,
1936 3068 2038 3132 vel
2080 3066 2407 3132 adversas:
2456 3067 2805 3133 invenietis

703 3162 724 3191 ‘
746 3152 961 3219 omnia
1001 3176 1147 3243 pros
1232 3176 1299 3218 re
1339 3153 1621 3219 evenisse
1664 3155 2076 3239 sequentibus
2119 3154 2292 3231 deos,
2328 3154 2588 3218 adversa
2620 3175 2805 3239 sper-

705 3249 726 3279 ‘
741 3240 1057 3305 uentibus,
1169 3234 1171 3239 ¹
1319 3241 1607 3305 omnium
1636 3240 1913 3326 primum
1930 3238 2172 3305 Veiens
2198 3239 2437 3305 bellum
2460 3240 2607 3339 (per
2634 3256 2807 3325 quot

701 3335 722 3363 ⁴
745 3348 961 3403 annos,
1016 3340 1255 3415 quanto
1313 3326 1526 3391 labore
1582 3338 1833 3413 gestum
1852 3324 1909 3411 Ξ)
1966 3347 2098 3390 non
2158 3338 2306 3389 ante
2352 3337 2526 3412 cepit
2574 3324 2799 3404 finem,

703 3420 722 3450 ‘
785 3435 934 3477 uam
976 3414 1222 3478 monitu
1265 3413 1532 3477 deorum
1576 3434 1743 3497 aqua
1785 3432 1865 3475 ex
1912 3410 2057 3475 lacu
2104 3410 2359 3475 Albano
2405 3410 2631 3475 emissa
2676 3426 2797 3478 est.

702 3507 722 3537 ‘
740 3434 928 3574 (aluid
966 3501 1124 3564 haec
1162 3499 1420 3564 tandem
1463 3497 1636 3561 urbis
1673 3508 1925 3561 nostrae
1954 3496 2165 3561 clades
2200 3498 2408 3562 nova?
2450 3519 2609 3560 num
2642 3512 2799 3563 ante

701 3592 722 3621 ‘
741 3597 964 3649 exorta
993 3600 1105 3663 est,
1137 3608 1330 3673 quam
1360 3597 1569 3673 spreta
1594 3605 1721 3647 vox
1750 3582 1928 3647 coelo
1956 3583 2184 3647 emissa
2208 3582 2293 3647 de
2324 3582 2605 3647 adventu
2636 3580 2799 3647 Gal-

702 3668 945 3733 ‘lorum
967 3673 997 3735 1³
1049 3694 1242 3756 quam
1285 3671 1579 3757 gentium
1622 3670 1719 3733 ius
1766 3669 1845 3733 ab
1890 3668 2113 3755 legatis
2162 3669 2390 3733 nostris
2440 3668 2748 3732 violatum
2766 3672 2797 3733 ἲ

700 3763 720 3793 ‘
782 3776 927 3817 uam
959 3779 998 3818 a
1037 3756 1240 3831 nobis,
1273 3778 1474 3841 quum
1502 3754 1811 3819 vindicari
1839 3753 2119 3830 deberet,
2148 3754 2373 3819 eadem
2402 3752 2797 3840 negligentia

698 3850 718 3877 ‘
737 3776 1004 3903 deorum
1033 3842 1581 3926 praetermissum?
1639 3840 1845 3940 Igitur
1871 3840 2024 3903 victi
2050 3840 2349 3927 captique
2378 3862 2453 3903 ac
2474 3840 2793 3925 redempti

697 3936 716 3965 ‘
735 3938 980 3990 tantum
1004 3948 1354 4015 poenarum
1383 3926 1505 3989 diis
1532 3925 2022 4011 hominibusque
2048 3924 2359 4002 dedimuS,
2378 3937 2453 3989 ut
2481 3936 2791 3989 terrarum

695 4024 714 4053 ‘
732 4013 869 4077 orbi
899 4012 1284 4079 documento
1327 4035 1622 4079 essemus.
1717 4012 2043 4075 Adversae
2072 4010 2309 4075 deinde
2346 4034 2451 4076 res
2474 4010 2791 4077 admonu—

760 4248 784 4294 7
821 4238 934 4282 Non
959 4270 968 4281 .
996 4270 1006 4281 .
1033 4271 1044 4281 .
1071 4269 1082 4282 .
1107 4234 1381 4291 rediturus]
1419 4234 1570 4280 Certo
1593 4246 1703 4279 con·
1770 4244 2019 4291 nunquam
2056 4230 2228 4289 redire,
2258 4228 2447 4278 etiamsi
2480 4244 2563 4279 me
2596 4244 2787 4279 revoca-

690 4296 798 4343 silio
831 4298 965 4357 apud
1000 4297 1217 4345 animum
1251 4311 1416 4344 meum
1449 4295 1703 4343 statuerim
1770 4293 1896 4343 retis.
1932 4296 2094 4343 Cnssv.
