3000 4784
706 190 833 250 204
1474 180 1700 247 ΤῙΤΙ
1753 178 2026 246 LIVII

472 330 533 381 c·-
558 344 667 393 305.
709 328 729 358 ‘
751 320 1013 385 Praesto
1052 320 1175 384 erit
1212 317 1502 406 pontifex
1539 317 1872 391 maximus,
1905 314 2018 400 qui
2055 311 2316 377 comitia
2343 310 2606 375 habeat'
2689 306 2838 371 In·-

474 396 533 444 0·
556 405 667 455 ⁴⁴⁷·
706 428 865 493 gens
893 428 1181 471 assensus
1208 404 1427 471 alaerit
1543 426 1624 469 ue
1653 413 1888 467 cuncta
1915 397 2404 486 approbantium
2425 396 2562 461 fuit.
2626 393 2834 461 Con-

706 490 953 556 vellunt
980 490 1133 555 inde
1168 491 1365 576 signa,
1396 512 1514 576 pro
1539 488 1792 574 ectique
1826 486 2100 551 Romam
2135 495 2382 548 certant
2421 504 2569 546 cum
2605 480 2832 545 obviis

378 596 514 645 Trih.
547 594 687 644 Pleb.
706 576 975 663 gaudim
1052 576 1277 640 armati
1333 597 1450 661 per
1500 575 1726 638 urbem
1775 572 2028 637 silentio
2085 571 2154 634 in
2203 568 2603 633 Aventinum
2663 586 2834 652 per-

378 664 605 733 creantur
624 660 677 707 in
704 662 989 727 veniunt.
1082 660 1183 726 Ibi
1212 660 1557 746 extemplo,
1580 658 1882 745 pontifice
1913 657 2194 720 maximo
2221 652 2832 753 comitia-habente,

380 724 640 771 Aventmo.
706 748 993 811 tribunos
1064 746 1221 811 lebis
1260 759 1655 820 creaverunt,
1687 744 1974 808 omnium
2007 743 2285 829 primum
2315 740 2399 803 A.
2421 738 2832 824 Virgimum,
2853 760 2890 808 3

704 832 859 897 inde
904 832 983 896 L.
1052 831 1291 908 cilium,
1337 843 1405 896 et
1445 831 1520 895 P.
1557 828 1995 894 Numitorium
2039 826 2426 892 avunculum
2453 824 2832 910 virginiae,

706 931 997 982 auctores
1038 916 1423 982 secessionis.
1517 916 1690 980 Tum
1739 913 1817 979 C.
1855 913 2186 991 Sicinium,
2223 936 2277 1013 p
2431 910 2610 974 niem
2653 910 2829 984 eiua,

707 1025 905 1089 quem
948 1002 1225 1090 primum
1274 1002 1602 1066 tribunum
1644 999 1848 1087 plebis
1891 1013 2176 1063 creatum
2219 1020 2290 1062 m
2451 1018 2524 1071 ro
2567 1006 2826 1070 monte,

706 1088 1031 1188 proditum
1078 1088 1417 1153 memoriae
1447 1100 1602 1165 =est3
1659 1098 1728 1151 et
1773 1084 1870 1150 M.
1905 1084 2221 1162 Duilium‚
2253 1083 2368 1172 qui
2413 1082 2830 1147 tribunatum

812 1174 826 1187 ⁶
920 1196 1025 1239 em
1062 1187 1213 1239 ante
1251 1174 1648 1239 decemviros
1685 1185 1930 1237 creatos
1967 1183 2261 1258 gesserat,
2293 1192 2414 1234 nec
2451 1168 2525 1231 in
2553 1167 2818 1231 decem·

706 1197 1006 1326 ffius
1048 1260 1497 1325 certaminibus
1584 1258 1711 1323 lebi
1751 1257 2055 1323 defuerat.
2151 1255 2278 1343 Spe
2314 1254 2552 1319 deinde
2589 1252 2826 1339 magia,

709 1369 904 1434 quam
933 1346 1191 1424 meritis,
1222 1345 1432 1424 electi,
1589 1344 1889 1422 Titinius,
1920 1341 2017 1407 M.
2043 1340 2458 1428 Pomponius,
2491 1336 2573 1404 C.
2597 1341 2670 1403 A
2715 1360 2827 1402 ro-

709 1433 875 1513 nius,
924 1432 999 1498 P.
1022 1432 1277 1511 Villius,
1331 1429 1409 1499 O.
1440 1430 1709 1531 Oppius.
1819 1429 2184 1496 Tribunatu
2239 1426 2418 1505 inito,
2477 1424 2557 1491 L.
2591 1422 2694 1489 Ic1
2722 1425 2827 1488 ’us

710 1517 1035 1615 extemplo
1106 1517 1317 1583 lehem
1345 1530 1608 1616 rogant,
1639 1530 1706 1581 et
1727 1514 1908 1603 plebs
1935 1514 2136 1593 scivit,
2161 1536 2244 1578 ne
2274 1512 2380 1579 cui
2406 1509 2616 1575 fraudi
2647 1522 2826 1610 esset

710 1624 979 1667 secessio
1036 1625 1077 1667 a
1168 1601 1542 1668 decemmis
1599 1602 1782 1666 facta.
1894 1599 2250 1666 Confestim
2301 1597 2384 1662 de
2443 1596 2824 1663 consulibus

710 1686 1003 1753 creandis
1030 1708 1180 1751 cum
1216 1688 1664 1773 provocatione
1695 1684 1792 1753 M.
1816 1685 2075 1751 Duilius
2255 1683 2497 1747 tionem
2526 1682 2816 1769 pertulit.
2839 1702 2878 1745 4

712 1771 811 1837 Ea
855 1772 1071 1837 omnia
1114 1772 1184 1836 111
1280 1772 1428 1836 ratis
1471 1771 1800 1837 Flaminiis
1843 1706 2364 1857 conciliomfflbis
2407 1780 2570 1845 acta,
2615 1790 2820 1855 quem

710 1879 885 1923 nunc
914 1858 1153 1921 circum
1183 1856 1237 1923 F
1260 1858 1569 1922 aminium
1599 1856 1938 1944 appellant.
2839 1862 2874 1911 ⁵

490 1946 595 2007 55.
798 1942 925 2008 Per
962 1943 1346 2043 interregem
1384 1943 1622 2008 deinde
1667 1943 1958 2009 consules
2003 1941 2219 2019 creati,
2263 1940 2338 2005 L.
2363 1938 2682 2017 Valerius»,
2715 1938 2816 2005 M.

384 2028 455 2078 U·
477 2029 537 2078 G·
564 2027 673 2091 30⁶·
714 2026 1061 2107 Horatius3
1107 2050 1221 2115 qu1
1250 2028 1575 2115 extemplo
1603 2028 2038 2115 magistratum
2067 2026 2487 2115 occeperunt}
2535 2048 2820 2113 quorum

384 2094 445 2204 ff
461 2090 674 2204 5412ss
711 2114 1075 2179 consulatus
1218 2114 1454 2201 pularis
1505 2115 1642 2179 sine
1694 2114 1828 2177 ulla
1875 2114 2140 2179 Patrum
2193 2113 2444 2190 iniuria,
2496 2134 2621 2176 nec
2675 2114 2820 2177 sine

386 2219 473 2267 M
484 2190 695 2268 Horati&
708 2202 1062 2265 offensione
1178 2202 1267 2264 it:
1317 2201 1467 2287 quic
1513 2200 1626 2264 uid
1669 2200 1844 2265 enim
1888 2200 2165 2265 libertati
2209 2198 2414 2286 plebis
2457 2211 2817 2275 caveretur,

384 2282 523 2331 0⁰⁸⁶·
561 2343 581 2393 ¹
710 2286 781 2351 id
836 2288 967 2350 suis
1022 2286 1336 2350 decedere
1396 2309 1506 2372 opi
1549 2307 1626 2349 us
1682 2285 2044 2350 credebant.
2139 2284 2450 2351 Omnium
2507 2282 2816 2370 primum,

385 2344 615 2457 lag-:mn
758 2394 913 2435 uum
939 2370 1141 2435 veluti
1170 2372 1239 2436 in
1268 2385 1673 2437 controverso
1707 2372 1845 2436 iure
1887 2384 2072 2449 esset,
2105 2383 2557 2435 tenerenturne
2589 2368 2818 2435 Patres
2833 2421 2868 2473 6

380 2424 557 2533 ffibis.
710 2395 1073 2544 glebiscitis,
1126 2457 1336 2544 legem
1385 2458 1758 2523 centuriatis
1808 2456 2082 2521 comitiis
2132 2455 2355 2535 tulere,
2420 2464 2440 2493 ‘
2465 2454 2581 2531 Ut,
2633 2456 2818 2542 quod
2837 2500 2866 2547 7

714 2552 735 2583 ‘
756 2543 1043 2609 tributim
1071 2542 1290 2631 plebes
1317 2543 1616 2620 iussisset,
1647 2541 1958 2630 populum
1994 2554 2240 2607 teneret
2253 2542 2296 2605 ε’
2339 2563 2468 2628 qua
2508 2540 2654 2627 lege
2703 2543 2818 2605 tri-

711 2629 982 2694 buniciis
1010 2629 1442 2715 rogationibus
1480 2627 1681 2693 telum
1721 2628 2100 2692 acerrimum
2128 2626 2352 2691 datum
2388 2639 2503 2691 est.
2597 2626 2816 2691 Aliam

711 2714 947 2778 deinde
996 2714 1393 2778 consularem
1436 2714 1645 2801 legem
1689 2713 1772 2778 de
1813 2713 2280 2800 provocatione,
2319 2713 2582 2777 unicum
2627 2712 2818 2798 prae‘-

710 2799 943 2863 sidium
972 2798 1299 2875 libertatis,
1334 2798 1744 2863 decemvirali
1781 2811 2095 2885 potestate
2137 2820 2437 2875 eversam,
2471 2820 2602 2863 non
2630 2798 2818 2863 resti-

714 2897 905 2975 tuunt
948 2882 1159 2961 mod0‚
1204 2883 1317 2947 sed
1362 2884 1556 2949 etiam
1607 2884 1678 2948 in
1727 2897 2052 2972 posterum
2101 2884 2420 2961 muniunt,
2467 2883 2817 2961 sanciendo

376 330 449 443 H:

780 3091 807 3138 3
837 3079 904 3126 A.
938 3076 1239 3137 Virqim'um]
1278 3075 1361 3123 Ita
1394 3075 1602 3138 codices,
1637 3078 1723 3125 sed
1789 3080 1874 3127 sed
1899 3078 2067 3127 Livius
2099 3077 2290 3127 incuria
2310 3078 2524 3140 quadam
2556 3077 2648 3125 has
2681 3078 2818 3141 leges

714 3139 938 3202 Sigonius
988 3138 1199 3188 coniecit
1240 3140 1443 3200 Lucius,
1483 3140 1616 3201 quod
1669 3140 1723 3189 111
1789 3156 1888 3189 11110
1915 3142 2186 3202 eodemque
2220 3147 2389 3189 tenore
2421 3140 2610 3189 recitat.
2679 3142 2814 3205 Lege

711 3209 903 3252 textum
925 3219 978 3251 re
1014 3202 1141 3251 osuit
1168 3202 1381 3252 Bekker.
1404 3202 1465 3251 cf.
1488 3218 1620 3267 supr.
1648 3222 1725 3266 4⁴-
1802 3206 1998 3254 Valeria
2029 3204 2272 3253 sancitum
2306 3210 2398 3265 est,
2421 3211 2476 3253 ue
2507 3205 2637 3269 quod
2659 3208 2814 3255 tribu-

717 3268 914 3316 Patrem
1006 3266 1211 3329 ‘irginiae
1258 3266 1390 3315 hunc
1436 3266 1584 3315 fuisse
1627 3282 1726 3316 non
1792 3270 1878 3315 tim
1894 3270 2059 3331 plebes
2079 3270 2313 3327 iussisset,
2331 3270 2375 3317 εἰ
2391 3274 2562 3330 patres
2583 3270 2816 3319 undatim

714 3332 915 3379 obscure
936 3328 1122 3379 indicat
1146 3329 1315 3379 Livius
1334 3329 1443 3379 infr.
1470 3332 1548 3391 58.
1789 3339 2014 3381 auctores
2022 3333 2226 3393 fierent,
2247 3332 2327 3381 lea
2345 3338 2486 3391 esset,
2507 3338 2656 3380 autea
2675 3334 2810 3382 enim

780 3412 811 3453 4
842 3394 1181 3453 Rogationem]
1224 3394 1375 3455 Apud
1408 3392 1610 3442 comitia
1643 3393 1725 3441 tri-
1789 3394 2050 3455 plebiscita
2103 3394 2300 3456 plebem
2353 3396 2510 3444 solam
2560 3398 2812 3445 tenebant.

714 3458 835 3503 buta
888 3456 951 3503 ud
1003 3456 1415 3517 comprobandam
1472 3458 1728 3505 consulum
1792 3458 2019 3506 Publilia
2047 3464 2214 3507 autem
2241 3458 2350 3520 lege
2389 3459 2450 3507 cf.
2473 3458 2582 3508 infr.
2607 3458 2706 3507 viii.
2737 3475 2812 3519 12,

716 3518 1011 3567 creationem
1032 3534 1065 3567 a
1085 3519 1314 3567 centuriis
1334 3519 1571 3568 habitam.
1793 3520 1995 3569 comitia
2023 3521 2211 3570 curiata
2241 3495 2522 3583 posthabita
2541 3527 2673 3579 sunt,
2695 3539 2812 3584 quo-

782 3596 809 3643 5
845 3585 1041 3631 Circum
1096 3584 1421 3643 Flaminium]
1475 3582 1650 3633 Circus
1697 3598 1731 3631 a
1793 3583 1929 3634 niam
1965 3586 2232 3633 auotoritas
2263 3592 2464 3635 senatus
2493 3585 2628 3634 idem
2661 3592 2812 3647 atque

715 3645 961 3695 Flaminio
980 3661 1175 3695 censore
1192 3652 1467 3695 exstructus
1486 3661 1600 3695 ann.
1622 3658 1730 3709 533.
1795 3649 2062 3696 auctoritas
2106 3656 2310 3709 patrum
2351 3650 2455 3697 sive
2495 3650 2577 3698 lea·
2615 3651 2812 3697 curiata

720 3710 786 3758 U.
804 3710 862 3758 C.
887 3710 948 3757 cf.
968 3708 1078 3758 Liv.
1103 3708 1239 3770 Epit.
1262 3724 1345 3758 xx.
1795 3724 1858 3759 ex
1892 3710 1982 3758 illo
2017 3715 2239 3772 tempore
2270 3711 2478 3759 valebat.
2543 3712 2812 3760 Hortensia

786 3770 818 3821 6
858 3772 1159 3830 Plebi-reicis]
1238 3771 1309 3820 Iis
1361 3772 1565 3834 legibus,
1613 3786 1734 3833 quas
1797 3786 1930 3831 vero,
1951 3774 2012 3822 cf.
2039 3773 2169 3822 Plin.
2194 3774 2265 3824 H.
2290 3774 2358 3823 N.
2383 3774 2480 3823 xvi.
2505 3787 2581 3837 15,
2601 3778 2809 3824 auctora·-

717 3836 873 3897 plebs,
895 3834 1089 3897 plebeio
1110 3833 1397 3909 magistratu
1416 3840 1634 3897 rogante,
1650 3834 1732 3883 tri·
1797 3842 1874 3885 tas
1893 3844 2093 3886 senatus
2114 3836 2273 3885 omnis
2299 3838 2495 3886 sublata
2516 3844 2607 3897 est,
2627 3838 2810 3901 quippe

716 3898 847 3947 butis
868 3897 1079 3947 comitiis
1099 3896 1329 3947 iussisset.
1363 3898 1526 3949 Cluw.
1797 3899 2078 3973 priusquam
2107 3900 2264 3949 tribus
2294 3900 2522 3975 suffragia
2545 3901 2739 3960 inirent,
2759 3902 2808 3951 111

786 3974 812 4023 7
846 3964 1046 4023 Leyem]
1084 3963 1221 4011 Cave
1246 3962 1375 4011 hanc
1403 3963 1562 4025 legem
1596 3963 1730 4011 Vale.—
1795 3968 2034 4012 incertum
2067 3971 2298 4012 eventum
2336 3964 2642 4015 comitiorum
2675 3980 2808 4014 sena-

716 4028 843 4075 rium
862 4040 973 4073 cum
988 4027 1212 4074 Publilia
1228 4041 1342 4075 ann.
1361 4024 1470 4086 416.
1492 4026 1560 4075 U.
1577 4026 1636 4074 C.
1653 4026 1731 4073 vel
1796 4032 1876 4074 tus
1887 4032 2057 4075 auctor
2069 4027 2232 4075 fiebat.
2255 4026 2318 4081 ef.
2337 4026 2445 4080 Liv.
2459 4027 2492 4076 i.
2507 4043 2527 4077 1
2539 4040 2578 4090 7.
2604 4027 2807 4077 Niebhs.

714 4091 983 4139 Hortensia
998 4088 1237 4151 anm-465.
1256 4089 1392 4138 U.C.
1408 4089 1506 4136 vim
1525 4090 1732 4137 eandem
1795 4088 1847 4137 ii.
1885 4105 1930 4150 p.
1969 4088 2076 4151 365.
2113 4090 2458 4141 Waehmnuth.
2493 4106 2544 4153 p.
2580 4090 2688 4153 365.
2725 4094 2809 4141 aad

716 4153 942 4201 habuisse
959 4152 1140 4199 credas.
1188 4152 1343 4199 Haud
1364 4152 1463 4199 scio
1485 4167 1548 4199 an
1568 4154 1732 4210 verba,
1797 4152 2114 4211 Niebuhrius,
2153 4156 2280 4217 quod
2320 4156 2459 4217 plebs
2493 4156 2726 4213 seinis-soe,
2761 4162 2810 4207 et

716 4224 775 4267 ut
790 4216 1146 4277 quodtributim
1158 4216 1320 4273 plebes
1334 4216 1567 4272 iunxisset,
1576 4230 1730 4277 popu·
1795 4218 1923 4278 quod
1959 4218 2176 4277 populus
2220 4220 2453 4277 §meta-ct,
2497 4217 2677 4269 rectius
2715 4219 2806 4271 dici

716 4280 820 4325 lum
842 4284 1043 4336 tenera,
1066 4276 1360 4324 Hortensiae
1392 4277 1588 4338 propria
1620 4278 1732 4337 sint,
1799 4278 2062 4328 existimat.
