3000 4784
736 250 863 311 352
1498 245 1726 312 ΤΙΤΙ
1767 244 2056 313 LIVII

416 391 484 441 U.
507 390 566 440 c.
592 389 702 451 366.
741 392 954 445 entes:
1018 381 1369 445 exercitum
1416 403 1637 447 eorum
1683 382 1769 447 ad
1817 381 2007 447 Bolas
2057 378 2404 468 oppressit3
2471 400 2603 442 nec
2651 388 2852 441 eastra
2934 456 2935 459 Ἴ

412 456 476 505 Α·
508 456 567 505 ⁰·
594 453 707 515 ³⁸⁶·
741 465 953 543 modu,
983 466 1097 531 sed
1126 468 1347 532 urbem
1376 468 1570 532 etiam
1601 490 1948 555 aggressus,
1976 469 2224 553 impetu
2251 465 2465 552 primo
2495 487 2576 528 ce
2625 464 2698 527 it.

541 554 600 612 3.
834 552 1055 628 Quum
1084 554 1155 617 in
1196 576 1275 617 ea
1300 566 1498 641 parte,
1531 554 1600 617 in
1629 578 1758 642 qua
1785 566 1979 641 caput
2019 552 2113 617 rei
2145 552 2486 617 Romanae
2599 549 2852 614 amillus
2934 598 2935 601 η

740 654 895 715 erat,
956 662 1034 704 ea
1088 639 1341 705 fortuna
1406 653 1590 717 esset,
1649 639 1840 705 aliam
1898 640 1968 703 in
2035 650 2278 725 partem
2339 649 2548 701 terror
2625 637 2850 723 ingens

414 732 633 807 Sutrium
656 748 687 781 α
740 725 1081 811 ingruerat.
1173 722 1431 791 Etruria
1478 748 1596 826 pro
1729 726 1936 791 omnis
1993 737 2231 789 armata
2279 722 2600 798 Sutrium,
2651 722 2885 787 socioss

412 796 595 909 ἓξὲξ
610 798 694 845 ⁰¹³*
740 810 959 897 populi
1021 812 1317 887 Romani,
1358 812 1587 876 obslde
1631 826 1732 877 at:
1796 834 2072 899 quorum
2127 809 2340 896 legati,
2399 830 2604 896 opem
2664 809 2850 871 rebus

598 896 612 909 ”
739 896 981 968 affectis
999 910 1267 974 orantes,
1286 920 1490 984 quum
1519 912 1808 963 senatum
1838 898 2135 973 adissent,
2158 896 2492 961 decretum
2523 894 2768 972 tulere,
2783 908 2850 956 ut
2934 940 2935 955 2

740 982 1008 1047 dictator
1052 982 1259 1070 primo
1305 1006 1561 1070 quoque
1609 996 1894 1083 tempore
1942 982 2250 1047 auxilium
2299 980 2586 1046 Sutrinis
2635 981 2848 1044 ferret.
2934 1002 2935 1023 ¹

744 1068 949 1137 Cuius
978 1069 1114 1155 spei
1136 1090 1377 1133 moram
1406 1091 1608 1155 quum
1628 1084 1763 1156 pan
1791 1069 2046 1133 fortuna
2072 1068 2464 1133 obsessorum
2487 1088 2635 1129 non
2665 1080 2850 1153 potu-

672 1224 680 1240 ·
740 1155 909 1231 isset,
969 1155 1383 1242 confectaque
1432 1156 1719 1241 paucitas
1775 1154 2258 1241 oppidanorum,
2315 1174 2534 1239 opere,
2589 1152 2849 1239 vigiliis.

740 1240 1125 1317 vulneribus,
1158 1263 1321 1326 quae
1360 1262 1612 1327 semper
1649 1240 1906 1305 eosdem
1950 1241 2280 1325 ulgebant,
2319 1260 2436 1325 per
2475 1238 2848 1336 pactionem

742 1328 897 1392 urbe
942 1326 1229 1391 hostibus
1276 1326 1524 1402 tradita,
1568 1326 1844 1391 inermes
1885 1348 2032 1390 cum
2075 1324 2338 1411 singulis
2383 1324 2612 1387 emissi
2659 1325 2852 1389 vesti-

743 1413 995 1490 mentiS,
1045 1412 1384 1477 miserabili
1423 1412 1677 1499 agmine
1720 1426 1982 1499 penates
2015 1410 2490 1497 relinquerent3
2552 1432 2644 1473 eo
2691 1410 2848 1474 forte

744 1511 1029 1586 tempore
1064 1496 1373 1563 Camillus
1402 1520 1552 1562 cum
1593 1498 1876 1563 exercitu
1915 1497 2212 1563 Romano
2251 1496 2623 1560 intervenit.
2725 1494 2850 1560 Cui
2934 1532 2935 1559 ;

742 1606 945 1672 quum
973 1606 1039 1649 se
1070 1597 1308 1649 maesta
1336 1585 1522 1649 turba
1549 1584 1632 1649 ad
1661 1583 1858 1671 pedes
1882 1582 2312 1670 provolvisset,
2342 1582 2848 1668 principumque
2934 1596 2935 1663 1

744 1671 1113 1747 orationem,
1136 1671 1509 1735 necessitate
1539 1670 1764 1735 ultima
1779 1691 2158 1757 expressam,
2187 1668 2374 1733 fletus
2390 1667 2754 1733 mulierum
2781 1690 2850 1731 ac

744 1778 1105 1842 puerorum,
1126 1756 1238 1855 qui
1271 1756 1477 1821 exsilii
1508 1757 1772 1822 comites
1800 1756 2230 1832 trahebantur,
2254 1753 2662 1840 excepisset3
2709 1778 2850 1841 par-
2934 1802 2935 1835 ;

744 1863 887 1905 cere
916 1840 1209 1905 lamentis
1240 1840 1530 1907 Sutrinos
1561 1843 1765 1907 iussit:
1817 1841 2100 1907 Etruscis
2134 1862 2201 1905 se
2235 1840 2478 1905 luctum
2523 1839 2855 1905 lacrimas-
2934 1846 2935 1853 ’

746 1949 873 2013 que
896 1925 1076 1990 ferre.
1144 1926 1432 1991 Sarcinas
1461 1927 1614 1993 inde
1636 1928 1896 2015 deponi,
1921 1926 2139 1993 Sutrin
2254 1949 2336 1990 ue
2364 1925 2454 1989 ibi
2485 1926 2848 2001 considere,
2934 1978 2935 1987 ,

746 2012 999 2077 modico
1090 2012 1357 2077 raesidio
1388 2014 1632 2091 relict0,
1663 2036 1838 2077 arma
1880 2036 2094 2079 secum
2136 2012 2226 2077 mi
2251 2012 2404 2076 ‘tem
2431 2011 2602 2076 ferre
2651 2014 2848 2077 iubet.
2934 2012 2935 2067 ἶ

746 2098 848 2164 Ita
866 2120 950 2163 ex
1080 2099 1169 2164 ‘to
1190 2100 1479 2164 exercitu
1499 2100 1818 2187 profectus
1839 2099 1922 2164 ad
1949 2098 2252 2175 Sutrium,
2277 2097 2348 2161 id
2367 2097 2551 2184 quod
2567 2099 2850 2173 rebatur,

744 2185 949 2253 soluta
964 2185 1196 2263 omnia,
1215 2186 1405 2251 rebus
1419 2199 1494 2251 ut
1511 2186 1586 2251 fit
1600 2184 1914 2262 secundis,
1932 2186 2202 2253 invenit:
2242 2182 2486 2248 nullam
2503 2185 2850 2249 statione-m
2934 2224 2935 2227 =

744 2284 891 2337 ante
928 2272 1199 2349 moenia,
1230 2284 1520 2358 patentes
1559 2278 1792 2360 portas,
1821 2272 2124 2339 victorem
2151 2292 2380 2361 vagum
2420 2270 2738 2356 praedam
2771 2292 2850 2335 ex
2934 2266 2935 2279 ¹

746 2357 1025 2423 hostium
1044 2358 1228 2422 tectis
1248 2371 1634 2443 egerentem.
1711 2357 1954 2423 Iterum
1970 2358 2166 2444 igitur
2180 2355 2408 2421 eodem
2425 2355 2536 2420 die
2559 2354 2850 2421 Sutrium

746 2443 1026 2530 capiturz
1074 2443 1342 2509 victores
1373 2442 1629 2509 Etrusci
1649 2444 1880 2531 passim
1909 2443 2311 2507 trucidantur
2337 2441 2419 2507 ab
2447 2464 2624 2507 novo
2645 2443 2846 2519 hoste,
2934 2458 2935 2471 ¹

746 2552 961 2629 neque
1018 2553 1085 2613 se
1144 2528 1588 2616 conglobandi,
1635 2528 2040 2616 coeundique
2097 2530 2164 2593 in
2223 2550 2444 2605 unum,
2507 2542 2626 2593 aut
2679 2552 2848 2593 arma
2934 2582 2935 2595 ,

747 2639 823 2680 ca
866 2616 1041 2681 iendi
1072 2616 1259 2681 datur
1292 2617 1584 2703 spatium.
1682 2615 1903 2691 Quum
1932 2638 2049 2702 pro
2087 2638 2154 2681 se
2183 2614 2456 2702 quisque
2503 2615 2846 2681 tenderent
2934 2646 2935 2677 ;

747 2638 867 2767 adp
872 2716 1105 2788 portas,
1135 2702 1188 2766 si
1232 2724 1360 2788 qua
1385 2702 1548 2767 forte
1577 2724 1644 2765 se
1689 2702 1758 2765 in
1801 2724 1984 2787 agros
2023 2702 2250 2767 eiicere
2295 2713 2576 2787 pooeent,
2607 2701 2846 2766 claum
2934 2722 2935 2737 ¹

746 2787 848 2871 (id
890 2788 1064 2852 enim
1106 2788 1383 2875 primum
1428 2788 1700 2854 dictator
1741 2788 2188 2875 imperaverat)
2229 2799 2444 2874 portas
2485 2787 2844 2853 inveniunt.

748 2872 913 2937 Inde
960 2873 1069 2939 alii
1110 2895 1284 2937 arma
1330 2896 1578 2960 capere,
1625 2873 1751 2951 alii,
1799 2896 1962 2961 quos
2004 2872 2164 2939 forte
2213 2886 2486 2947 armatos
2539 2874 2846 2939 tumultus

748 2973 1187 3045 occupaverat,
1232 2982 1578 3025 convocare
1629 2982 1794 3036 suos,
1843 2973 1917 3024 ut
1965 2960 2275 3047 proelium
2327 2958 2612 3025 inirent:
2679 2958 2844 3047 quod

749 3065 1087 3109 accensum
1128 3044 1209 3108 ab
1252 3044 1695 3131 desperatione
1739 3046 2017 3111 hostium
2060 3046 2316 3121 finissem
2364 3045 2435 3108 ni
2477 3068 2842 3145 praecones,

748 3152 865 3217 per
891 3131 1115 3197 urbem
1132 3129 1392 3207 dimissi,
1417 3133 1572 3219 poni
1601 3154 1792 3210 arma,
1811 3144 1878 3197 et
2055 3133 2078 3195 i
2101 3132 2330 3197 inermi
2357 3131 2718 3211 iusslaeent,
2737 3154 2840 3197 nec

748 3232 1000 3305 praeter
1044 3231 1315 3283 armatos
1365 3240 1751 3319 quemquam
1801 3218 1908 3282 vio
2004 3219 2039 3282 '.
2131 3218 2305 3283 Tum
2350 3218 2571 3295 etiam,
2621 3220 2840 3306 quibus

658 3374 675 3387 ,
750 3305 946 3369 animi
964 3304 1033 3369 in
1062 3326 1171 3391 spe
1204 3304 1427 3385 ultima
1454 3304 1753 3369 obsunati
1782 3303 1864 3368 ad
1891 3303 2347 3369 decertandum
2367 3302 2653 3383 fuerant,
2683 3314 2874 3393 post-6

749 3412 945 3477 quam
972 3390 1122 3455 data
1148 3414 1179 3455 s
1320 3391 1485 3455 vitae
1527 3405 1642 3468 est,
1673 3392 1902 3455 iactare
1930 3390 2157 3477 passim
2197 3412 2390 3466 arma,
2419 3389 2634 3455 inerm
2754 3414 2836 3466 ue,

748 3477 925 3564 quod
954 3478 1153 3541 tutius
1206 3490 1434 3542 ortuna
1459 3477 1714 3554 fecerat,
1734 3500 1802 3541 se
1829 3476 1994 3541 hosti
2024 3476 2264 3540 offerre.
2358 3474 2614 3562 Magna
2635 3414 2838 3543 331st

748 3563 907 3628 tudo
950 3564 1017 3628 in
1046 3563 1364 3630 custodias
1407 3563 1643 3627 divisaz
1693 3562 1999 3650 oppidum
2047 3574 2194 3627 ante
2235 3575 2492 3626 noctem
2523 3562 2836 3629 redditum

750 3647 1027 3713 Sutrinis
1062 3650 1434 3715 inviolatum
1464 3651 1910 3737 integrumque
1941 3649 2020 3713 ab
2064 3648 2240 3713 omni
2270 3647 2451 3713 clade
2491 3648 2676 3727 belli,
2707 3650 2840 3737 quin

749 3753 881 3795 non
946 3735 1010 3800 vi
1079 3750 1356 3822 captum,
1418 3736 1532 3801 sed
1601 3734 1902 3800 traditum
1971 3757 2086 3835 per
2153 3734 2560 3799 conditiones
2629 3736 2838 3801 fiacr-at.

423 3820 735 3962 Triussbhat·
756 3815 1065 3883 Camillus
1092 3820 1161 3883 in
1190 3822 1411 3887 urbem
1442 3822 1839 3909 triumphans
1866 3821 2072 3898 rediit,
2097 3822 2288 3885 trium
2317 3819 2510 3885 simul
2541 3820 2842 3887 bellorum

828 4042 855 4093 5
888 4031 1136 4091 Satrium]
1208 4031 1311 4080 Res
1345 4034 1505 4082 eodem
1540 4034 1657 4092 sere
1699 4040 1763 4083 te·
1828 4046 1966 4080 mum
2002 4046 2156 4093 usque
2189 4034 2513 4081 certandum:
2551 4036 2730 4083 eodem
2757 4036 2842 4084 fise

754 4110 873 4144 noro
912 4101 1077 4157 gestae
1112 4094 1319 4143 totidem
1355 4096 1512 4144 verbis
1546 4112 1626 4171 an.
1655 4095 1765 4207 33²9.
1828 4096 1976 4144 modo
1991 4098 2277 4157 depuymre
2297 4096 2360 4144 de
2375 4097 2755 4171 gladiatoribus,
2771 4100 2840 4161 qni

752 4158 1767 4283 fflzssfflffitfiw‘offlffiess
1830 4174 1984 4271 3222?
2009 4160 2278 4286 2:³23?ssss
2302 4160 2842 4287 Ἒῖῖῗὲῗᾚ

754 4298 875 4393 emg-
888 4314 1276 4409 Decet-tandum}
1324 4349 1374 4397 h.
1408 4364 1451 4399 e.
1488 4351 1568 4399 Ad
1606 4354 1764 4398 extre·
1831 4286 2006 4337 Dux·
