3000 4784
729 201 849 265 166
1502 192 1727 265 ΤῙΤῙ
1785 188 2059 262 LIVII

400 333 469 383 U.
492 333 549 383 0·
576 348 686 399 ²94·
727 334 997 399 tolinum
1044 332 1299 434 erigunt
1343 332 1562 398 aciem.
1654 331 2054 418 Adiungitur
2099 340 2168 394 et
2213 325 2584 393 Tusculana
2629 324 2826 413 legio.
2936 346 2937 395 1

398 398 460 447 A.
494 398 553 447 c·
575 400 689 460 4⁵⁸·
732 420 996 485 Certare
1036 420 1189 483 socii
1234 420 1551 505 civesque,
1592 418 1720 482 utri
1754 440 1906 482 recu
1987 428 2160 480 ratae
2199 414 2360 479 arcis
2397 435 2589 477 suum
2627 412 2830 476 decus
2936 446 2937 451 κ

726 506 1023 570 facerent.
1118 505 1278 569 Dux
1316 516 1586 590 uterque
1627 524 1772 568 suos
1812 503 1896 567 ad
1942 515 2198 566 ortatur.
2291 498 2648 587 Trepidam
2687 510 2826 561 tum

728 591 973 657 hostes:
1020 610 1141 655 nec
1164 590 1279 654 ulli
1306 590 1455 654 satis
1483 590 1597 668 rei,
1674 602 2070 674 raeterquam
2098 587 2259 663 loco,
2283 584 2499 649 fidere.
2595 583 2830 669 Trepi-

729 676 1029 741 dantibus
1071 677 1353 740 inferunt
1394 676 1576 762 signa
1686 674 1900 740 omani
1939 672 2092 737 socii
2141 695 2240 737 ue.
2331 670 2472 734 Iam
2516 670 2590 733 in
2633 671 2832 733 vesti-

403 772 645 848 Valerius·
728 762 951 827 bulum
994 775 1412 849 perruperant
1461 760 1703 847 templi,
1749 782 1950 846 quum
1995 758 2071 822 P.
2095 696 2435 833 &alerius
2479 756 2655 819 inter
2700 756 2831 842 pri—

404 838 518 911 C.⁰⁸·
542 852 667 885 ⁰⁰⁸¹·
729 868 937 912 mores
963 870 1246 934 pugnam
1266 848 1459 923 ciens,
1483 846 1879 910 interficitur.
1970 844 2042 907 P.
2071 842 2454 907 Volumnius
2476 840 2831 906 consularis
2936 872 2937 919 3

728 934 891 998 vidit
910 934 1261 998 cadentem.
1352 932 1437 1009 Is,
1462 932 1612 997 dato
1633 932 1892 1017 negotio
1919 929 2066 1007 wie,
2087 942 2160 993 ut
2181 952 2257 994 co
2335 951 2410 993 us
2427 928 2830 1014 obtegerent,
2936 984 2937 1017 ᾖ

730 1020 863 1107 ipse
894 1020 961 1083 in
992 1020 1203 1083 locum
1222 1020 1556 1105 vicemque
1587 1017 1861 1081 consulis
1876 1015 2178 1103 provolat.
2328 1036 2434 1077 rae
2453 1012 2684 1077 ardore
2709 1014 2832 1077 im-
2936 1018 2937 1037 ³

728 1118 1013 1193 petuque
1046 1118 1257 1169 tantae
1299 1106 1392 1169 rei
1432 1126 1651 1168 sensus
1679 1126 1810 1167 non
1851 1102 2142 1189 pervenit
2177 1100 2258 1165 ad
2295 1099 2564 1164 militem
2582 1124 2601 1162 z
2653 1098 2832 1186 prius
2936 1104 2937 1151 ἲ

730 1192 901 1269 vicit,
933 1214 1127 1279 quam
1156 1214 1221 1256 se
1252 1212 1534 1278 pugnare
1563 1190 1700 1254 sine
1739 1189 1903 1253 duce
1931 1188 2209 1251 sentiret.
2301 1185 2500 1250 Multi
2529 1186 2830 1249 exsulum
2847 1212 2870 1259 5

732 1278 925 1343 caede
956 1301 1069 1342 sua
1095 1278 1425 1342 foedavere
1450 1288 1580 1341 tem
1625 1276 1786 1352 lum3
1833 1273 2016 1339 multi
2043 1274 2171 1337 vivi
2201 1272 2399 1359 capti3
2449 1270 2832 1336 Herdonius
2936 1272 2937 1287 ³

413 1378 633 1439 Recupe-
730 1364 1114 1429 interfectus.
1206 1363 1308 1428 Ita
1339 1363 1574 1449 Capito
1597 1384 1731 1425 ium
1761 1371 2220 1446 recuperatum.
2310 1358 2416 1423 De
2447 1358 2740 1443 captivis,
2761 1370 2832 1421 ut
2936 1370 2937 1445 ζ

404 1446 544 1516 1·ἓωῖ
558 1443 653 1491 0⁸·
732 1452 1001 1538 quisque
1060 1451 1221 1515 liber
1276 1462 1389 1514 aut
1444 1470 1661 1513 servus
1707 1460 1890 1523 esset,
1939 1468 2088 1510 suae
2133 1446 2422 1510 fortunae
2473 1467 2516 1507 a
2561 1462 2870 1530 quoque6
2935 1446 2937 1485 ³

403 1520 438 1566 P
438 1507 649 1555 nohum.
730 1550 1055 1622 sumptum
1084 1534 1465 1622 supplicium
1494 1546 1606 1598 est.
1685 1530 2064 1598 Tusculanis
2207 1532 2329 1595 tiae
2359 1542 2573 1595 actae:
2631 1528 2832 1616 Capi·
2936 1604 2937 1617 χ

731 1620 957 1685 tolium
1007 1644 1052 1707 p
1208 1632 1344 1684 tum
1396 1632 1588 1705 atque
1644 1620 1994 1684 lustratum.
2087 1553 2206 1681 ff
2224 1616 2500 1682 consulis
2559 1614 2830 1679 domum
2936 1626 2937 1633 ’

726 1706 948 1854 plebes
998 1728 1044 1792 q
1287 1718 1397 1783 teS,
1442 1719 1519 1769 ut
1557 1705 1779 1769 funere
1825 1703 2126 1791 ampliore
2169 1704 2518 1779 efferretur,
2560 1701 2828 1767 inem
2936 1726 2937 1731 ¹

754 1804 943 1855 ertur.

506 1878 603 1939 19.
730 1893 733 1896 ·
818 1876 986 1941 Pace
1026 1890 1224 1964 parta,
1254 1878 1487 1942 instare
1534 1890 1670 1941 tum
1715 1876 1956 1942 tribuni
1985 1875 2298 1952 Patribus,
2333 1884 2354 1912 ‘
2369 1886 2443 1939 ut
2469 1874 2548 1939 P.
2579 1872 2828 1937 Valerii
2936 1918 2937 1925 κ

736 1971 756 2005 ‘
775 1962 971 2027 fidem
1022 1962 1484 2027 exsolverent?
1535 1963 1767 2027 instare
1819 1962 2116 2038 Claudio,
2174 1970 2193 1999 ‘
2215 1974 2287 2025 ut
2337 1960 2620 2047 collegae
2677 1960 2864 2033 deos-,-
2936 1988 2937 2009 ÷

736 2056 757 2086 ‘
778 2048 1009 2113 Manes
1060 2048 1281 2113 fraude
1333 2049 1649 2127 liberaret,
1785 2049 1799 2064 ‘
1857 2048 1938 2112 de
1996 2048 2137 2134 lege
2187 2046 2459 2113 sineret)
2555 2046 2824 2123 Consul,

736 2142 757 2172 ‘
776 2148 1117 2222 antequam
1164 2135 1323 2200 colle
1368 2158 1471 2199 am
1519 2136 1636 2199 sibi
1681 2072 2114 2221 aigrogasset:
2151 2156 2404 2219 negare,
2449 2141 2469 2171 ‘
2639 2154 2826 2197 urum

736 2229 756 2263 ‘
776 2222 879 2308 agi
910 2221 991 2285 de
1020 2221 1200 2307 lege!
1358 2244 1431 2285 ae
1462 2235 1725 2286 tenuere
1753 2220 2194 2285 contentiones
2221 2242 2421 2306 usque
2565 2219 2828 2283 comitia

730 2306 1005 2371 consulis
1054 2306 1454 2393 subrogandi.
1565 2306 1914 2383 Decembri
1969 2328 2207 2384 mense,
2255 2327 2502 2369 summo
2556 2303 2822 2369 Pati-um
2839 2322 2864 2369 8

407 2407 651 2481 Suffectus
730 2392 961 2471 studio,
1003 2393 1080 2457 L.
1125 2392 1468 2469 Quinctius
1510 2391 1949 2469 Cincinnatus
1993 2406 2174 2479 pater
2219 2390 2553 2467 Kaesoniffi
2599 2390 2824 2455 consul

408 2472 609 2546 Valenp
730 2493 997 2556 creatur,
1032 2479 1143 2567 qui
1188 2480 1619 2566 magistratum
1663 2480 1873 2543 statim
1917 2478 2252 2565 occiperet.
2343 2476 2651 2541 Perculsa
2694 2488 2824 2541 erat
2837 2503 2863 2552 9

405 2535 679 2649 *Ifssssmm‘
728 2566 965 2652 plebes,
982 2565 1321 2639 ,consulem
1348 2565 1642 2629 habitura
1669 2565 1918 2641 iratum,
1941 2577 2268 2650 potentem
2298 2562 2508 2626 favore
2533 2562 2824 2639 Panum,
2936 2626 2937 2631 ,

728 2652 961 2717 virtute
1006 2675 1137 2729 sua,
1182 2653 1383 2716 tribus
1426 2651 1659 2729 liberis,
1691 2672 1965 2737 quorum
2008 2672 2200 2714 nemo
2237 2648 2522 2713 Kaesoni
2553 2648 2825 2714 cedebat
2936 2674 2937 2701 1

629 2736 641 2741 ’
730 2737 1167 2825 magnitudine
1211 2738 1443 2813 animi3
1490 2735 1824 2803 consilium
1865 2748 1934 2799 et
1975 2735 2236 2800 modum
2280 2734 2674 2813 adhibendo,
2717 2736 2824 2800 ubi
2936 2742 2937 2753 ³

728 2844 829 2886 res
866 2836 1173 2909 posceret,
1249 2822 1443 2886 riores
1478 2836 1676 2888 erant.
1769 2820 1854 2899 Is,
1885 2832 1958 2886 ut
1996 2822 2427 2908 magistratum
2471 2820 2642 2899 iniit,
2678 2823 2826 2887 assi-

728 2907 874 2971 duis
924 2907 1215 2977 concioni
1260 2928 1333 2971 us
1382 2929 1499 2994 pro
1552 2906 1868 2985 tribunali,
1916 2930 2050 2972 non
2093 2908 2161 2970 in
2209 2906 2397 2994 plebe
2441 2908 2821 2987 coercenda,

776 3014 923 3055 uam
962 3004 1187 3055 senatu
1229 2993 1617 3080 castigando,
1646 2993 2084 3058 vehementior
2123 2993 2278 3057 fuit:
2329 3000 2350 3031 ‘
2366 2993 2550 3057 cuius
2581 2994 2823 3059 ordinis

731 3015 1069 3165 glanguore
1097 3079 1391 3165 perpetui
1435 3080 1562 3143 iam
1607 3080 1842 3143 tribuni
1918 3079 2094 3156 lehis,
2126 3102 2256 3144 non
2289 3092 2361 3144 ut
2388 3080 2458 3143 in
2487 3082 2824 3168 republica

731 3172 752 3203 ‘
852 3164 988 3253 puli
1022 3164 1315 3242 Romani,
1348 3165 1462 3231 sed
1505 3178 1580 3230 ut
1621 3166 1689 3230 in
1817 3102 1981 3229 rtiita
2022 3165 2234 3244 domo,
2274 3165 2496 3265 lingua
2537 3166 2825 3231 crimini-

729 3259 750 3290 ‘
810 3274 1010 3339 usque
1040 3264 1393 3339 regnarent.
1484 3250 1657 3316 Cum
1759 3274 1986 3317 aesone
2017 3251 2149 3316 filio
2177 3274 2293 3317 suo
2321 3264 2650 3331 Virtutem,
2671 3277 2824 3319 con·
2936 3296 2937 3333 3

728 3345 749 3375 ‘
764 3339 1079 3415 stantiam,
1111 3339 1325 3403 omnia
1352 3338 1696 3403 iuventutis
1724 3336 1874 3403 belli
1903 3338 2206 3426 domique
2235 3337 2466 3403 decora
2509 3339 2703 3425 pulsa
2743 3362 2820 3404 ex

730 3431 751 3462 ‘
768 3424 924 3495 urbe
957 3423 1251 3489 Romana
1282 3438 1350 3489 et
1386 3425 1601 3512 fugata
1629 3446 1798 3491 esse:
1847 3424 2162 3511 loquaces,
2197 3424 2543 3501 seditiosos,
2577 3428 2821 3491 semina

396 3526 660 3641 ‘Ing-eiigitur
732 3517 753 3548 ‘
768 3508 1243 3596 discordiarum,
1274 3510 1508 3583 iterum
1537 3534 1610 3585 ac
1641 3510 1896 3585 tertium
1933 3511 2218 3575 tribunos
2259 3510 2549 3598 pessimis
2579 3513 2818 3579 artibus

392 3604 446 3638 m
566 3606 704 3646 unos.

852 3736 1009 3783 Multi
1021 3736 1269 3797 exsulum]
1298 3736 1361 3783 In
1376 3735 1552 3789 horum
1565 3748 1734 3782 numo-
1867 3742 1894 3793 7
1933 3734 2000 3782 Ue
2019 3732 2228 3793 colloque
2255 3733 2595 3793 damasum]
2625 3734 2703 3784 Ut
2723 3736 2816 3784 col-

723 3814 777 3846 ro
848 3812 1077 3846 senonem
1098 3798 1245 3846 fixisse
1266 3796 1514 3845 existimat
1529 3798 1732 3845 Niebhr.
1799 3797 1957 3858 legam
1979 3802 2226 3843 mortuum
2256 3796 2440 3845 fiendis
2469 3796 2680 3847 cst-imina
2703 3799 2818 3848 libe-

723 3876 875 3923 quum
918 3862 1027 3909 infr.
1076 3872 1150 3935 ²5·
1216 3860 1534 3917 “Kaesonem
1575 3874 1735 3921 neque
1797 3865 1943 3918 reret,
1965 3861 2258 3921 praestando
2275 3860 2424 3908 fidem
2443 3860 2509 3909 sb
2525 3858 2618 3909 isso
2633 3863 2812 3911 datam.

724 3924 991 3980 Quinctiae
1010 3924 1244 3982 familiae,
1258 3938 1417 3984 neque
1436 3922 1735 3985 reipublicae
1799 3923 1961 3972 Cnsv.

720 3988 908 4037 restitui
945 3992 1121 4049 posse⁹⁹
1157 3987 1377 4049 legimus.
1430 3988 1489 4035 cf.
1527 3987 1579 4034 N
1581 3986 1732 4035 iebhr.
1861 3986 2316 4036 BSummoPatmm
2325 3988 2513 4050 stvdio]
2531 3988 2811 4039 cssNiebhr.

720 4050 770 4101 ii.
795 4067 843 4101 n.
867 4050 977 4114 673.
1012 4051 1267 4100 WVschsm.
1292 4064 1340 4111 p.
1366 4062 1475 4116 347.
1512 4048 1660 4106 Dion.
1683 4066 1731 4107 x.
1797 4048 1846 4098 ii.
1869 4066 1918 4099 n.
1942 4062 2053 4127 425.
2089 4050 2236 4098 Dion.
2261 4066 2309 4099 x.
2340 4064 2411 4113 17.

724 4130 797 4179 14.
1322 4124 1325 4128 ’
1924 4116 2021 4171 Qut
2043 4148 2057 4171 ‚
2075 4148 2088 4161 .
2109 4149 2122 4162 .
2142 4116 2331 4175 statim]
2359 4115 2566 4179 Quippe
2587 4120 2811 4167 connilee

781 4179 814 4230 6
844 4181 978 4229 Suae
1008 4180 1274 4241 fortunae]
1322 4177 1508 4231 Servile
1545 4175 1731 4237 suppli,
1795 4190 1828 4224 o
1887 4176 2022 4228 narii
2054 4177 2130 4225 his
2160 4178 2462 4239 temporibus
2491 4180 2615 4229 Kal.
2639 4182 2808 4231 sextil.

717 4242 867 4303 cium,
902 4258 1047 4296 crux:
1082 4242 1223 4291 liberi
1261 4240 1500 4299 homines,
1531 4246 1589 4287 ut
1621 4240 1728 4305 plu-
1791 4239 2125 4301 magistratum
2167 4248 2477 4304 occeperunt,
2535 4244 2672 4303 Bur.
2747 4248 2804 4302 ct

715 4306 1085 4366 timum,·securi
1108 4304 1517 4369 percutiebantur.
1543 4303 1705 4359 cuv.
1791 4316 1922 4373 supr.
1943 4302 1989 4361 6,
2290 4306 2300 4313 ‘
