3000 4784
670 184 753 246 64
1447 175 1675 242 TITI
1728 174 1994 241 LIVII

670 313 752 378 ad
798 311 938 390 alia,
991 323 1065 378 ut
1119 311 1328 399 specie
1379 311 1644 388 minora,
1692 310 1781 376 sic
1838 310 2067 375 laboris
2112 308 2435 396 aliquanto
2486 308 2769 386 maioris,

347 415 462 466 Fori
482 417 534 466 in
557 416 644 465 cir-
671 399 1116 464 traducebatur
1158 421 1384 486 opera3
1437 399 1605 462 foros
1646 398 1716 462 in
1758 398 1927 462 circo
1967 396 2309 473 faciendos,
2354 395 2769 482 cloacamque
2786 402 2823 453 6

345 497 432 530 ⁰⁰²
467 484 635 559 ,⁰¹⁰⁸OE
671 485 1033 563 maximam,
1083 483 1553 572 receptaculum
1610 483 1896 548 omnium
1954 495 2515 570 purgamentorum
2566 483 2769 559 urbis,
2792 503 2823 552 7

287 607 293 620 ·
345 561 577 596 maxima.
671 573 788 638 sub
841 586 1072 636 terram
1115 571 1463 658 agendam:
1528 571 1757 658 quibus
1806 570 2055 634 duobus
2102 569 2395 657 operibus
2439 570 2549 633 vix
2599 592 2775 633 nova

671 659 831 723 haec
860 658 1333 745 magnificentia
1359 658 1704 757 quicquam
1732 657 2086 744 adaequare
2116 655 2341 743 potuit.
2434 654 2559 719 His
2586 655 2773 720 labo-

672 745 844 810 ribus
887 745 1166 809 exercita
1205 744 1411 844 plebe,
1453 767 1607 830 qma
1648 757 1715 808 et
1746 744 1889 808 urbi
1932 742 2425 820 multitudinem,
2464 742 2575 806 ubi
2614 765 2774 806 usus

674 855 805 896 non
834 843 1018 907 esset,
1050 853 1228 894 oneri
1256 833 1513 895 rebatur
1540 852 1693 908 esse,
1726 843 1791 894 et
1830 829 2070 894 colonis
2100 829 2428 894 mittendis
2466 827 2774 915 occupari

673 917 862 983 latius
901 917 1152 1005 imperii
1195 917 1355 981 fines
1393 915 1682 992 volebat3
1733 916 2016 1004 Signiam
2065 913 2475 1002 Circeiosque
2506 913 2773 980 colonos
2790 930 2824 978 8

674 1005 864 1082 misit,
893 1003 1207 1091 praesidia
1232 1003 1375 1067 urbi
1401 1001 1613 1066 futura
1642 1016 1809 1067 terra
1835 1003 2136 1088 marique.

351 1097 645 1174 Tarquinius
763 1089 946 1155 Haec
1005 1089 1218 1178 agenti
1359 1103 1639 1153 rtentum
1698 1089 1977 1154 terribile
2034 1089 2255 1152 visum.
2348 1087 2621 1174 AnguiS,
2682 1109 2775 1152 ex

351 1168 590 1274 portenti)
621 1227 658 1273 1-
677 1176 974 1242 columna
993 1177 1206 1264 lignea
1231 1112 1499 1263 elaopsus,
1524 1197 1723 1263 quum
1746 1189 2049 1240 terrorem
2068 1174 2409 1261 fugamque
2432 1175 2503 1238 in
2524 1174 2773 1262 regiam
2790 1189 2825 1238 9

351 1242 658 1353 {ixl-tanat&
675 1263 940 1340 fecisset,
974 1263 1168 1351 ipsius
1196 1286 1264 1327 re
1309 1263 1361 1326 is
1399 1285 1531 1326 non
1562 1277 1691 1326 tam
1720 1263 1929 1326 subito
1957 1283 2188 1349 pavore
2216 1259 2489 1348 perculit
2520 1273 2772 1346 pectus,

723 1373 867 1415 uam
898 1351 1102 1414 anxiis
1141 1285 1426 1436 implevit
1454 1349 1637 1414 curis.
1729 1347 1953 1435 Itaque
1984 1370 2182 1434 quum
2212 1347 2295 1412 ad
2336 1346 2592 1432 publica
2619 1369 2775 1433 pro-

727 1437 852 1523 ‘gia
887 1435 1138 1500 Etrusci
1167 1448 1414 1500 tantum
1449 1451 1622 1499 vates
1660 1434 2129 1511 adhiberentur,
2162 1434 2285 1498 hoc
2312 1432 2489 1498 velut
2514 1433 2776 1497 domes-
2799 1457 2816 1491 1

679 1523 806 1586 tico
833 1522 1170 1586 exterritus
1199 1523 1357 1597 visu,
1390 1520 1677 1608 Delphos
1721 1521 1804 1584 ad
1831 1521 2104 1584 maxime
2136 1519 2448 1584 inclutum
2481 1519 2551 1583 in
2580 1520 2777 1584 terris

678 1608 1001 1672 oraculum
1044 1607 1295 1671 mittere
1334 1607 1587 1670 statuit:
1634 1629 1844 1692 neque
1878 1629 2187 1706 responsa·
2208 1606 2469 1670 sortium
2499 1604 2615 1669 ulli
2658 1605 2777 1670 alii
2796 1631 2823 1664 2

678 1694 1074 1758 committere
1133 1716 1339 1769 ausus,
1387 1692 1549 1756 duos
1605 1692 1768 1756 filios
1810 1715 1928 1792 per
1972 1705 2219 1779 lgnotas
2268 1716 2346 1758 ea
2391 1703 2775 1780 tempestate

677 1793 892 1857 terras,
916 1779 1230 1866 ignotiora
1254 1779 1469 1855 maria,
1494 1779 1563 1842 in
1598 1778 1931 1843 Graeciam
1960 1779 2147 1843 misit.
2237 1779 2423 1843 Titus
2452 1792 2519 1842 et
2547 1777 2781 1844 Aruns

358 1883 422 1931 L.
438 1899 472 1930 u
503 1880 615 1930 nius
677 1865 960 1952 profecti.
1056 1865 1290 1930 Comes
1319 1865 1418 1929 his
1456 1864 1709 1930 additus
1748 1865 1823 1929 L.
1860 1864 2081 1929 Iunius
2126 1863 2383 1942 Brutus,
2416 1863 2779 1951 Tarquinia

355 1947 549 1994 Brutus.
687 1974 900 2016 sorore
931 1952 1097 2039 regis
1133 1964 1337 2028 natus,
1370 1951 1615 2015 iuvenis
1645 1950 1830 2038 longe
1861 1951 2021 2016 alius
2054 1950 2333 2038 ingenio,
2364 1973 2558 2050 quam
2586 1950 2777 2015 cuius
2796 1977 2827 2025 3

677 2037 1140 2103 simulationem
1197 2037 1508 2102 induerat.
1598 2037 1683 2114 Is,
1743 2058 1941 2124 quum
1998 2038 2303 2138 primores
2360 2037 2651 2114 civitatis,
2698 2037 2779 2100 in

679 2123 910 2211 quibus
965 2125 1222 2188 fratrem
1277 2146 1462 2188 suum
1514 2125 1593 2188 ab
1646 2124 1957 2188 avunculo
2006 2123 2411 2188 interfectum
2468 2123 2775 2201 audisset,

679 2233 890 2296 neque
933 2211 1004 2275 in
1043 2211 1256 2275 animo
1302 2233 1416 2274 suo
1459 2210 1803 2297 quicquam
1846 2209 1981 2297 regi
2021 2209 2397 2287 timendum,
2442 2232 2654 2296 neque
2698 2210 2777 2274 in

677 2297 932 2361 fortuna
971 2294 1554 2397 concupiscendum
1592 2296 1948 2384 relinquere
1986 2297 2223 2374 statuit,
2264 2309 2775 2383 contemptuque

679 2395 855 2448 tutus
901 2405 1054 2460 esse,
1103 2384 1212 2448 ubi
1271 2383 1340 2446 in
1398 2383 1535 2446 iure
1582 2405 1807 2483 parum
1852 2383 2149 2470 praesidii
2194 2397 2375 2448 esset.
2468 2382 2641 2470 Ergo
2686 2405 2775 2447 ex

679 2469 992 2535 industria
1022 2470 1224 2534 factus
1263 2468 1345 2533 ad
1383 2469 1803 2538 imitationem
1838 2469 2160 2546 stultitiae,
2192 2491 2392 2556 quum
2419 2492 2487 2534 se
2526 2491 2775 2556 suaque

679 2556 950 2644 praedae
991 2579 1126 2622 esse
1161 2557 1296 2642 regi
1339 2557 1593 2634 sineret,
1631 2554 1818 2620 Bruti
1855 2578 2110 2643 quoque
2150 2556 2324 2620 haud
2358 2557 2583 2620 abnuit
2620 2579 2659 2620 c
2793 2587 2825 2628 4

679 2665 948 2710 nomenz
999 2657 1072 2708 ut
1091 2644 1209 2709 sub
1237 2643 1375 2708 eius
1403 2644 1671 2707 obtentu
1687 2643 2079 2730 cognominis
2105 2641 2404 2708 liberator
2422 2641 2529 2706 ille
2549 2579 2778 2731 pofiiffi

678 2857 827 2904 quam
864 2847 1120 2903 postquam
1161 2840 1212 2887 in
1255 2845 1448 2888 textum
1492 2839 1693 2892 Bekker
1757 2839 1886 2889 Plin.
1913 2841 1982 2889 H.
2016 2840 2085 2889 N.
2106 2839 2207 2889 xiii.
2239 2853 2314 2902 27.
2338 2842 2423 2890 sed
2444 2840 2651 2890 minime
2670 2857 2775 2891 am·

679 2909 983 3025 ηβόοιῖΐιὸωε]
1042 2965 1242 3038 Sedilia,
1289 2981 1318 3013 e
1364 2965 1539 3028 quibus
1586 2967 1691 3015 ludi
1753 2904 2112 3030 ξιᾚιθέιῗοῃῖοοιξ
2128 2905 2777 3019 qfflsszgigssbggnqm

680 3035 1029 3092 spectarentur.
1065 3029 1158 3084 ud,
1181 3043 1309 3091 supr.
1337 3040 1411 3091 35.
1757 3031 1988 3106 originem
2004 3032 2212 3094 sapiant,
2227 3031 2479 3098 magnajex
2493 3039 2634 3095 parte
2651 3033 2779 3083 deri-

752 3105 778 3156 7
813 3095 1036 3143 Glaucam
1055 3095 1340 3152 marinum]
1409 3093 1559 3142 Hanc
1574 3092 1693 3142 Tar-
1758 3101 1873 3144 vata
1892 3101 2000 3144 emt.

681 3157 850 3220 quinio
886 3157 1051 3206 Prisco
1082 3157 1356 3206 attribuunt
1386 3157 1552 3219 plures
1580 3172 1693 3207 auc-
1824 3173 1851 3207 2
1883 3159 2123 3219 Sos-amn]
2182 3159 2345 3208 Sortes
2390 3161 2778 3223 appellabantur

682 3227 842 3271 tores:
879 3221 1156 3270 inchoatam
1189 3223 1252 3269 ab
1275 3221 1361 3270 illo
1530 3221 1696 3270 scribit
1756 3223 1987 3282 tabellae,
2028 3223 2081 3271 in
2122 3223 2300 3284 quibus
2350 3225 2657 3274 oraculorum
2704 3241 2777 3275 re-

687 3285 835 3335 Dion.
867 3285 936 3333 iii.
966 3284 1044 3348 67.
1076 3287 1135 3334 cf.
1168 3285 1296 3335 Plin.
1330 3285 1399 3335 H.
1481 3321 1494 3334 .
1528 3286 1694 3336 xxxvi.
1758 3301 1936 3348 sponsa
1976 3287 2207 3349 inscripta
2258 3293 2419 3348 erant;
2469 3295 2526 3336 ut
2576 3290 2781 3351 palmae

687 3363 764 3410 24.
785 3349 994 3423 Nieblir.
1009 3349 1039 3397 i.
1057 3365 1107 3423 p.
1128 3351 1236 3461 ξιξ-5.
1286 3349 1480 3423 pstium
1497 3350 1693 3405 cloacae
1756 3349 1873 3398 folia
1884 3350 2140 3412 Sibyllina,
2157 3351 2288 3401 Serv.
2306 3351 2356 3400 in
2374 3353 2500 3402 Aen.
2512 3352 2581 3402 iii.
2596 3371 2712 3415 444.
2732 3371 2779 3404 v·

685 3413 1023 3474 navigantibus
1054 3426 1104 3460 in
1181 3414 1302 3460 iben
1331 3412 1477 3462 hodie
1507 3414 1693 3476 conspi-
1756 3411 1835 3465 74.
1853 3420 1903 3463 et
1916 3420 2066 3462 sortes
2080 3415 2130 3464 in
2148 3417 2316 3463 robore
2330 3415 2606 3478 insculptae
2624 3418 2777 3466 Prae-

683 3476 823 3525 citur.
1757 3477 1992 3537 aestiuas,
2024 3478 2128 3528 Cic.
2166 3479 2228 3527 de
2262 3478 2376 3528 Div.
2408 3479 2457 3528 ii.
2481 3495 2559 3542 4¹·
2644 3482 2779 3530 Inde

751 3541 780 3588 8
814 3539 1012 3589 Colono:
1032 3541 1186 3600 misit]
1225 3539 1330 3597 Qui
1363 3540 1485 3590 fines
1506 3538 1699 3602 imperii
1762 3541 1939 3604 passim
1970 3549 2119 3592 sortes
2152 3557 2240 3604 pro
2271 3543 2568 3604 quibuslibet
2601 3561 2775 3596 oracu-

685 3610 856 3653 contra
899 3604 1104 3652 Volscos
1147 3604 1386 3667 praesidio
1434 3604 1697 3654 firmarent.
1762 3605 1919 3653 lorum
1940 3607 2195 3668 responsis.
2230 3605 2293 3655 cf.
2316 3607 2412 3656 viii.
2438 3623 2514 3669 24-

687 3669 748 3716 οἱ.
773 3667 977 3716 Niebhr.
1000 3668 1051 3718 ii.
1075 3669 1151 3718 90.
1826 3683 1853 3730 3
1888 3671 2044 3727 Quam
2096 3672 2239 3720 cuius
2290 3672 2649 3722 &melanem
2696 3675 2777 3723 in·

685 3733 1408 3855 assbssssfdgfflss'ffiffi‘}
1420 3730 1607 3844 ἕθέἒέζῗ
1625 3733 1696 3844 ’ἓὲ
1757 3732 2377 3848 ἵῗἛἝξΐηᾶωοῒῗὶ
2394 3735 2457 3862 *³3
2478 3736 2777 3850 “3:333

689 3858 805 3907 niv.
838 3858 871 3907 i.
894 3872 970 3906 22.
994 3864 1209 3907 ceterum
1240 3857 1507 3920 Dionysius
1538 3858 1701 3908 scribit
1763 3859 1885 3921 regis
1905 3861 2057 3910 amita
2076 3834 2247 3910 mium
2268 3835 2432 3912 sentiit
2456 3835 2777 3916 bionna&

687 3922 750 3971 iv.
775 3923 851 3970 69.
875 3921 1200 3984 pestilentiam
1234 3936 1407 3970 causae
1435 3921 1601 3981 minse,
1623 3923 1701 3970 eui
1828 3940 1859 3984 4
1890 3925 2038 3974 Bruti
2060 3961 2073 3974 .
2096 3961 2109 3974 .
2134 3961 2146 3974 .
2168 3929 2451 3988 cognomen]
2504 3927 2683 3978 Servus
2702 3930 2778 3978 fu·

689 3985 836 4047 legati
861 3985 1084 4047 Delphos
1103 3986 1424 4034 mitterentur.
1763 3985 1940 4048 gitivus
1962 3989 2088 4038 Osce
2109 3991 2281 4040 briam
2304 3993 2581 4040 vocabatur.
2625 3993 2779 4042 Unde

759 4064 779 4096 1
815 4051 1015 4097 Etrusci
1057 4056 1249 4098 tantum
1294 4049 1451 4108 vates]
1513 4049 1696 4098 Mimm
1761 4051 1989 4111 Bruttiis,
2010 4059 2066 4100 ut
2087 4069 2212 4115 quae
2225 4069 2345 4116 gens
2358 4056 2596 4104 colluvies
2616 4071 2776 4106 servo·

688 4111 896 4172 videtur,
925 4113 1054 4174 quod
1078 4119 1210 4162 vates
1229 4113 1420 4160 Etmsci
1447 4114 1699 4162 oraculum
1760 4128 1869 4162 rum
1894 4117 2128 4166 Oscorum
2161 4123 2305 4178 esset,
2328 4133 2597 4181 cognomen
2628 4135 2777 4170 sunm

689 4175 935 4226 Graecum
953 4177 1302 4225 consulendum
1315 4182 1581 4225 monerent.
1618 4177 1699 4226 De
1762 4176 1971 4228 inditum
1993 4187 2080 4230 est.
2114 4181 2271 4231 Strab.
2286 4182 2348 4232 vi.
2368 4199 2415 4244 p.
2442 4197 2550 4246 255.
2572 4186 2621 4233 b.
2654 4185 2776 4234 Dio-

689 4239 822 4288 libris
843 4239 1093 4302 Sibyllinis
1111 4255 1144 4288 a
1164 4239 1430 4302 Tarquinio
1449 4240 1502 4288 in
1523 4241 1694 4290 aedem
1759 4242 1861 4290 dor.
1885 4243 1981 4293 xvi.
2012 4257 2082 4307 15.
2119 4246 2182 4295 cf.
2206 4246 2411 4297 Niebhr.
2432 4247 2465 4296 i.
2488 4263 2537 4310 p.
2560 4246 2640 4298 62.
2662 4251 2776 4312 483.

691 4303 823 4353 Iovis
849 4304 1012 4355 relatis
1041 4304 1240 4356 omnino
1275 4304 1386 4354 silet
1419 4303 1599 4355 Livius.
1634 4307 1693 4355 cf.
1761 4303 1868 4367 506.
