3000 4784
866 186 1057 254 LIB.
1114 185 1203 255 II.
1277 188 1496 256 CAP.
1545 196 1648 256 32.
2187 193 2308 257 10⁶7

185 324 208 353 ‘
230 315 507 380 cordiae
536 316 893 394 intestinae,
924 317 1162 383 bellum
1193 332 1530 385 externum
1567 320 1794 398 fecere,
1827 333 1902 385 ut
1929 320 2052 385 hoc
2083 322 2312 409 magis-
2333 332 2400 385 U.
2423 332 2482 383 c,
2509 330 2619 381 ²60.

188 413 215 441 ‘
232 416 425 467 tratu
463 416 683 489 egeret
708 404 1079 491 respublica.
1170 406 1309 471 Pax
1352 406 1498 471 foris
1531 420 1712 495 parta
1749 420 1864 485 est,
1895 408 2070 473 domi
2111 408 2312 495 impe-
2329 399 2390 447 A.
2423 399 2483 449 0·
2507 410 2617 461 49²·

190 499 215 529 ‘
232 490 448 555 ditur.
537 490 831 555 Privatus
859 494 1091 579 potius,
1124 516 1317 580 quam
1346 494 1634 571 dictator,
1666 494 1968 559 seditioni
1999 495 2313 559 interero.’

188 576 331 655 Ita,
366 577 547 643 curia
572 598 881 664 egressus,
912 579 1227 645 dictatura
1252 604 1321 646 se
1350 581 1683 646 abdicavit.
1777 581 2100 681 Apparuit
2127 604 2316 645 causa

140 690 174 738 3
192 664 407 751 plebi,
438 688 619 728 suam
644 665 853 729 vicem
880 666 1325 755 indignantem
1354 668 1722 755 magistratu
1749 668 1970 733 abisse.
2063 667 2312 754 Itaque,

142 776 177 816 4
194 751 391 816 velut
434 750 757 838 persoluta
792 752 943 830 fide,
976 755 1281 840 quoniam
1318 778 1435 842 per
1462 777 1614 819 eum
1652 777 1786 820 non
1829 755 2122 831 stetisset,
2155 754 2316 855 quin

194 851 655 926 praestaretur,
698 838 1119 905 decedentem
1161 842 1423 906 domum
1466 864 1617 907 eum
1653 841 1866 906 favore
1910 865 1984 907 ac
2019 840 2314 905 laudibus

194 925 537 1012 prosecuti
566 940 731 989 sunt.

296 1012 531 1076 Timor
552 1011 703 1077 inde
725 1013 949 1079 Patres
970 1014 1245 1091 incessit,
1268 1036 1373 1091 ne,
1396 1016 1451 1079 si
1472 1014 1770 1079 dimissus
1791 1015 2110 1080 exercitus
2129 1014 2313 1090 foret,

198 1120 433 1162 rursus
488 1112 709 1163 coetus
758 1100 992 1165 occulti
1050 1101 1487 1166 coniuratione
1565 1124 1646 1166 ue
1703 1102 1954 1167 fierent.
2067 1100 2314 1187 Itaque,

201 1207 587 1272 quanquam
630 1208 746 1272 per
788 1186 1163 1252 dictatorem
1210 1186 1493 1253 delectus
1589 1188 1798 1252 abitus
1848 1200 2033 1265 esset,
2079 1199 2315 1262 tamen,

203 1272 523 1359 quoniam
574 1273 643 1335 in
688 1273 1023 1338 consulum
1066 1275 1259 1339 verba
1299 1275 1631 1351 iurassent,
1675 1287 2072 1339 sacramento
2113 1274 2316 1337 teneri

205 1358 489 1423 militem
518 1358 657 1437 rati,
688 1382 805 1447 per
832 1383 1087 1425 causam
1116 1361 1403 1425 renovati
1430 1362 1512 1427 ab
1550 1362 1800 1448 Aequis
1829 1360 1978 1425 belli
2007 1358 2198 1424 educi
2235 1380 2318 1423 ex

204 1447 375 1511 urbe
403 1444 687 1531 legiones
726 1447 995 1513 iussere:
1090 1470 1177 1513 uo
1214 1448 1383 1513 facto
1412 1460 1728 1513 maturata
1763 1460 1860 1513 est
1891 1446 2140 1512 seditio.
2233 1444 2322 1509 Et

204 1533 425 1619 primo
453 1532 761 1619 agitatum
796 1534 1031 1599 dieitur
1112 1558 1151 1599 e
1194 1535 1529 1600 consulum
1567 1535 1784 1612 caede,
1816 1546 1888 1599 ut
1927 1534 2322 1599 solverentur

207 1632 643 1685 sacramento:
692 1621 913 1686 doctos
952 1622 1209 1700 deinde,
1240 1622 1483 1687 nullam
1523 1621 1758 1687 scelere
1799 1621 2176 1708 religionem
2205 1640 2319 1683 ex-

158 1728 191 1778 5
210 1706 397 1783 solvi,
432 1705 671 1773 Sicinio
700 1707 979 1795 quodam
1008 1723 1285 1786 auctore,
1316 1709 1560 1773 iniussu
1588 1707 1922 1773 consulum
1951 1708 2020 1771 in
2053 1706 2316 1771 Sacrum
2335 1718 2552 1769 secessio

212 1805 504 1856 montem
534 1797 859 1859 secessisse
877 1794 1083 1879 (trans
1114 1795 1437 1860 Anienem
1464 1816 1720 1860 amnem
1749 1793 1877 1881 est)
1900 1794 2022 1857 tria
2047 1794 2128 1857 ab
2157 1793 2315 1857 urbe
2333 1784 2492 1898 ἔξω
2511 1784 2564 1832 in

212 1878 419 1943 millia
444 1901 760 1966 passuum.
852 1880 953 1945 Ea
972 1882 1365 1969 stequentior
1390 1882 1562 1946 fama
1590 1894 1702 1959 est,
1725 1902 1938 1969 quam,
1963 1880 2144 1944 cuius
2163 1878 2316 1943 Piso
2333 1863 2568 1962 inoffi.

160 1980 199 2030 6
214 1978 441 2030 auctor
461 1980 573 2044 est,
605 1967 673 2030 in
700 1968 1097 2032 Aventinum
1119 1970 1536 2034 secessionem
1551 1969 1784 2033 factam
1807 1990 1958 2032 esse.
2048 1964 2152 2030 lbi
2179 1966 2316 2029 sine

216 2051 351 2116 ullo
383 2052 545 2117 duce
576 2054 739 2119 vallo
760 2054 1050 2142 fossaque
1074 2055 1479 2120 communitis
1509 2056 1726 2120 castris
1755 2054 1977 2141 quieti,
2007 2076 2146 2117 rem
2175 2051 2320 2115 nul-

214 2137 366 2216 lam,
396 2140 521 2204 nisi
548 2141 963 2205 necessariam
994 2142 1079 2205 ad
1105 2142 1365 2220 victum,
1395 2142 1726 2219 sumendo,
1745 2163 1862 2229 per
1889 2140 2134 2227 aliquot
2161 2138 2316 2214 dies,

220 2248 433 2311 neque
452 2226 721 2292 lacessiti
738 2251 950 2315 neque
969 2227 1363 2306 lacessenteS,
1384 2250 1520 2293 sese
1539 2242 1820 2294 tenuere.
1870 2226 2078 2292 Pavor
2092 2225 2320 2313 ingens

216 2312 289 2377 in
326 2314 506 2391 urbe,
550 2326 853 2401 metuque
898 2329 1124 2380 mutuo
1166 2338 1471 2401 suspensa
1509 2328 1691 2380 erant
1734 2314 1968 2380 omnia.
2058 2312 2316 2377 Timere

218 2400 441 2465 relicta
486 2401 565 2465 ab
612 2402 741 2465 suis
786 2401 1004 2487 plebes
1052 2400 1425 2466 violentiam
1470 2402 1760 2479 Patrum,
1809 2402 2034 2465 timere
2092 2398 2318 2462 Patres

218 2485 493 2551 residem
550 2487 617 2551 in
670 2489 825 2552 urbe
922 2488 1151 2564 lebem,
1205 2488 1452 2565 incerti,
1498 2509 1753 2551 manere
1801 2509 1964 2564 eam,
2011 2508 2096 2549 an
2145 2483 2318 2547 abire

221 2573 504 2639 mallent.
600 2574 814 2649 Quam
865 2510 981 2638 diu
1024 2587 1241 2638 autem
1286 2587 1423 2638 tran
1472 2573 1711 2650 uiuam,
1757 2596 1922 2659 quae
1967 2568 2317 2647 secesserit,

220 2660 699 2725 multitudinem
718 2660 899 2725 fore?
942 2660 1103 2748 quid
1122 2660 1407 2725 futurum
1426 2598 1683 2737 deinde,
1707 2660 1760 2725 si
1783 2658 1956 2746 quod
1979 2670 2317 2723 externum

222 2747 479 2811 interim
508 2747 744 2812 bellum
774 2747 1081 2812 exsistat?
1124 2746 1365 2812 nullam
1394 2746 1698 2835 profect0,
1729 2747 1852 2811 nisi
1879 2746 1949 2810 in
1977 2743 2318 2811 concordia

222 2834 477 2911 civium,
506 2857 685 2922 spem
714 2834 1025 2922 reliquam
1054 2835 1325 2899 ducere:
1373 2856 1516 2899 eam
1537 2857 1653 2935 per
1675 2856 1898 2921 aequa,
1925 2857 2042 2921 per
2069 2833 2312 2917 iniqua,

178 2944 209 2997 7
223 2920 754 2986 reconciliandam
804 2922 1044 2987 civitati
1096 2944 1250 2987 esse.
1340 2922 1594 2986 Placuit
1636 2921 1832 3009 igitur
1873 2934 2190 2986 oratorem
2231 2917 2318 2983 ad

2428 1020 2530 1079 32.

1302 3109 1497 3181 plebem
1514 3108 1814 3157 Aventinum
1830 3106 2140 3169 occupavioee
2157 3110 2315 3167 putat.

1302 3186 1335 3221 1.
1394 3208 1409 3220 .
1529 3207 1543 3221 .

1359 3188 1400 3299 ξ
1432 3186 1660 3295 &lim-1]
1715 3234 1882 3283 Huius
1911 3232 2193 3283 secenionis
2221 3232 2314 3282 his-

1304 3299 1477 3348 toriam
1511 3299 1656 3347 nimis
1688 3299 1906 3362 profecto
1932 3298 1984 3346 in
2013 3303 2176 3347 artum
2205 3312 2317 3345 eon-

1304 3364 1453 3413 traxit
1490 3369 1670 3413 noster.
1737 3363 1864 3411 Eam
1896 3362 2003 3411 fuse
2035 3368 2088 3411 et
2117 3362 2320 3410 fortene

1304 3426 1494 3489 prolixe
1503 3434 1784 3491 persecutus
1791 3432 1864 3476 est
1883 3426 2030 3475 Dion.
2043 3425 2104 3476 vi.
2120 3441 2196 3488 4²·
2214 3442 2318 3488 sqq.

1303 3490 1385 3539 Ex
1407 3506 1467 3540 eo
1488 3491 1720 3540 discimus
1740 3506 1842 3539 rem
1864 3492 1994 3539 ultra
2014 3490 2161 3538 trium
2183 3505 2318 3539 men-

292 3121 323 3169 3
374 3108 555 3167 V'wem]
617 3106 733 3155 Hoc
775 3113 849 3157 est
892 3107 1239 3166 conditionem,

224 3171 469 3231 initu-iam,
506 3173 585 3221 vel
622 3171 773 3221 etiam
802 3188 915 3231 sua,
944 3172 979 3221 i.
1004 3188 1049 3221 e.
1083 3172 1242 3234 plebis

224 3252 391 3285 musa.
413 3238 629 3286 Sraorn.

291 3320 326 3360 4
354 3302 457 3351 Por
476 3317 586 3351 eum
606 3316 709 3351 non
726 3300 955 3359 tulisset]
1001 3300 1119 3357 Quo
1150 3299 1241 3347 mi-

228 3378 323 3414 nus
339 3364 429 3413 illa
456 3370 799 3427 praestaretur,
818 3364 924 3426 ipse
944 3378 1043 3411 non
1064 3364 1117 3411 in
1138 3364 1241 3411 cul-

228 3444 297 3492 pa
314 3429 498 3478 fixinet.
561 3429 659 3478 Per
677 3446 789 3479 eum
806 3435 941 3477 staro
961 3443 1027 3475 sc.
1050 3428 1115 3476 ab
1136 3427 1243 3477 eius

228 3492 423 3543 arbitrio
444 3494 675 3557 pendere,
688 3492 743 3541 in
763 3492 869 3541 eius
888 3497 1132 3555 potestate
1154 3507 1238 3554 po-

226 3557 375 3609 situm
395 3558 557 3607 finisse.
589 3558 759 3608 Dosa.

294 3634 323 3685 5
353 3624 560 3671 Sacrum
578 3622 809 3681 montem]
837 3620 900 3669 In
923 3618 1239 3670 Crustumino

228 3702 344 3749 agro
362 3686 435 3735 ita
452 3688 779 3750 appellatum,
799 3687 833 3711 ‘⁴
847 3686 977 3747 quod
1000 3700 1115 3733 eum
1138 3684 1239 3745 ple-

230 3753 333 3810 bes,
352 3766 465 3800 cum
494 3750 765 3799 mensim:
790 3765 823 3798 a
852 3749 1089 3825 patribus,
1109 3762 1241 3796 crea-

230 3816 297 3865 tis
314 3814 517 3864 tribunis
535 3815 711 3878 plebis,
726 3814 811 3876 qui
832 3813 923 3863 sibi
939 3818 1101 3862 essent
1119 3826 1239 3861 aux·

234 3879 334 3939 ilio,
344 3880 649 3929 discedentes
662 3879 773 3927 Iovi
790 3880 1205 3927 consecraverunt.
1210 3878 1242 3901 ”

235 3945 417 3993 Festus.
450 3944 587 3993 Hinc
602 3942 809 3992 secessio
822 3942 947 3991 haec
964 3944 1241 3991 Gnatum&

235 4005 1242 4132 ⁹⁴:⁰5:1’;”....⁸‘²=;.t·‚23²2·÷¹r.{:¹;;...1;

236 4139 431 4189 Sacrum
463 4136 615 4199 prius,
634 4136 813 4185 deinde
842 4134 1142 4185 Aventinum
1164 4150 1243 4183 oe-

236 4201 479 4266 eupaviw’
511 4202 617 4251 cic.
634 4202 697 4249 de
715 4201 845 4265 Rep.
862 4199 915 4249 ii.
930 4213 1008 4262 33.
1042 4199 1243 4249 Sallust.

236 4268 425 4331 Fragm.
456 4266 591 4315 Hist.
622 4265 655 4315 i.
689 4280 739 4328 p.
766 4276 879 4328 935.
946 4262 1247 4313 Niebuhrius

238 4332 445 4395 legiones
475 4330 677 4381 Sacrum
728 4336 965 4387 montem,
1006 4328 1243 4391 reliquam

1300 3556 1427 3605 sium
1445 3554 1658 3618 spatium
1675 3560 1969 3605 extractam:
1999 3554 2317 3603 secessionem

1304 3620 1489 3682 quippe
1505 3620 1686 3667 factam
1708 3624 1824 3667 ante
1841 3618 1960 3667 Kal.
1977 3619 2289 3680 Septembres
2303 3637 2319 3677 ς

1306 3684 1504 3746 plebem
1525 3689 1692 3732 autem
1723 3698 1822 3731 non
1850 3681 2064 3742 rediisse,
2083 3681 2177 3730 nisi
2197 3698 2246 3731 a.
2267 3683 2316 3731 d.

1304 3762 1373 3797 ιν.
1418 3748 1542 3797 Idus
1578 3748 1911 3798 Decembres:
1963 3746 2106 3795 initio
2148 3747 2320 3795 minos

1304 3812 1452 3863 fuioee
1482 3828 1516 3861 a
1546 3817 1718 3861 senatu
1747 3817 1976 3872 oratores,
1997 3812 2082 3873 qui
2106 3810 2318 3887 impuni-

1302 3883 1459 3927 tatem
1488 3877 1625 3942 plebi
1646 3877 1892 3937 offerrent,
1912 3890 2092 3938 eosque
2115 3879 2324 3924 reiectos

1303 3942 1482 3991 fuisse:
1530 3941 1724 4001 deinde,
1757 3955 1911 4003 quum
1945 3940 2061 3989 novi
2097 3938 2324 3988 eonsules

1308 4007 1443 4057 Post.
1467 4004 1724 4057 Cominius
1743 4010 1796 4053 et
1815 4005 1902 4066 Sp.
1925 4004 2122 4055 Cassius
2147 4000 2322 4064 magis-

1306 4076 1487 4119 tratum
1513 4070 1750 4127 iniissent,
1771 4073 1883 4131 post
1903 4068 2058 4117 varias
2075 4068 2128 4115 in
2149 4070 2322 4113 senatu

1304 4134 1666 4193 altereationes,
1701 4133 1902 4181 tandem
1944 4129 2222 4179 convenius
2265 4132 2323 4175 ut

1307 4201 1479 4248 decem
1509 4196 1656 4260 legati
1689 4196 1998 4245 mitterentur
2023 4194 2090 4241 ad
2125 4192 2322 4255 plebem

1304 4278 1421 4311 cum
1452 4260 1758 4337 amplissima
1789 4262 2062 4321 potestate:
2096 4256 2147 4304 in
2167 4254 2228 4304 iis
2249 4255 2324 4305 fu-

1307 4326 1399 4377 isse
1422 4327 1696 4389 Agrippam
1719 4320 2024 4373 Menenium.
2056 4320 2220 4371 Cam.
