3000 4784
802 252 995 318 LIB.
1042 250 1233 317 VIII.
1302 250 1526 319 CAP.
1577 258 1680 319 29.
2159 256 2288 319 485

72 418 105 467 5
128 389 485 456 consules
518 390 679 455 ferre
716 389 799 455 ad
832 390 1161 479 populum,
1193 412 1275 455 ne
1307 392 1471 477 quis,
1503 391 1626 455 nisi
1657 392 1768 478 qui
1807 412 2042 457 noxam
2083 414 2294 457 mem·
2313 404 2379 454 U.
2403 405 2464 454 c,
2487 418 2598 468 4²9·

130 480 367 553 isset,
410 476 613 541 donec
656 499 929 565 poenam
971 477 1213 555 lueret,·
1242 478 1310 541 in
1362 476 1778 565 compedibus
1823 491 1934 543 aut
1982 480 2050 542 in
2097 470 2371 565 nervooA·
2405 468 2464 519 Ο·
2492 482 2598 531 3²3·

132 576 555 641 teneretur3
608 565 919 651 pecuniae
971 563 1247 629 creditae
1299 564 1467 628 bona
1517 564 1838 642 debitoris,
1889 587 2018 630 non
2065 588 2296 653 corpus

76 666 117 715 6
138 650 543 715 obnoxium
576 663 757 715 essct.
850 650 951 715 Ita
978 651 1129 714 nexi
1160 650 1389 727 soluti:
1436 666 1820 739 cautumque
1851 652 1918 715 in
1949 665 2291 739 posterum,
2313 678 2447 728 Naxi
2467 678 2594 727 solu-

138 760 250 801 ne
292 750 729 801 necterentur.
2309 744 2367 803 ti,
2389 750 2607 792 cautum-

263 822 533 887 Eodem
578 846 766 901 anno,
799 846 995 909 quum
1042 824 1191 887 satis
1229 845 1345 910 per
1380 846 1447 888 se
1488 824 1696 911 ipsum
1739 822 2118 889 Samnitium
2159 825 2296 889 bel-
2311 822 2594 923 ἓῇξεζξιῗ·
2687 892 2697 899 .

140 911 327 974 lum
368 923 435 974 et
462 910 733 975 defectio
763 932 989 995 repens
1022 910 1447 987 Lucanorum,
1480 926 1893 998 auctoresque
1923 911 2296 977 defectionis
2417 940 2521 1001 29·
2558 907 2570 920 '

88 1006 121 1057 ἰ·
148 996 534 1061 Tarentini
562 996 861 1061 sollicitos
892 996 1199 1061 haberent
1228 997 1466 1073 Patres,
1499 998 1776 1075 accessit,
1803 1012 1876 1061 ut
1903 1012 1968 1062 et
1992 998 2298 1063 Vestinus

148 1083 471 1170 populus
515 1082 905 1147 Samnitibus
948 1106 1081 1147 sese
1124 1084 1555 1169 coniungeret.
1654 1083 1838 1157 Quae
1877 1106 1978 1148 res
2018 1085 2180 1148 sicut
2219 1108 2298 1149 eo

150 1192 367 1233 anno
406 1170 799 1233 sermonibus
838 1170 1037 1255 magis
1078 1170 1308 1269 passim
1351 1170 1682 1233 hominum
1723 1170 1968 1247 iactata,
2000 1194 2190 1257 quam
2229 1172 2296 1234 in

154 1255 453 1407 ΕὼΙίοο
494 1254 626 1319 ullo
665 1255 932 1319 concilio
976 1272 1110 1330 est3
1158 1271 1248 1319 lta
1292 1256 1682 1341 insequentis
1720 1256 1873 1320 anni
1913 1256 2294 1333 consulibus,
2315 1266 2384 1317 U.
2409 1268 2467 1317 c.
2491 1280 2602 1327 430·

101 1356 135 1403 8

292 1341 494 1405 Furio
529 1340 801 1405 Camillo
846 1342 1097 1417 iterum,
1130 1341 1318 1405 Iunio
1350 1340 1553 1405 Bruto
1588 1341 1879 1419 Scaevae,
1911 1342 2088 1407 nulla
2126 1342 2298 1429 prior
2315 1332 2606 1443 {lg-52²1}-

160 1430 534 1516 potiorque
564 1428 699 1491 visa
726 1441 839 1505 est,
864 1428 947 1491 de
976 1450 1107 1514 qua
1134 1428 1217 1491 ad
1244 1441 1533 1491 senatum
1563 1427 1888 1493 referrent.
1961 1426 2067 1505 Et,
2093 1451 2295 1529 quan-
2313 1432 2546 1509 D'.1unio
2611 1428 2624 1442 ⁶

103 1542 141 1589 9
162 1537 392 1601 quam
437 1536 602 1579 nova
643 1536 743 1578 res
785 1528 937 1591 erat,
982 1528 1195 1579 tamen
1241 1526 1417 1577 tanta
1460 1537 1614 1579 cura
1653 1515 1872 1579 Patres
1911 1515 2184 1592 incessit,
2224 1529 2297 1579 ut
2312 1525 2448 1575 00⁸·-

164 1602 433 1688 pariter
460 1622 603 1664 eam
633 1614 986 1687 susceptam
1017 1600 1497 1687 neglectamque
1530 1602 1866 1665 timerent:
1914 1624 1996 1666 ne
2033 1614 2147 1665 aut
2177 1602 2298 1665 im-

165 1688 455 1774 punitas
497 1708 719 1751 eorum
761 1685 1017 1751 lascivia
1058 1686 1498 1773 superbiaque,
1538 1700 1648 1752 aut
1687 1686 1856 1753 bello
1899 1710 2141 1775 poenae
2187 1710 2300 1751 ex-

169 1774 437 1860 petitae
480 1785 658 1837 metu
703 1774 1061 1860 propinquo
1106 1789 1297 1860 atque
1344 1774 1436 1838 ira
1478 1775 1804 1839 concirent
1843 1774 2147 1839 finitimos
2185 1797 2301 1861 po-

225 1860 398 1923 11108.
492 1859 581 1923 Et
616 1874 750 1924 erat
783 1882 987 1945 genus
1022 1882 1210 1923 omne
1253 1860 1504 1924 abunde
1545 1861 1714 1925 bello
1750 1860 2138 1926 Samnitibus
2167 1882 2299 1947 par,

172 1882 403 2009 {Iami
435 1946 815 2032 Pelignique
852 1960 919 2010 et
950 1945 1339 2010 Marrucini:
1436 1970 1568 2024 uos„
1601 1948 1654 2010 si
1683 1947 1990 2011 Vestinus
2030 1949 2302 2034 attinge-

134 2058 155 2089 1
178 2048 392 2108 retur,
428 2054 647 2096 omnes
687 2032 1008 2096 habendos
1045 2032 1268 2096 hosteS.
1427 2033 1538 2095 icit
1579 2046 1790 2097 tamen
1831 2057 1993 2120 pars,
2025 2057 2188 2133 quae
2232 2034 2299 2096 in

176 2120 557 2205 praesentia
592 2118 791 2182 videri
832 2120 1041 2205 potuit
1079 2119 1330 2181 maioris
1370 2120 1586 2195 animi,
1619 2140 1809 2204 quam
1851 2120 2136 2183 consilli:
2185 2118 2300 2183 sed

182 2218 467 2271 eventus
508 2205 745 2282 docuit,
787 2206 977 2269 fortes
1019 2204 1337 2268 fortunam
1382 2204 1612 2267 iuvare.
1725 2204 1977 2268 Bellum
2023 2228 2105 2268 ex
2149 2228 2298 2268 auc·
2317 2218 2536 2267 Vestinis

184 2292 454 2355 toritate
507 2290 771 2354 Patrum
830 2291 1103 2377 populus
1154 2290 1449 2354 adversus
1502 2290 1802 2355 Vestinos
1853 2290 2047 2354 iussit.
2141 2291 2300 2355 Pro-
2314 2283 2502 2395 ffiffum
2527 2283 2597 2331 in-

186 2379 413 2441 vincia
457 2400 533 2441 ea
577 2377 799 2455 Bruta,
852 2377 1181 2441 Samnium
1230 2375 1506 2440 Camillo
1556 2389 1722 2441 sorte
1775 2378 2004 2441 evenit.
2100 2377 2305 2441 Exer-
2371 2362 2398 2395 ο
2421 2360 2524 2396 um.

188 2465 367 2527 citus
398 2477 669 2563 utroque
701 2463 897 2540 ducti,
930 2478 997 2527 et
1032 2485 1185 2527 cura
1224 2462 1604 2526 tuendorum
1641 2464 1866 2527 finium
1909 2464 2120 2527 hostes
2157 2486 2306 2550 pro-

186 2550 391 2613 hibiti
439 2571 825 2636 coniungere
880 2572 1069 2614 arma.
1164 2548 1471 2612 Ceterum
1525 2548 1792 2613 alterum
1844 2548 2168 2613 consulem
2223 2550 2299 2614 L.

194 2635 491 2713 Furium,
524 2636 627 2700 cui
664 2637 863 2699 maior
898 2636 1097 2700 moles
1131 2658 1339 2699 rerum
1372 2636 1666 2721 imposita
1693 2648 1846 2713 erat,
1880 2637 2100 2699 morbo
2127 2637 2304 2721 gravi

193 2722 585 2808 implicitum
628 2723 885 2786 fortuna
935 2722 1103 2787 bello
1148 2722 1495 2785 subtraxit:
1555 2722 1883 2808 iussusque
1929 2722 2303 2787 dictatorem
2324 2737 2380 2785 L.
2393 2733 2618 2796 Papirius

196 2808 419 2872 dicere
458 2810 549 2872 rei
590 2809 905 2895 gerendae
946 2832 1149 2885 causa,
1181 2808 1369 2893 longe
1402 2806 1814 2873 clarissimum
1843 2807 2009 2872 bello
2039 2832 2115 2873 ea
2145 2822 2306 2873 tem-
2321 2801 2542 2848 dictator.

286 2908 451 2959 state
504 2895 667 2958 dixit
720 2894 795 2959 L.
840 2895 1169 2981 Papirium
1228 2893 1613 2972 Cursorem3
1683 2918 1722 2959 a
1771 2920 1901 2982 quo
1959 2894 2040 2971 Q.
2077 2896 2307 2960 Fabius

196 2916 539 3045 ffiaximus
600 2981 935 3045 Rullianus
1000 2981 1299 3067 magister
1363 2982 1654 3067 equitum
1721 2996 1816 3047 est
1873 2982 2118 3047 dictus:
2195 3006 2310 3070 par

198 3067 423 3133 nobile
467 3069 655 3131 rebus
696 3069 764 3131 in
803 3092 881 3133 eo
920 3069 1287 3167 magistratu
1324 3069 1537 3154 gesti5‚
1569 3069 1882 3133 discordia
1917 3081 2150 3146 tamen,
2183 3092 2312 3155 qua

203 3176 407 3241 prope
447 3154 529 3218 ad
566 3153 861 3218 ultimum
896 3154 1322 3219 dimicationis
1362 3167 1623 3217 ventum
1669 3167 1783 3232 est,
1815 3156 2108 3219 nobilius,
2200 3155 2308 3217 Ab

202 3239 407 3305 altero
454 3240 713 3304 consule
760 3240 829 3304 in
859 3240 1140 3304 Vestinis
1187 3239 1524 3325 multiplex
1572 3240 1828 3316 bellum,
1871 3262 1992 3303 nec
2041 3262 2307 3325 usquam

207 3328 383 3391 vario
428 3341 681 3404 eventu,
728 3340 976 3413 gestum
1021 3339 1129 3391 est.
1225 3323 1397 3389 Nam
1450 3338 1517 3389 et
1558 3326 1937 3411 pervastavit
1979 3347 2179 3411 agros,
2221 3338 2306 3403 et,

274 3512 303 3562 5
336 3501 451 3547 Nisi
473 3501 559 3562 qut·
580 3513 758 3546 nooeam
779 3500 1053 3558 meruisset]
1078 3500 1228 3546 Nooea
1292 3511 1405 3543 men
1446 3495 1592 3543 huius
1625 3494 1837 3543 consulis
1869 3496 2124 3543 Decimum
2160 3494 2308 3545 fidene

210 3569 261 3611 et
296 3566 449 3612 noa-ia
488 3564 688 3623 culpam
722 3577 877 3623 aeque
909 3578 967 3610 ac
1000 3577 1228 3623 poenam,
1293 3576 1355 3608 ex
1388 3560 1537 3609 Diod.
1567 3558 1662 3608 Sic.
1696 3559 1828 3609 xviii.
1863 3575 1912 3621 p.
1943 3558 2052 3619 627.
2089 3566 2309 3619 constat3

210 3642 339 3687 quae
360 3632 561 3689 propter
588 3626 784 3687 culpam
808 3624 1058 3687 infligitur,
1081 3626 1227 3672 deno-
1293 3629 1455 3671 utrum
1481 3630 1645 3671 tamen
1671 3626 1819 3685 culpa
1846 3622 2149 3670 librariorum
2184 3624 2307 3687 peri-

208 3696 347 3739 tant:
387 3690 532 3737 simili
566 3704 709 3737 sensu
741 3689 943 3751 ancipiti
972 3691 1227 3751 piaculum
1292 3688 1401 3745 erit,
1421 3703 1484 3735 an
1509 3688 1570 3735 de
1591 3687 1829 3735 industria
1854 3702 1886 3735 a
1913 3688 2054 3735 Livio
2075 3688 2308 3737 omissum

211 3756 343 3816 apud
368 3760 587 3803 nostrum
612 3760 885 3815 usurpatur.
1292 3752 1626 3810 sit‚incertum
1642 3751 1888 3801 existimat
1899 3752 2053 3802 Dmk.
2077 3754 2310 3803 Ceterum

276 3816 308 3867 6
342 3820 649 3879 (laneumque
677 3820 733 3865 in
756 3824 1020 3880 posterum,
1052 3833 1115 3866 ne
1146 3832 1226 3865 ne-
1292 3818 1492 3874 Scaeva‚
1515 3817 1556 3863 is
1576 3816 1657 3877 qui
1687 3817 1878 3865 sinistra
1908 3832 2059 3865 manu
2086 3833 2173 3879 pro
2196 3819 2312 3866 dex-

212 3884 485 3941 cterentur]
526 3882 588 3929 Id
610 3886 775 3929 tamen
808 3881 885 3929 ius
911 3897 1007 3928 non
1030 3880 1229 3928 omnino
1294 3886 1370 3928 tra
1391 3881 1561 3939 utitur,
1583 3895 1614 3928 a
1636 3881 1828 3930 Graeco
1852 3878 2026 3931 σκαίος.
2063 3883 2223 3931 Cnsv.

216 3960 303 4006 pro
326 3946 465 3993 firmo
488 3945 637 3993 stetit.
704 3944 953 4005 Siquidem
983 3960 1108 4006 opus
1136 3944 1231 3991 fuit
1358 3958 1389 4008 9
1422 3947 1592 4006 Nova]
1637 3946 1860 3994 Recens:
1896 3960 1958 3993 ex
1981 3959 2078 4006 qua
2107 3945 2310 4006 proinde

214 4024 323 4057 eam
354 4010 513 4071 legem
546 4010 765 4057 renovari
788 4010 1107 4071 quadraginta
1130 4010 1231 4055 fere
1296 4008 1539 4056 nihildum
1605 4016 1862 4072 acceptum
1917 4010 2074 4056 fuerat
2127 4007 2309 4055 damni.

216 4079 327 4133 post
346 4073 503 4127 annis,
524 4080 631 4120 tum
655 4088 807 4134 quum
836 4073 1004 4135 plebes
1024 4074 1073 4120 in
1100 4071 1229 4120 Iani·
1296 4072 1455 4121 C'mzv.

216 4138 381 4184 culum
406 4137 613 4185 secessit.
651 4138 811 4185 (ἷκεν.
1365 4150 1385 4184 1
1427 4138 1606 4185 Omne:
1641 4138 1882 4185 habendos
1917 4136 2096 4193 hostes]
2151 4134 2310 4188 Quat-

284 4212 310 4261 7
340 4203 405 4249 Ue
424 4208 473 4249 et
499 4202 723 4249 Vestinus
740 4202 977 4263 populus]
1010 4200 1111 4257 Qui
1133 4200 1231 4247 Ro-
1298 4206 1411 4247 tuor
1458 4200 1548 4247 hos
1598 4201 1808 4261 populos
1851 4199 2021 4247 eadem
2067 4197 2311 4245 Sabelliea

216 4264 377 4311 manis
398 4264 495 4312 iter
512 4264 563 4312 in
586 4264 821 4327 Apuliam
857 4278 945 4326 per
972 4264 1091 4313 flnes
1122 4278 1235 4313 suos
1300 4263 1481 4325 origine
1525 4269 1576 4311 et
1617 4266 1761 4327 aequi
1798 4264 1926 4310 iuris
1961 4261 2157 4309 foedere
2201 4275 2312 4309 con-

222 4328 501 4387 permittere
522 4328 735 4377 nolebat.
1300 4328 1491 4375 iunctos
1513 4327 1662 4374 fuisse
1689 4331 1853 4375 censet
1877 4324 2082 4375 Niebhr.
2107 4326 2137 4375 i.
2164 4340 2210 4388 p.
2233 4341 2311 4390 99.

286 4392 315 4437 8
348 4394 499 4441 Iunio
536 4394 693 4439 Bruto
728 4394 965 4452 Scaevae]
1025 4394 1234 4441 Prae-no·
1302 4393 1362 4440 cf.
1390 4391 1564 4451 Polyb.
1590 4390 1638 4439 ii.
1665 4405 1741 4450 ²4-
2085 4424 2090 4427 -
