3000 4784
709 216 790 278 24
1461 207 1684 274 ΤΙΤΙ
1746 207 2015 274 LIVII

707 345 903 411 semel
961 343 1038 410 T.
1091 343 1338 409 Manlio
1399 345 1674 423 consule,
1733 358 1874 433 post
1930 345 2246 409 Punicum
2306 344 2581 444 primum
2643 365 2790 431 per-
2804 372 2839 416 4

705 434 940 497 fectum
970 431 1242 496 bellum:
1281 433 1530 511 iterum,
1556 432 1729 519 quod
1757 445 2003 496 nostrae
2034 432 2224 496 aetati
2244 430 2335 494 di1
2356 430 2691 508 dederunt,
2716 443 2793 494 ut

707 519 1082 596 videremus,
1119 531 1263 605 post
1303 519 1541 584 bellum
1572 519 1927 596 Actiacum,
1970 519 2048 583 ab
2088 518 2186 583 Im
2234 529 2473 582 eratore
2512 516 2789 582 Caesare

710 605 1025 692 AugustO,
1084 627 1238 692 pace
1301 619 1468 670 terra
1518 606 1799 692 marique
1856 618 2051 692 parta.
2206 605 2379 668 lanso
2435 627 2533 681 e0,
2586 627 2791 690 quum

710 693 992 757 omnium
1023 693 1190 756 circa
1222 691 1637 757 finitimorum
1671 692 1967 756 societate
1994 715 2067 756 ac
2094 691 2451 756 foederibus
2478 691 2794 754 iunxisset

709 779 970 856 animoa
1005 779 1222 866 positis
1262 791 1666 844 externorum
1704 778 2127 866 periculorum
2170 778 2353 854 curis,
2384 799 2468 842 ne
2508 776 2795 841 luxuria-

707 879 926 930 rentur
963 865 1094 929 otio
1136 865 1352 942 animi,
1384 888 1545 952 quos
1576 879 1783 930 metus
1815 865 2090 930 hostium
2136 863 2594 950 disciplinaque
2622 863 2795 926 mili-

706 952 870 1016 taris·
893 953 1322 1028 continuerat3
1369 953 1653 1016 omnium
1686 952 1979 1039 primum,
2020 973 2153 1015 rem
2197 950 2280 1014 ad
2314 949 2791 1014 multitudinem

707 1038 1084 1125 imperitam,
1120 1051 1188 1102 et
1225 1037 1348 1102 illis
1385 1038 1647 1103 saeculis
1686 1037 1929 1114 rudem,
1975 1037 2481 1114 efficacissimam,
2522 1036 2795 1101 deorum

710 1137 951 1189 metum
985 1124 1398 1190 inficiendum
1441 1139 1614 1190 ratus
1656 1137 1768 1189 est.
1862 1125 1997 1199 Qui
2038 1147 2236 1224 quum
2278 1122 2661 1188 descendere
2708 1123 2795 1186 ad

707 1212 950 1276 animos
985 1212 1120 1276 sine
1157 1211 1240 1276 ali
1285 1235 1368 1276 uo
1403 1224 1763 1277 commento
1794 1210 2077 1276 miraculi
2106 1233 2235 1275 non
2274 1221 2503 1298 posset,
2534 1209 2797 1274 simulat

706 1299 825 1362 sibi
876 1321 1022 1364 cum
1065 1298 1188 1362 dea
1233 1235 1464 1386 {geria
1506 1320 1871 1386 congressus
1916 1310 2257 1362 nocturnos
2304 1319 2474 1360 esse:
2536 1296 2675 1360 eius
2722 1317 2791 1360 se

703 1385 970 1464 monitu,
1031 1409 1193 1472 quae
1253 1385 1685 1473 acceptissima
1739 1384 1860 1448 diis
1916 1398 2145 1460 essent,
2196 1405 2370 1448 sacra
2418 1383 2789 1458 instituere3

705 1472 1057 1536 sacerdotes
1085 1495 1230 1536 suos
1259 1473 1488 1559 cuique
1518 1472 1783 1536 deorum
1810 1471 2165 1558 praeficere.
2249 1471 2469 1557 Atque
2498 1469 2793 1533 omnium

703 1559 998 1644 primum,
1040 1558 1121 1622 ad
1165 1581 1416 1622 cursum
1459 1556 1666 1635 lunae,
1708 1558 1776 1620 in
1818 1556 2157 1622 duodecim
2200 1578 2446 1621 menses
2483 1554 2839 1620 describits

703 1666 975 1708 annum:
1025 1666 1237 1731 quem,
1279 1645 1430 1731 quia
1475 1645 1745 1708 tricenos
1792 1643 1927 1708 dies
1972 1642 2232 1731 singulis
2278 1642 2599 1706 mensibus
2632 1641 2795 1706 luna

701 1753 836 1794 non
863 1730 1098 1817 explet,
1140 1730 1496 1817 desuntque
1534 1730 1669 1794 dies
1708 1730 1910 1794 solido
1949 1753 2137 1808 anno,
2170 1731 2281 1816 qui
2316 1727 2625 1794 solstitiali
2664 1728 2792 1792 cir-

702 1818 1058 1904 cumagitur
1095 1818 1267 1894 orbe,
1296 1817 1769 1882 intercalaribus
1806 1818 2127 1882 mensibus
2168 1814 2665 1903 interponendis,
2696 1815 2795 1892 ita

385 1303 687 1369 DeaEgeria.

765 2003 798 2047 4
828 1988 986 2036 Semel
1007 1989 1058 2036 T.
1079 1988 1275 2036 Manlio
1294 1988 1512 2046 consule]
1560 1985 1627 2036 U.
1651 1986 1709 2035 C.
1778 1985 1853 2035 Ut
1874 1984 1989 2034 huic
2018 1985 2329 2034 incommodo
2348 1989 2673 2042 occurrerent,
2690 1988 2793 2032 ter-

703 2063 812 2112 517.
835 2051 1056 2112 adeoque
1086 2067 1214 2100 anno
1240 2051 1318 2100 vii.
1337 2057 1445 2114 pose
1463 2053 1711 2100 Punicum
1774 2050 1845 2098 tio
1882 2065 2074 2112 quoque
2110 2049 2335 2098 octennio
2371 2064 2469 2096 non
2506 2047 2793 2122 nonaginta,

701 2117 876 2164 bellum
903 2117 1132 2177 primum
1199 2117 1278 2163 Ab
1308 2116 1528 2177 Augusto
1562 2115 1713 2163 Ianus

702 2179 778 2226 bis
807 2185 943 2227 terve
971 2181 1162 2227 clausus
1193 2185 1283 2238 est,
1316 2180 1450 2228 Suet.
1485 2181 1610 2242 Aug.
1635 2194 1711 2227 22.

705 2241 841 2290 Hinc
865 2243 1060 2306 Lipsius
1084 2243 1241 2292 Elect.
1265 2244 1296 2291 i.
1323 2258 1396 2291 22.
1423 2243 1713 2306 suspicatur,

703 2306 911 2368 primam
945 2313 1076 2355 certe
1108 2307 1265 2370 operis
1297 2307 1488 2356 Liviani
1522 2313 1711 2368 partem

703 2371 837 2432 prius
870 2370 1052 2418 editam
1084 2371 1245 2430 fixisse,
1283 2385 1428 2432 quarn
1467 2373 1715 2432 Augustus

705 2435 883 2482 Ianum
923 2441 1032 2497 post
1070 2436 1286 2484 devictos
1319 2436 1591 2484 Cantabros
1624 2435 1713 2484 ito-

702 2513 810 2547 rum
833 2499 1095 2548 clausisset.
1127 2499 1260 2549 Rur.

768 2576 795 2625 5
827 2565 912 2611 Ad
930 2580 1125 2612 cursum
1146 2565 1319 2623 lunae]
1363 2563 1444 2612 De
1463 2578 1594 2612 anno
1610 2563 1711 2612 Ro—

702 2641 850 2676 mano
883 2627 1006 2676 haee
1043 2629 1144 2677 fere
1177 2627 1326 2676 habet
1368 2629 1587 2676 Macrob.
1627 2628 1711 2677 Sa-

701 2694 880 2740 turnal.
921 2692 952 2740 i.
1001 2707 1076 2751 12,
1113 2707 1188 2754 13,
1223 2700 1273 2740 et
1311 2707 1382 2752 ¹4·
1465 2692 1641 2740 Annus
1681 2707 1714 2739 a

702 2755 922 2804 Romulo
943 2756 1192 2804 ordinatus
1223 2755 1393 2802 habuit
1421 2769 1613 2803 menses
1631 2757 1711 2802 de-

703 2833 830 2876 cem,
847 2819 952 2866 dies
976 2824 1204 2880 quattuor
1224 2824 1276 2866 et
1295 2823 1551 2866 trecentos.
1616 2819 1713 2866 Sed

601 2873 610 2892 “
703 2897 852 2942 quum
875 2883 955 2929 hic
977 2897 1207 2930 numerus
1227 2897 1385 2941 neque
1401 2881 1517 2929 solis
1538 2881 1714 2940 cursui,

701 2959 860 3006 neque
909 2946 1055 2993 lunae
1105 2944 1372 2993 rationibus
1418 2945 1714 3004 conveniret,

701 3008 971 3057 identidem
1007 3015 1200 3056 tantum
1238 3008 1424 3056 dierum
1467 3009 1573 3058 sine
1608 3009 1713 3056 ullo

702 3071 884 3120 mensis
931 3073 1129 3120 nomine
1169 3073 1522 3131 assumebatur,
1563 3087 1713 3134 quan-

701 3141 808 3184 tum
841 3137 904 3184 ad
935 3137 1178 3185 desectum
1209 3136 1351 3184 illum
1383 3137 1713 3198 supplendum

701 3215 827 3262 opus
845 3201 982 3249 foret.
1049 3201 1220 3248 Numa
1245 3201 1308 3248 ad
1341 3201 1488 3249 lunae
1520 3216 1711 3249 cursum

701 3265 752 3312 in
796 3265 1054 3314 duodecim
1103 3280 1294 3313 menses
1335 3265 1589 3327 descripsit
1629 3280 1712 3313 an-

700 3343 838 3388 num,
872 3329 1074 3378 adiectis
1107 3329 1334 3377 Ianuario
1367 3335 1417 3376 et
1450 3329 1711 3378 Februario

698 3393 958 3440 mensibus.
1005 3394 1102 3442 Sed
1120 3393 1234 3454 quia
1249 3393 1505 3441 duodecim
1522 3408 1713 3442 menses

699 3456 894 3505 lunares
913 3473 1010 3505 non
1035 3457 1250 3504 efficiunt
1282 3456 1372 3504 nisi
1393 3457 1498 3506 dies
1526 3463 1710 3505 trecen-

697 3526 775 3568 tos
807 3521 1155 3583 quinquaginta
1175 3526 1418 3582 quattuor,
1441 3523 1711 3582 desuntque

700 3585 804 3632 dies
836 3585 1060 3633 undecim
1095 3601 1207 3633 cum
1241 3586 1526 3646 quadrante,
1559 3591 1613 3632 ut
1647 3586 1709 3633 ad

699 3648 868 3696 solaris
901 3651 1016 3696 anni
1053 3649 1199 3696 finem
1239 3649 1580 3711 perveniatur;
1622 3649 1712 3697 hos

698 3713 915 3761 residuos
935 3713 1039 3761 dies
1063 3714 1230 3768 octies,
1251 3714 1478 3787 exemplo
1504 3729 1535 3762 a
1558 3713 1708 3762 Grae-

647 3791 654 3796 ·
700 3777 768 3823 cis
789 3783 1002 3838 sumpto,
1023 3777 1388 3838 multiplicatos,
1402 3783 1472 3824 ita
1485 3783 1543 3825 ut
1562 3793 1709 3824 nona-

698 3839 833 3901 ginta
871 3841 974 3888 dies
1011 3840 1329 3898 efficerentur,
1362 3841 1434 3887 ita
1477 3855 1563 3902 per
1598 3847 1708 3888 octo

699 3919 936 3951 annorum
991 3904 1200 3965 spatium
1251 3905 1613 3966 dispensabant,
1654 3910 1710 3952 ut

699 3968 894 4016 biennio
915 3983 1107 4029 quoque
1131 3983 1284 4016 unum
1316 3983 1533 4016 mensem
1564 3967 1707 4016 inter·

699 4033 932 4091 celarent,
969 4031 1051 4092 qui
1088 4032 1287 4080 alternis
1323 4031 1462 4079 binos
1494 4032 1707 4080 vicenos-

697 4111 809 4157 que,
835 4096 1034 4144 alternis
1063 4101 1228 4143 ternos
1253 4101 1308 4143 ‚et
1340 4096 1533 4144 vicenos
1564 4096 1708 4144 habe-

697 4166 771 4208 ret
793 4161 908 4208 dies.
977 4159 1162 4207 Verum
1192 4159 1362 4207 Numa
1392 4175 1543 4207 unum
1578 4159 1707 4208 diem

699 4239 827 4272 anno
849 4241 936 4272 suo
957 4225 1006 4272 in
1029 4224 1260 4272 honorem
1290 4223 1488 4285 imparis
1510 4225 1707 4272 numeri

698 4289 986 4337 addiderat:
1042 4289 1173 4336 unde
1225 4287 1390 4346 fiebat,
1431 4294 1487 4336 ut
1537 4293 1709 4336 octavo

700 4367 891 4414 quoque
927 4369 1057 4402 anno
1099 4358 1210 4401 octo
1251 4353 1553 4400 abundarent
1590 4353 1706 4402 dies.

1774 2115 1859 2163 sed
1897 2129 1981 2162 sex
2022 2119 2072 2162 et
2114 2113 2364 2175 sexaginta
2404 2117 2597 2160 tannim
2640 2118 2793 2160 inter·-

1775 2179 2002 2226 calabant
2022 2177 2139 2226 dies.
2196 2178 2279 2226 Ita
2293 2182 2463 2240 quarto
2484 2181 2535 2224 et
2556 2175 2793 2238 vigesimo

1774 2243 1971 2290 demum
2008 2257 2155 2302 auno,
2188 2241 2345 2304 plenis
2381 2241 2599 2289 omnium
2636 2255 2793 2288 anno-

1774 2321 1883 2353 rum
1904 2306 2088 2368 spatiis,
2111 2306 2214 2354 dies
2234 2321 2346 2354 cum
2373 2304 2487 2354 solis
2506 2319 2651 2353 cursu
2672 2319 2792 2352 con-

1774 2371 2023 2432 gruebant.
2094 2370 2190 2419 His
2210 2376 2376 2418 autem
2397 2368 2621 2417 omnibus
2640 2368 2793 2416 inter-

1777 2434 2099 2483 calationibus
2134 2433 2402 2482 destinatus
2435 2439 2539 2481 erat
2574 2433 2793 2480 Februa-

1776 2498 1877 2546 rius
1918 2499 2113 2558 mensis,
2156 2498 2295 2546 cuius
2344 2503 2455 2559 post
2494 2496 2691 2544 tertium
2736 2503 2793 2545 et

1776 2561 2055 2611 vicesimum
2074 2563 2204 2610 diem
2220 2561 2610 2609 intercalabatur.
2644 2560 2793 2609 Haec

1774 2641 1873 2675 non
1910 2627 2081 2675 inscite
2112 2626 2334 2674 ordinata
2366 2625 2594 2672 turbabat
2627 2625 2789 2686 ponti-

1775 2692 1941 2750 ficum,
1982 2691 2157 2752 quibus
2207 2690 2323 2738 anni
2368 2687 2617 2752 digerendi
2670 2703 2793 2738 cura

1776 2755 2072 2802 demandata
2123 2760 2243 2814 erat,
2296 2753 2473 2816 partim
2524 2751 2791 2815 imperitia,

1777 2817 1955 2878 partim
1992 2817 2223 2866 ambitio:
2264 2817 2347 2880 qui
2384 2823 2567 2864 temere
2598 2832 2658 2864 ac
2694 2832 2791 2880 pro

1778 2881 1996 2940 libidine,
2016 2882 2067 2930 in
2098 2883 2301 2944 gratiam
2332 2896 2479 2942 saepe
2504 2881 2793 2942 publicano-

1774 2959 1884 2993 rum
1924 2952 2012 2993 aut
2052 2945 2328 3008 principum
2370 2945 2549 2994 civium
2600 2960 2787 2994 annum

1776 3013 1863 3056 aut
1894 3009 2212 3058 docui-tabant
2242 3010 2347 3058 sine
2382 3008 2670 3058 necessitate
2698 3015 2793 3057 aut

1777 3072 2122 3132 producebant.
2193 3073 2328 3122 Huic
2370 3072 2637 3120 confusioni
2680 3079 2789 3121 tan-

1778 3137 1889 3184 dem
1906 3137 2173 3185 remedium
2190 3137 2357 3186 attulit
2371 3137 2579 3185 dictator
2590 3137 2791 3197 caesar,

1776 3201 2137 3263 Aegyptiosque
2151 3201 2368 3249 imitatus
2378 3215 2563 3248 annum
2578 3202 2791 3250 solarem

1776 3265 2002 3324 instituit,
2044 3280 2141 3326 quo
2194 3265 2480 3324 etiamnum,
2524 3266 2791 3314 emendato

1774 3336 1939 3376 tamen
1964 3329 2015 3376 in
2038 3329 2343 3390 quibusdam,
2364 3328 2559 3376 utimur.
2628 3329 2787 3378 Henr.

1778 3392 2063 3441 Dodwellus
2104 3392 2306 3441 Dissert.
2348 3394 2411 3441 de
2463 3393 2631 3455 cyclis
2684 3393 2787 3442 Ro-

1774 3471 2045 3517 manorum,
2087 3473 2135 3505 x.
2180 3457 2207 3516 fi
2247 3458 2349 3505 108.
2394 3463 2559 3505 censet
2599 3472 2787 3506 annum

1776 3521 1979 3568 Romuli
2022 3537 2052 3568 e
2098 3521 2343 3569 mensibus
2383 3522 2571 3580 decem,
2614 3521 2788 3570 diebus

1776 3599 1883 3646 304.
1920 3585 2145 3633 fictitium
2182 3600 2303 3644 esse,
2338 3600 2431 3633 nec
2473 3600 2687 3646 unquam
2730 3586 2785 3634 in

1774 3664 1866 3696 usu
1886 3649 2017 3697 civili
2038 3649 2213 3696 finisse:
2249 3650 2353 3698 fieri
2381 3655 2547 3698 tamen
2570 3650 2786 3710 potuisse

1773 3719 1829 3760 ιιι
1848 3728 2005 3760 annus
2024 3714 2155 3774 apud
2176 3714 2425 3762 Romanos
2439 3713 2595 3775 primo
2610 3714 2781 3762 decem

1772 3777 2013 3824 mensium
2033 3777 2194 3835 fuerit,
2215 3778 2299 3825 sed
2332 3777 2403 3825 ita
2434 3783 2489 3825 ut
2515 3779 2683 3825 decem
2705 3777 2783 3826 illi

1773 3854 1963 3888 menses
1986 3846 2143 3889 totum
2177 3841 2343 3888 solaris
2374 3857 2539 3889 cursus
2568 3841 2779 3903 spatium

1774 3905 2102 3964 exhaurirent,
2134 3921 2225 3953 nec
2262 3905 2366 3953 dies
2402 3920 2507 3968 304.
2547 3905 2631 3954 sed
2672 3905 2779 3968 365.

1772 3966 2084 4016 continerent.
2152 3970 2295 4018 Idem
2326 3969 2441 4017 ibid.
2475 3970 2503 4028 ἓ
2531 3983 2635 4018 ιοο.
2664 3971 2781 4017 anni

1744 4033 1955 4080 ‘lunaris
2005 4032 2374 4092 ordinationem,
2420 4049 2546 4094 quae
2606 4048 2637 4081 a
2700 4033 2781 4081 Li-

1773 4095 1853 4144 vio
1890 4097 2154 4158 ceterisque
2191 4098 2389 4145 Numae
2423 4097 2667 4154 tribuitur,
2698 4098 2778 4146 de-

1771 4160 1873 4207 beri
1911 4160 2072 4222 potius
2106 4160 2352 4210 existimat
2390 4161 2653 4222 Tarquinio
2690 4163 2779 4210 Su-

1770 4225 1937 4286 perbo.
2002 4225 2083 4272 De
2102 4239 2230 4272 anno
2254 4231 2412 4274 vetere
2434 4225 2663 4274 Romano
2682 4225 2779 4274 vid.

1771 4293 1823 4335 et
1878 4287 2073 4350 Ioseph.
2124 4289 2349 4350 Scaliger.
2400 4291 2463 4338 de
2517 4289 2779 4339 Emendat.

1772 4352 1893 4401 Tem
1900 4367 2086 4413 porum.
2107 4352 2154 4400 ii.
2189 4353 2349 4402 Casv.
