3000 4784
676 211 800 270 608
1436 203 1664 270 ΤΙΤῙ
1721 202 1988 270 LIVII

348 357 416 408 U.
440 358 501 407 c,
524 369 635 420 459·
672 343 982 420 habitum,
1028 362 1231 430 quum
1280 342 1407 406 iam
1454 355 1704 429 tempus
1749 354 1912 406 esset
1956 339 2318 404 deducendi
2369 341 2454 404 ab
2511 339 2770 405 Samnio

344 423 407 472 A.
440 423 500 472 0·
526 435 635 485 ²93·
672 431 1009 506 exercituS,
1026 443 1139 493 aut
1154 429 1505 516 utriusque,
1525 441 1634 492 aut
1649 442 1820 492 certe
1844 427 2114 493 alterius.
2181 426 2526 514 Optimum
2545 427 2768 504 visum,

674 541 803 604 quo
844 517 1042 603 magis
1071 515 1303 580 stactae
1332 537 1431 580 res
1480 514 1860 580 Samnitium
1903 529 2129 590 essent,
2161 536 2238 578 eo
2280 515 2684 600 pertinacius
2707 531 2770 578 et

672 603 961 668 infestius
1098 625 1166 666 re
1197 614 1407 666 cetera
1426 614 1493 667 et
1513 601 1841 689 persequi:
1889 613 1963 665 ut
1981 600 2412 687 perdomitum
2435 599 2770 664 Samnium

672 689 1034 776 insequenti
1078 711 1152 753 us
1180 688 1542 753 consulibus
1565 688 1726 752 tradi
1753 701 1980 774 posset.
2075 685 2357 762 Quando
2385 687 2518 750 iam
2559 687 2773 750 nullus

672 789 837 840 esset
858 775 1133 840 hostium
1164 775 1497 852 exercitus,
1523 775 1636 861 qui
1663 774 1858 861 signis
1887 773 2126 838 collatis
2153 773 2578 838 dimicaturus
2599 773 2774 838 vide-

672 873 863 938 retur,
896 884 1099 926 unum
1136 883 1461 948 superesse
1489 861 1640 925 belli
1765 883 1904 938 nna,
1935 860 2188 925 urbium
2218 881 2300 946 op
2349 861 2768 946 ugnationes3

674 970 941 1034 quarum
980 971 1095 1036 per
1122 947 1373 1012 excidia
1404 947 1672 1012 militem
1725 946 2084 1034 ocupletare
2120 967 2272 1034 prae
2317 969 2374 1023 a,
2405 961 2476 1010 et
2521 945 2774 1010 hostem

718 1057 789 1099 ro
840 1035 961 1098 aris
1012 1058 1085 1100 ac
1134 1035 1288 1100 focis
1338 1033 1748 1099 dimicantem
1798 1033 2108 1098 conficere
2166 1045 2443 1120 possent.
2539 1033 2578 1097 I
2693 1057 2772 1098 ue

722 1120 873 1186 teris
906 1121 1107 1186 missis
1136 1120 1218 1186 ad
1260 1135 1549 1186 senatum
1575 1120 1882 1220 populum
1927 1142 2008 1184 ue
2049 1119 2414 1184 Romanum
2449 1119 2536 1184 de
2583 1141 2656 1184 re
2701 1141 2772 1182 us

675 1208 755 1272 ab
800 1230 866 1272 se
911 1209 1121 1294 gestiS‚
1164 1208 1413 1284 diversi,
1445 1207 1542 1271 Pa
1584 1207 1736 1272 irius
1779 1205 1862 1271 ad
2025 1205 2271 1293 pinum,
2319 1204 2650 1270 Carvilius
2689 1205 2812 1270 ad6

674 1293 989 1360 Volanam
1018 1294 1511 1382 oppugnandam
1564 1292 1818 1380 egiones
1846 1292 2106 1357 ducunt.

452 1395 557 1456 45,
762 1380 1017 1446 Literae
1036 1380 1367 1446 consulum
1385 1381 1632 1467 ingenti
1653 1379 1890 1444 laetitia
1907 1392 1972 1444 et
1993 1379 2062 1442 iu
2083 1378 2261 1443 curia
2279 1391 2346 1443 et
2363 1379 2433 1442 in
2455 1380 2770 1444 concione

676 1467 965 1546 auditae3
1014 1481 1079 1532 et
1107 1467 1429 1555 quatridui
1456 1466 1912 1554 supplicatione
1941 1465 2268 1554 publicum
2293 1465 2614 1552 gaudium
2641 1466 2772 1554 pri-

676 1553 835 1620 vatis
864 1555 1087 1620 studiis
1116 1555 1499 1619 celebratum
1541 1565 1653 1618 est.
1745 1551 1887 1617 Nec
1929 1551 2167 1640 populo
2198 1551 2496 1617 Romano
2537 1574 2772 1639 magna

352 1663 578 1711 Etruseo-
678 1639 901 1718 solum,
938 1641 1050 1706 sed
1092 1653 1562 1728 peropportuna
1603 1640 1813 1717 etiam,
1850 1661 1928 1703 ea
1959 1639 2218 1704 victoria
2253 1638 2410 1715 fuit3
2455 1640 2622 1726 quia

350 1741 455 1802 qum
480 1727 631 1775 ΝΜ·
677 1727 849 1791 idem
865 1727 1027 1792 forte
1058 1740 1305 1815 tempus
1328 1725 1656 1792 rebellasse
1689 1725 1986 1790 Etruscos
2014 1725 2272 1789 allatum
2287 1739 2401 1789 est.
2499 1661 2772 1790 Subiffii

350 1793 433 1840 ¹¹⁰·
676 1813 975 1899 cogitatio
1014 1813 1314 1890 animum,
1348 1834 1626 1898 quonam
1667 1813 1858 1877 modo
1887 1811 2222 1877 tolerabilis
2249 1811 2465 1875 futura
2511 1811 2772 1876 Etruria

674 1899 911 1975 fuisset,
942 1899 995 1962 si
1035 1898 1193 1984 quid
1222 1899 1292 1963 in
1336 1898 1594 1963 Samnio
1631 1898 1878 1964 adversi
1905 1899 2210 1975 venisset3
2256 1921 2442 1985 quae,
2473 1899 2770 1963 coniura-

676 1985 848 2050 tione
884 1984 1265 2050 Samnitium
1300 1997 1527 2061 erecta,
1558 1985 1861 2072 quoniam
1891 1986 2076 2050 ambo
2103 1984 2392 2050 consules
2427 1983 2766 2072 omnisque

677 2071 971 2138 Romana
999 2073 1093 2137 vis
1120 2095 1335 2137 aversa
1361 2075 1431 2136 in
1456 2071 1787 2137 Samnium
1821 2086 2004 2149 esset,
2035 2071 2514 2159 occupationem
2545 2071 2768 2159 populi

677 2159 961 2225 Romani
1015 2182 1131 2247 pro
1182 2159 1508 2224 occasione
1561 2157 1906 2224 rebellandi
1955 2159 2289 2223 habuisset.
2379 2157 2769 2244 Legationes

675 2246 1007 2323 sociorum,
1060 2267 1100 2310 a
1156 2245 1252 2309 M.
1288 2244 1489 2310 Atilio
1538 2258 1825 2333 praetore
1884 2246 1954 2309 in
1999 2257 2286 2310 senatum
2342 2243 2768 2320 introductae,

722 2333 1119 2409 uerebantur,
1152 2332 1251 2396 uri
1290 2345 1357 2396 et
1381 2332 1610 2396 vastari
1647 2353 1829 2419 agros
1864 2355 1902 2395 a
1929 2331 2214 2395 finitimis
2253 2329 2560 2407 Etruscis,
2589 2331 2767 2418 quod

676 2355 1022 2484 desciscere
1078 2441 1119 2482 a
1166 2417 1405 2519 populo
1465 2417 1758 2483 Romano
1815 2418 2094 2484 nollent:
2163 2417 2766 2505 obtestabanturque

677 2504 899 2570 Patres
944 2517 1346 2592 conscriptos,
1392 2518 1465 2570 ut
1506 2527 1572 2569 se
1619 2528 1659 2569 a
1699 2505 1763 2568 vi
1807 2517 1998 2592 atque
2055 2503 2288 2568 iniuria
2327 2504 2766 2569 communium

676 2591 955 2656 hostium
1012 2603 1369 2656 tutarentur
1472 2591 1876 2679 Responsum
1930 2590 2169 2678 legatia,
2231 2598 2251 2628 ‘
2271 2611 2458 2654 curae
2517 2591 2768 2656 senatui

680 2686 701 2716 ‘
722 2679 1025 2755 futurum,
1056 2701 1139 2744 ne
1160 2679 1363 2742 socios
1382 2678 1534 2743 fidei
1563 2700 1711 2743 suae
1739 2679 2128 2766 poeniteret:
2178 2677 2592 2741 Etruscorum
2669 2699 2769 2741 ro-

681 2773 702 2803 ‘
722 2765 980 2864 pediem
1008 2764 1276 2830 eandem
1320 2765 1656 2842 fortunam,
1688 2787 1880 2853 quam
1915 2763 2314 2839 Samnitium,
2343 2762 2520 2827 som?
2611 2699 2740 2851 geg

678 2873 823 2914 mus
868 2864 1100 2929 tamen,
1132 2851 1306 2938 quod
1349 2850 1431 2915 ad
1462 2851 1780 2916 Etruriam
1823 2850 2148 2927 attinebat,
2175 2862 2315 2914 acta
2355 2871 2456 2913 res
2494 2863 2662 2914 esset
2700 2851 2766 2913 ni

680 2935 953 3000 Faliscos
981 2960 1258 3023 quoque,
1290 2939 1403 3024 qui
1445 2961 1562 3025 per
1587 2937 1819 3003 multos
1859 2959 2057 3002 annos
2087 2937 2154 3000 in
2193 2935 2469 3000 amicitia
2493 2935 2765 3012 filerunt,

678 3021 937 3086 allatum
964 3022 1146 3100 foret,
1178 3043 1351 3087 arma
1380 3021 1662 3088 Etruscis
1690 3024 1986 3088 iunxisse.
2079 3021 2290 3087 Huius
2325 3022 2770 3112 propinquitas

678 3108 900 3197 populi
929 3109 1099 3174 acuit
1128 3131 1342 3174 curam
1371 3109 1685 3188 Patribus,
1706 3124 1780 3175 ut
1800 3109 2041 3175 fetiales
2070 3108 2412 3174 mittendos
2427 3109 2511 3173 ad
2539 3131 2642 3174 res
2671 3133 2770 3174 re·-

764 3195 986 3262 tendas
1028 3208 1377 3262 censerent.
1474 3197 1726 3272 Quibus
1768 3219 1900 3262 non
1944 3196 2224 3273 redditis,
2269 3217 2351 3261 ex
2395 3197 2768 3261 auctoritate

678 3219 945 3348 &trum
974 3284 1148 3349 iussu
1174 3283 1395 3384 populi
1424 3283 1663 3349 bellum
1693 3283 1947 3348 Faliscis
1969 3282 2281 3346 indictum
2309 3294 2439 3346 est:
2486 3283 2768 3384 iussique

680 3369 971 3436 consules
998 3371 1225 3448 sortin,
1257 3383 1401 3436 uter
1438 3393 1521 3435 ex
1555 3369 1814 3435 Samnio
1841 3369 1912 3433 in
1953 3369 2270 3434 Etruriam
2299 3391 2450 3434 cum
2479 3383 2770 3434 exercitu

682 3457 990 3522 transiret.
1084 3459 1221 3523 Iam
1282 3455 1595 3522 Carvilius
1653 3455 1986 3532 Volanam‚
2046 3470 2115 3521 et
2169 3455 2645 3533 Palumbinum,
2703 3470 2768 3521 et
2787 3482 2812 3530 ’,-

684 3541 1159 3609 Herculaneum
1178 3567 1260 3608 ex
1282 3543 1668 3610 Samnitibus
1685 3556 1968 3631 ceperat:
2018 3541 2332 3607 Volanam
2353 3542 2522 3606 intra
2535 3565 2770 3630 paucos

680 3627 837 3704 dies,
899 3629 1349 3695 Palumbinum
1406 3631 1654 3708 eodem,
1702 3653 1830 3730 quo
1889 3629 1970 3693 ad
2027 3651 2240 3694 muros
2289 3629 2565 3693 accessit.
2661 3630 2770 3694 Ad

684 3711 1161 3804 Herculaneum
1202 3718 1299 3782 bis
1346 3716 1538 3782 etiam
1581 3717 1775 3803 sigms
1824 3716 2064 3781 collatis
2102 3715 2366 3802 ancipiti
2411 3715 2675 3802 proelio,
2705 3733 2768 3780 et

682 3901 757 3950 M.
794 3905 945 3964 eaput
983 3901 1228 3964 galeatum
1268 3915 1380 3950 cum
1420 3902 1694 3963 corniculis,
1759 3902 1836 3951 vio
1857 3909 2197 3960 memoratum,
2209 3909 2265 3951 ut
2281 3907 2332 3950 et
2345 3903 2698 3952 Palumbinum
2719 3911 2770 3953 et

682 3966 859 4028 quibus
874 3965 1059 4016 inditae
1080 3966 1296 4028 plumae,
1310 3966 1636 4028 conspicimus
1645 3971 1692 4024 3⁸⁹
1757 3969 2140 4026 Herculaneum,
2162 3983 2291 4029 supr.
2316 3980 2392 4028 45.
2428 3967 2560 4016 Bur.

682 4031 839 4080 Marc.
864 4030 1047 4082 Donat.
1082 4030 1143 4080 cf.
1164 4029 1317 4078 Drak.
1340 4031 1403 4080 ad
1426 4029 1473 4078 h.
1490 4031 1524 4078 l.
1561 4031 1692 4079 Ruv.
1823 4042 1850 4092 7
1877 4033 2132 4091 Volanam]
2161 4031 2310 4080 Hanc
2325 4043 2492 4079 vocem
2515 4037 2705 4082 temere
2719 4033 2768 4081 in

746 4093 779 4142 6
808 4096 1105 4157 Saepinum]
1159 4097 1443 4158 Saepinum,
1476 4091 1694 4144 Σαίπινον
1757 4100 1946 4143 textum
2004 4093 2264 4157 repositam
2323 4094 2468 4143 misse
2521 4096 2767 4146 existimat

685 4156 816 4206 Ptol.
839 4157 953 4208 hod.
975 4161 1179 4235 Supina,
1209 4161 1273 4208 ad
1295 4159 1612 4221 Apenninum
1643 4165 1694 4208 et
1757 4158 1961 4208 Niebhr.
1993 4160 2063 4208 iii.
2096 4175 2143 4207 n.
2167 4157 2276 4220 664.
2300 4159 2383 4222 qui
2415 4160 2617 4218 Vellem,
2649 4161 2700 4210 h.
2725 4177 2765 4210 e.

682 4220 841 4270 fontes
856 4221 1057 4271 Tamari
1078 4225 1126 4272 fl.
1144 4225 1275 4273 unde
1294 4225 1562 4286 municipes
1575 4225 1690 4274 Sae-
1765 4225 1963 4282 Veliam,
1983 4224 2084 4274 sive
2115 4224 2342 4273 Valetium
2369 4223 2626 4285 legendam
2660 4239 2763 4273 ma-

678 4286 877 4346 pinam
910 4300 991 4348 ap.
1022 4287 1217 4338 Gruter.
1239 4303 1352 4349 441,
1374 4307 1419 4349 4.
1452 4302 1565 4351 513,
1593 4303 1699 4337 ι.-
1761 4287 1859 4337 det.

694 4347 879 4394 Volana
902 4349 1140 4410 oppidum
1162 4352 1364 4411 Samnii,
1380 4367 1479 4400 non
1500 4352 1592 4400 nisi
1615 4351 1696 4400 Li-
