3000 4784
648 164 767 225 186
1406 156 1630 222 TITI
1688 154 1962 221 LIVII

226 304 235 309 “
317 298 385 350 U.
410 298 469 353 C·
496 312 605 361 304·
644 293 922 369 credere,
955 292 1127 357 haud
1168 291 1446 377 indignis
1474 291 1780 357 accidere.
1875 290 2086 354 Avide
2129 287 2379 354 ruendo
2423 286 2506 350 ad
2547 286 2798 351 liber-

316 364 381 414 A.
410 362 469 412 c·
494 363 607 425 448·
646 393 841 443 tatem
886 380 957 441 in
990 379 1357 443 servitutem
1385 377 1592 465 lapsos
1620 378 1836 442 iuvare
1865 375 2076 440 nolle:
2125 374 2450 441 cumulare
2523 394 2794 459 noque

646 464 924 541 iniuriae,
976 478 1049 529 ut
1100 464 1310 527 taedio
1368 464 1798 551 praesentium
1845 462 2135 527 consules
2181 462 2312 526 duo
2365 472 2474 524 tan
2519 482 2632 523 em
2705 472 2800 522 et

318 571 467 619 Duae
486 574 559 617 ta.-
645 564 845 626 status
872 550 1174 637 pristinus
1202 572 1415 614 rerum
1445 551 1516 613 in
1545 549 1930 615 desiderium
1961 548 2236 613 veniant.
2329 546 2470 611 Iam
2499 558 2566 609 et
2591 566 2796 644 prq—

316 635 465 681 bulae
486 632 581 694 pri-

317 698 482 745 oribus
506 696 574 745 X.

316 760 531 809 additae.

432 2170 535 2229 38.

330 2250 399 2300 U.
422 2252 482 2301 G.
508 2262 599 2314 305

330 2316 390 2363 A.
422 2317 481 2365 0.
505 2326 599 2377 447

332 2378 589 2427 Decemvi-

327 2457 490 2490 rorum
512 2458 596 2491 an-

328 2520 421 2554 nus
444 2506 552 2555 111.

646 650 915 701 cesserat
942 658 1087 723 pars
1116 635 1315 699 maior
1344 636 1516 713 anni,
1547 649 1614 699 et
1641 636 1806 700 duae
1837 634 2088 699 tabulae
2129 634 2346 721 legum
2373 631 2474 696 -ad
2513 652 2796 717 pnons
2819 652 2857 698 3

647 723 799 787 anni
828 722 1053 785 decem
1083 721 1327 787 tabulas
1356 736 1538 786 erant
1565 722 1884 787 adiectaez
1934 743 2054 784 nec
2083 721 2430 807 quicquam
2473 718 2602 781 iam
2643 740 2800 781 su-

646 820 915 895 pererat,
958 808 1011 872 si
1054 807 1173 871 hae
1218 830 1475 893 quoque
1520 807 1692 895 leges
1735 807 2103 872 centuriatis
2145 805 2419 871 comitiis
2545 801 2790 867 rlatae

647 906 879 971 essent,
910 915 1024 957 cur
1051 916 1129 958 eo
1160 894 1530 979 magistratu
1557 892 1938 980 reipublicae
1985 914 2144 979 opus
2183 907 2364 957 esset.
2521 910 2796 975 κερεα-

653 981 888 1057 mbant,
912 1002 1105 1065 quam
1136 1001 1287 1043 mox
1318 979 1682 1044 consulibus
1711 978 2000 1043 creandis
2027 980 2287 1043 comitia
2315 977 2786 1041 edicerentur.

653 1064 733 1129 Id
763 1066 953 1130 modo
993 1064 1211 1153 plebes
1254 1066 1550 1152 agitabat,
1575 1087 1855 1152 quonam
1893 1064 2086 1129 modo
2127 1062 2532 1129 tribuniciam
2563 1074 2794 1147 pote-

649 1165 898 1230 statem,
918 1150 1389 1215 munimentum
1417 1150 1711 1229 libertati,
1743 1171 1880 1215 rem
1908 1150 2328 1215 intermissam
2358 1160 2784 1233 repararent.

660 1237 881 1313 Quum
911 1238 1167 1302 interim
1196 1237 1437 1302 mentio
1464 1237 1866 1302 comitiorum
1894 1236 2072 1300 nulla
2097 1236 2256 1313 fieri,
2283 1248 2350 1299 et
2377 1233 2784 1311 decemviri,
2809 1260 2850 1301 4

655 1324 769 1423 qui
796 1324 1003 1411 primo
1033 1323 1401 1388 tribunicios
1427 1323 1738 1399 homines,
1764 1322 1917 1408 quia
1943 1321 2012 1385 id
2039 1321 2343 1422 populare
2373 1319 2784 1397 habebatur,

653 1432 891 1473 clrcum
934 1432 1004 1477 se
1050 1422 1518 1473 ostentaverant
1559 1408 1790 1495 plebei,
1821 1408 2099 1507 patrichs
2133 1406 2468 1472 iuvenibus
2493 1426 2786 1492 saepe-

654 1508 798 1559 rant
846 1494 1077 1558 latera:
1141 1517 1364 1559 eorum
1420 1509 1708 1559 catervae
1770 1493 2108 1558 tribunalia
2155 1492 2550 1558 obsederant.
2657 1490 2784 1555 Hi

653 1580 837 1656 ferre,
860 1602 1048 1665 agere
1078 1579 1327 1666 plebem
1357 1579 1688 1667 plebisque
1718 1602 1856 1657 res;
1896 1602 2099 1665 quum
2125 1580 2400 1654 fortuna,
2419 1600 2552 1664 qua
2565 1575 2842 1671 quic-g

653 1665 813 1752 quid
860 1666 1149 1751 cupitum
1198 1664 1382 1743 foret,
1426 1666 1802 1751 potentioris
1843 1680 2024 1730 esset.
2119 1664 2208 1729 Et
2257 1665 2386 1728 iam
2429 1684 2515 1727 ne
2567 1676 2783 1750 tergo

654 1750 916 1836 quidem
960 1750 1423 1815 abstinebatur:
1470 1751 1664 1838 viigis
1705 1750 1907 1829 caedi,
1944 1750 2052 1815 alii
2093 1750 2300 1815 securi
2343 1748 2614 1825 subiici3
2665 1762 2777 1826 et,

656 1857 739 1899 ne
774 1834 1049 1921 gratuita
1076 1835 1416 1900 crudelitas
1444 1849 1629 1912 esset,
1659 1838 1971 1901 bonorum
1999 1836 2260 1901 donatio
2287 1834 2470 1921 sequi
2499 1834 2780 1899 domini

655 1943 775 2006 sup
820 1920 1055 1985 licium.
1148 1920 1291 1985 Hac
1332 1921 1624 1986 mercede
1669 1922 1966 1987 iuventus
2009 1922 2238 1996 nobilis
2281 1932 2580 2006 corrupta
2615 1943 2778 1985 non

654 1942 847 2069 motib
898 2028 1029 2070 non
1086 2007 1179 2071 ire
1228 2007 1481 2071 obviam
1534 2008 1822 2085 iniuriae,
1869 2008 1984 2073 sed
2038 2006 2368 2095 propalam
2421 2006 2776 2071 licentiam

654 2114 833 2155 suam
863 2091 1069 2169 malle,
1100 2115 1295 2177 quam
1322 2092 1610 2157 omnium'
1640 2093 2012 2159 libertatem.

744 2176 899 2242 Idus
922 2176 1135 2243 Maiae
1158 2201 1405 2243 venere.
1488 2177 1702 2242 Nullis
1731 2178 2084 2265 subrogatis
2111 2178 2596 2267 magistratibus,
2669 2178 2773 2241 ri-
2797 2206 2830 2255 ⁷

654 2264 783 2327 vati
812 2286 928 2363 pro
950 2263 1341 2340 decemviris,
1366 2286 1580 2350 neque
1599 2264 1828 2328 animis
1849 2265 1932 2329 ad
1959 2266 2300 2352 imperium
2322 2264 2590 2328 inhiben
2637 2287 2770 2328 um
2785 2290 2826 2336 8

655 2349 1026 2427 immunde,
1056 2372 1267 2435 neque
1302 2350 1385 2415 ad
1414 2350 1688 2437 speciem
1718 2350 1976 2415 honoris
2004 2351 2126 2415 insi
2215 2352 2376 2427 ibus,
2407 2349 2762 2450 prodeunt.

654 2434 737 2503 Id
764 2458 914 2502 vero
943 2458 1212 2524 regnum
1255 2436 1429 2501 haud
1458 2436 1652 2502 dubie
1681 2436 1901 2501 videri.
1993 2436 2144 2523 Dep
2169 2449 2386 2501 oratur
2415 2458 2484 2499 m
2518 2458 2770 2523 perpe-

722 2682 751 2733 3
782 2674 931 2721 Duas
961 2674 1157 2723 tabulae
1188 2675 1372 2735 leyum]
1417 2674 1560 2729 Quas
1579 2672 1668 2722 ini·
1732 2690 1842 2723 cum
1879 2690 1934 2724 eo
1967 2681 2161 2733 eventu,
2193 2690 2287 2738 quo
2320 2690 2418 2723 non
2449 2676 2531 2723 ius
2560 2675 2650 2725 ced
2681 2678 2768 2725 vis

656 2750 777 2795 quas
796 2736 946 2783 fuisse
967 2736 1134 2783 scribit
1156 2736 1261 2785 cic.
1279 2738 1341 2785 de
1364 2738 1491 2799 Rep.
1516 2738 1566 2787 ii.
1592 2748 1668 2799 37.
1732 2740 1934 2797 valeret,
1963 2753 2110 2799 quam
2146 2738 2299 2797 1..Fr.
2326 2736 2542 2787 Gronov.
2577 2738 2628 2785 in
2665 2738 2765 2787 ite-

655 2798 707 2845 in
730 2798 921 2859 quibus,
933 2813 997 2845 ne
1020 2798 1155 2860 plebi
1174 2805 1227 2846 et
1248 2799 1467 2860 patribus
1486 2815 1670 2849 connu-
1734 2808 1842 2849 rata
1861 2816 1950 2849 sua
1970 2802 2184 2849 editione
2204 2799 2422 2861 admisit,
2437 2803 2764 2863 quemadmo-

656 2860 739 2908 bia
760 2868 935 2917 essent,
956 2861 1199 2911 sancitum
1220 2867 1307 2911 est.
1735 2865 1856 2913 dum
1888 2865 2036 2913 etiam
2067 2865 2345 2914 Glareanus
2377 2866 2590 2914 voluisse
2621 2865 2766 2915 vido-

722 2940 753 2982 4
786 2925 949 2980 Quum
970 2957 983 2970 .
1008 2958 1021 2971 .
1044 2924 1217 2984 ‚fier-i]
1268 2924 1333 2971 In
1362 2924 1472 2973 MS.
1503 2924 1671 2975 Veith.
1737 2934 1833 2978 tur.

644 2987 795 3046 fieret
812 3002 829 3032 .-
872 2986 1146 3044 deoemviri,
1198 2987 1283 3034 sed
1332 3003 1483 3049 quam
1536 2988 1674 3036 haud
1806 3002 1833 3053 7
1865 2992 2034 3040 Nullis
2062 2992 2336 3054 mbroqatis
2359 2994 2760 3055 misit-atibus]

658 3062 765 3095 raro
787 3062 900 3095 cum
936 3047 1177 3096 infinitivo
1206 3049 1434 3097 historico
1454 3066 1536 3112 ap.
1563 3050 1670 3099 Liv.
1739 3054 1856 3103 Hoc
1898 3055 2282 3103 decemvirorum
2325 3056 2588 3117 collegium
2644 3058 2765 3120 lege

657 3110 979 3175 coniungitur.
1024 3112 1086 3159 cf.
1108 3128 1239 3175 supr.
1263 3112 1313 3163 ii.
1336 3124 1413 3175 ⁴27.
1735 3118 1835 3166 alia
1855 3120 1918 3172 ab
1939 3118 2028 3166 illo
2043 3124 2262 3167 creatum
2279 3119 2528 3168 existimat
2543 3120 2763 3171 Niebhr.

724 3187 751 3237 5
790 3178 962 3235 Ferre,
998 3179 1167 3237 apere]
1227 3177 1483 3259 Loquendi
1521 3192 1675 3241 genus
1736 3186 1794 3228 ut
1816 3183 1947 3242 quod
1969 3182 2133 3229 locum
2155 3183 2375 3231 omnium
2408 3183 2618 3232 aliorum
2651 3199 2762 3233 ms.-

657 3239 977 3313 ‹lesumptmn
985 3255 1017 3287 a
1030 3240 1415 3304 Graecisflpepsw
1429 3242 1506 3289 nal
1526 3240 1672 3303 ἄγειν.
1737 3243 2026 3305 gistratuum
2059 3260 2124 3293 ex
2159 3261 2290 3294 nova
2331 3246 2634 3309 reipublicae
2667 3250 2762 3297 ad-

658 3302 720 3350 ef.
743 3302 854 3349 infr.
876 3317 993 3351 xxn.
1020 3318 1065 3364 3.
1737 3308 2086 3359 ministrandae
2105 3309 2414 3359 institutione
2433 3310 2655 3373 habetet,
2669 3327 2762 3361 ne-

722 3364 753 3413 6
788 3368 949 3423 Quum
968 3368 1209 3427 fortuna]
1253 3368 1421 3416 Verba
1452 3368 1592 3428 haec,
1623 3374 1675 3417 et
1738 3386 1834 3431 que
1867 3384 2032 3420 annuo
2063 3374 2224 3433 spatio
2249 3374 2498 3422 finiretur:
2533 3374 2762 3435 alioquin

658 3442 785 3489 quae
816 3434 1101 3489 sequuntur,
1132 3446 1431 3493 quamquam
1464 3432 1670 3494 intelligi
1733 3434 1996 3497 interreges
2024 3450 2229 3484 munera
2259 3436 2458 3485 illorum
2480 3436 2646 3485 statim
2668 3453 2760 3487 an-

659 3496 880 3552 possunt,
900 3498 1065 3540 tamen
1088 3494 1310 3542 nonnihil
1334 3502 1562 3557 corrupta
1583 3511 1670 3557 pu·
1735 3512 1834 3545 nuo
1859 3513 1884 3545 s
1949 3498 2018 3546 tio
2041 3499 2181 3547 finito
2203 3499 2590 3562 occupavissent,
2613 3507 2666 3549 et
2691 3518 2760 3551 ex

660 3560 726 3619 to.
796 3554 892 3602 Vel
926 3555 1185 3617 legendum
1218 3574 1328 3607 oum
1348 3561 1581 3619 fortuna,
1603 3558 1674 3606 ita
1735 3560 1843 3623 lege
1930 3562 2082 3611 aleria
2111 3562 2376 3611 renitentes
2407 3562 2760 3614 cohibuissent.

659 3622 719 3663 ut
750 3620 1037 3678 potentioris
1063 3619 1189 3670 ‘esset
1224 3623 1291 3673 ad
1324 3624 1559 3685 quioquid
1589 3638 1672 3669 ου-
1736 3622 1798 3672 cf.
1835 3624 1944 3673 infr.
1984 3640 2062 3686 54.
2083 3626 2180 3676 =ubi
2217 3632 2444 3674 senatum
2483 3627 2762 3677 decrevisse

655 3682 817 3740 pinam
835 3683 972 3753 ‚foret
1002 3683 1255 3746 referatur,
1287 3685 1337 3733 h.
1361 3701 1403 3733 e.
1427 3700 1542 3732 cum
1568 3700 1672 3733 suc-
1737 3686 1960 3748 legimus,
1991 3694 2050 3735 nt
2081 3688 2344 3737 decemviri
2381 3690 2672 3752 magistratu
2705 3707 2761 3741 se

662 3758 798 3791 cessu
836 3748 908 3791 ita
948 3760 1177 3807 prospero
1214 3753 1272 3794 ut
1309 3754 1505 3807 cuncta,
1547 3762 1674 3809 quae
1736 3750 2032 3800 abdicarent.
2303 3768 2314 3779 ·

661 3806 771 3917 2¹2³?
782 3807 1077 3934 &wa
1094 3816 1330 3932 3¹02ssss
1349 3810 1672 3938 ῗξὲΐῖξὲ
1737 3814 1840 3937 «1113
1877 3816 2267 3927 &suffi‘zffleffi
2284 3817 2760 3942 ’ῗηὴὲίῗῗὲἔέἑ

660 3936 771 3993 quis
811 3936 1031 3995 cupitum
1072 3938 1183 3995 iret,
1212 3940 1499 3999 potentioris
1535 3944 1672 3996 esset,
1737 3941 1963 4000 occurrit,
1971 3947 2028 3990 ut
2039 3942 2148 3991 infr.
2165 3943 2462 4007 imperioque
2477 3945 2758 3994 emmo-do.

660 3995 744 4042 ubi
756 3999 973 4057 fortuna
994 4000 1057 4048 de
1078 4001 1221 4048 rebus
1251 4000 1371 4061 ipsis
1398 3999 1671 4063 intelligen-
1737 4008 1788 4051 et
1817 4004 1880 4052 iv.
1907 4020 1982 4066 53.
2007 4007 2084 4067 58.
2129 4006 2189 4054 cf.
2218 4006 2323 4054 Cic.
2355 4005 2541 4068 Philip.
2575 4006 2674 4055 viii.
2709 4010 2760 4057 8.

660 4059 794 4109 dum.
861 4060 959 4109 Sed
988 4063 1198 4124 priorem
1221 4064 1550 4111 coniecturam
1573 4064 1672 4113 iam
1738 4066 2049 4116 Adiectivum
2071 4070 2340 4117 imminutis
2359 4068 2512 4117 etiam
2527 4070 2758 4120 odhone-

660 4136 781 4170 occu
818 4130 953 4172 atam
988 4141 1019 4173 a
1058 4127 1101 4174 1.
1139 4127 1219 4173 Fr.
1262 4126 1475 4173 Gronov.
1517 4127 1672 4176 video.
1737 4132 1808 4177 ris
1836 4132 2111 4192 insignibus
2139 4130 2512 4193 intelligendum
2539 4147 2668 4190 esse,
2685 4134 2758 4183 ffl-

664 4184 735 4257 In·
778 4248 788 4257 υ
804 4186 853 4234 S.
875 4187 1065 4237 Veith.:
1098 4190 1523 4259 crepitumjraerat.
1559 4192 1672 4239 Srn.
1739 4193 1834 4240 cile
1867 4200 2019 4254 patet.
2084 4195 2320 4244 Ceterum
2353 4196 2404 4242 in
2439 4195 2551 4244 MS.
2585 4195 2756 4247 vaith.

662 4246 789 4293 M1h1
846 4250 1043 4309 quidem
1091 4250 1267 4297 arridet
1321 4252 1674 4312 interpretatio,
1738 4256 1916 4316 legitur
1935 4258 2274 4309 adhibendum.
2309 4258 2525 4307 Srnorn.
