3000 4784
676 257 718 315 4
1182 249 1377 316 ΤῙΤΙ
1421 249 1654 319 LIVII
1694 248 2252 319 PRAEFATIO.

677 409 756 452 ea
793 409 912 451 nec
952 385 1278 465 affirmare,
1311 409 1431 452 nec
1465 386 1772 466 refellere,
1803 386 1872 451 in
1907 388 2120 452 animo
2160 401 2270 452 est,
2363 386 2573 453 Datur
2606 387 2761 454 haec

675 474 863 539 venia
898 473 1279 561 antiquitati,
1318 486 1410 551 ut,
1451 473 1777 539 miscendo
1820 473 2098 538 humana
2129 474 2379 552 divinis,
2419 475 2767 563 primordia

675 561 929 624 urbium
959 561 1319 647 augustiora
1342 561 1547 625 faciat.
1641 560 1747 638 Et,
1777 561 1831 624 si
1861 561 1964 625 cui
1994 561 2230 648 populo
2264 561 2451 626 licere
2492 575 2761 650 oportet,

675 669 1038 711 consecrare
1086 647 1360 734 origines
1397 671 1559 725 suaS,
1606 659 1673 711 et
1714 647 1797 712 ad
1842 647 1995 712 deos
2045 647 2277 712 referre
2329 662 2635 727 auctores,
2688 672 2766 713 ea

674 733 826 798 belli
852 733 1054 821 gloria
1081 747 1178 798 est
1203 733 1441 820 populo
1473 733 1786 812 Roman0,
1818 746 1910 811 ut,
1941 755 2140 820 quum
2170 757 2354 798 suum
2388 735 2765 800 conditoris-

676 841 802 906 que
849 821 948 885 sui
997 833 1325 908 parentem
1371 819 1648 885 Martem
1694 821 2090 908 potissimum
2132 820 2311 898 ferat,
2360 835 2491 886 tam
2534 834 2599 886 et
2641 820 2763 886 hoc

673 919 898 993 gentes
939 907 1252 972 humanae
1301 908 1624 994 patiantur
1668 929 1874 993 aequo
1920 907 2151 984 anim0‚
2194 930 2385 994 quam
2425 909 2765 996 imperium

675 993 1018 1080 patiuntur.
1115 993 1244 1058 Sed
1277 993 1434 1058 haec
1463 1007 1531 1057 et
1558 994 1659 1057 his
1692 993 1939 1071 similia,
1970 1005 2168 1058 utcun
2216 1018 2295 1059 ue
2332 995 2767 1060 animadversa

673 1091 784 1144 aut
813 1080 1170 1144 existimata
1197 1093 1402 1158 crunt,
1441 1079 1615 1144 haud
1648 1081 1717 1144 in
1760 1103 1990 1168 magno
2034 1081 2184 1166 equi
2232 1104 2334 1145 em
2368 1105 2603 1168 ponam
2636 1081 2766 1146 dis-

673 1165 956 1231 crimine.
1069 1165 1184 1232 Ad
1233 1165 1344 1231 illa
1391 1165 1551 1230 mihi
1601 1189 1717 1254 pro
1767 1189 1834 1230 se
1882 1166 2151 1268 quisque
2200 1168 2427 1232 acriter
2473 1167 2764 1233 intendat

672 1252 976 1332 animum,
1007 1275 1171 1354 quae
1201 1253 1348 1332 vita,
1381 1253 1492 1341 qui
1524 1276 1729 1318 mores
1755 1253 2016 1318 fuermt:
2059 1276 2175 1340 per
2213 1278 2373 1340 quos
2404 1255 2590 1334 viro&
2622 1255 2764 1356 qui-

671 1340 916 1427 busque
945 1341 1203 1418 artibuS,
1234 1341 1409 1405 domi
1438 1340 1849 1428 militiaeque,
1885 1354 1951 1405 et
1984 1353 2235 1426 partum
2264 1355 2331 1406 et
2358 1354 2615 1406 auctum
2644 1365 2764 1406 im-

754 1427 920 1492 rium
971 1427 1069 1491 sit.
1179 1426 1468 1492 Labente
1521 1426 1755 1491 deinde
1807 1425 2133 1515 paullatim
2192 1427 2349 1492 disci
2394 1428 2545 1505 lina,
2587 1429 2764 1494 velut
2783 1457 2819 1500 4
2832 1446 2846 1455 ·

672 1449 1034 1578 {sidentes
1070 1513 1277 1600 primo
1313 1535 1519 1578 mores
1558 1526 1858 1600 sequatur
1895 1513 2137 1592 anim03
2179 1514 2327 1579 dein
2376 1538 2412 1580 e
2454 1526 2527 1579 ut
2564 1515 2764 1603 magis

671 1599 909 1748 maffiisq'
916 1623 996 1663 ue
1036 1599 1195 1688 lapsi
1240 1600 1394 1675 sint3
1445 1613 1582 1664 tum
1612 1599 1704 1664 ire
1736 1600 2062 1687 coeperint
2099 1601 2507 1688 praecipites:
2557 1601 2763 1667 donec

671 1685 756 1748 ad
829 1707 942 1750 aec
971 1699 1276 1773 tempora,
1306 1687 1538 1773 quibus
1566 1709 1687 1750 nec
1715 1687 1869 1752 vitia
1894 1698 2125 1764 nostra,
2162 1710 2283 1752 nec
2317 1687 2598 1752 remedia
2629 1689 2762 1776 pati

671 1793 1018 1858 post-mmm,
1050 1787 1427 1861 perventum
1455 1785 1569 1838 est.
1662 1771 1810 1838 Hoc
1838 1771 1999 1838 illud
2028 1786 2123 1839 est
2148 1775 2488 1862 praecipue
2516 1774 2587 1839 in
2614 1798 2653 1840 c

672 1857 916 1923 uitione
962 1881 1175 1924 rerum
1225 1858 1471 1925 salubre
1524 1882 1598 1924 ac
1647 1859 2039 1947 frugiferum,
2099 1861 2306 1926 omnis
2364 1875 2427 1926 te
2485 1862 2763 1964 exempi

672 1943 1055 2010 documenta
1082 1946 1153 2024 in
1179 1945 1406 2010 illustri
1435 1946 1641 2034 posita
1682 1959 2098 2012 monumento
2136 1947 2405 2012 intueri:
2453 1948 2604 2013 inde
2644 1948 2764 2013 t1bi

672 2043 945 2118 tuaeque
991 2032 1082 2096 rei
1128 2032 1394 2110 ublicae,
1443 2033 1620 2120 quod
1662 2033 1932 2112 imitere,
1981 2034 2223 2122 capias:
2278 2035 2451 2114 inde,
2501 2034 2761 2100 foedum

671 2116 952 2206 inceptu,
981 2055 1241 2184 foeiium
1269 2120 1468 2196 exitu,
1500 2119 1676 2207 quod
1701 2119 1879 2184 vites,
1975 2119 2281 2186 Ceterum
2318 2133 2428 2185 aut
2456 2143 2557 2186 me
2588 2143 2765 2186 amor

671 2204 914 2304 negotii
955 2205 1230 2293 suscepti
1275 2205 1453 2284 fallit,
1514 2219 1622 2271 aut
1670 2205 1847 2272 nulla
1896 2231 1984 2271 un
2031 2231 2177 2272 uam
2235 2207 2587 2295 respublica
2641 2231 2761 2273 nec

625 2334 632 2344 -
671 2313 890 2368 maior,
929 2315 1050 2357 nec
1078 2293 1370 2370 sanctior,
1411 2315 1533 2358 nec
1566 2293 1751 2358 bonis
1780 2316 2011 2381 exemp
2036 2295 2087 2358 is
2121 2293 2315 2358 ditior
2342 2293 2495 2360 fuit:
2542 2318 2663 2360 nec
2692 2296 2759 2359 in

669 2375 862 2464 quain
880 2377 1200 2444 civitatem
1219 2392 1348 2445 tam
1369 2403 1545 2444 serae
1563 2379 1823 2445 avaritia
1840 2381 2217 2468 luxuriaque
2234 2380 2756 2482 immigraverint:

668 2486 790 2529 nec
819 2465 930 2530 ubi
961 2477 1171 2531 tantus
1199 2489 1273 2531 ac
1303 2479 1434 2532 tam
1461 2465 1577 2531 diu
1604 2467 1963 2568 paupertati
2001 2491 2075 2532 ac
2110 2468 2524 2556 parsimomae
2561 2467 2762 2534 honos

667 2549 890 2616 fiaerit:
935 2551 1114 2631 ade0,
1146 2567 1386 2642 quanto
1420 2575 1633 2620 rerum
1672 2575 1900 2632 minus,
1942 2566 2121 2619 tanto
2151 2555 2361 2620 minus
2398 2579 2482 2620 cu
2524 2553 2762 2620 iditatis

667 2651 818 2703 erat.
911 2637 1140 2728 Nuper
1173 2639 1430 2706 divitiae
1471 2641 1816 2718 avaritiam,
1862 2653 1930 2706 et
1972 2641 2366 2708 abundantes
2408 2665 2487 2706 vo
2512 2653 2761 2730 uptates

667 2723 1053 2791 desiderium
1094 2749 1212 2814 per
1252 2726 1476 2792 luxum
1520 2741 1711 2814 atque
1755 2727 2089 2792 libidinem
2130 2728 2443 2814 pereundi
2487 2727 2761 2816 perden-

667 2810 862 2898 dique
921 2812 1136 2876 omnia
1190 2813 1507 2878 invexere.
1624 2812 1755 2878 Sed
1800 2813 2116 2900 querelae,
2168 2836 2249 2878 ne
2310 2828 2446 2880 tum
2496 2814 2757 2902 quidem

663 2911 880 2984 gratae
909 2897 1178 2975 stimme,
1208 2921 1407 2997 quum
1435 2898 1697 2963 forsitan
1726 2912 1793 2964 et
1820 2901 2206 2964 necessariae
2235 2914 2441 2980 erunt,
2468 2903 2547 2966 ab
2576 2902 2760 2967 initio

668 2995 838 3048 certe
869 2995 1080 3050 tantae
1111 2983 1454 3050 ordiendae
1484 2985 1579 3049 rei
1608 2985 1832 3050 absint.
1899 2984 2069 3050 Cum
2090 2988 2275 3052 bonis
2296 2989 2507 3076 potius
2529 2989 2760 3053 omini-

665 3069 786 3134 bus
822 3069 1110 3223 votisqkue
1150 3093 1224 3135 ac
1261 3071 1731 3158 precationibus
1783 3071 2047 3138 deorum
2102 3074 2509 3162 dearumque,
2566 3074 2639 3154 si,
2686 3089 2758 3140 ut
2776 3091 2803 3140 5

665 3157 890 3242 poetis,
929 3179 1016 3221 no
1061 3157 1113 3222 is
1155 3179 1410 3245 quoque
1455 3181 1591 3224 mos
1633 3172 1815 3237 esset,
1859 3159 2159 3226 libentius
2201 3160 2640 3249 inciperemus,
2687 3177 2759 3227 ut

668 3243 824 3308 orsis
852 3244 1012 3310 tanti
1042 3245 1250 3333 operis
1278 3267 1601 3311 successus
1628 3268 1961 3334 prosperos
1990 3246 2233 3315 darent.

732 3425 764 3469 4
795 3409 1034 3468 Lubente]
1087 3409 1308 3457 labante
1339 3423 1400 3457 ex
1433 3409 1678 3458 emendat.
1742 3413 1823 3458 tur
1844 3405 2169 3457 nobilissimus
2188 3407 2275 3456 ille
2296 3410 2451 3470 locus,
2465 3407 2516 3458 in
2534 3423 2631 3484 quo
2654 3409 2757 3460 Pli-

667 3471 722 3520 J.
741 3473 819 3522 Fr,
837 3471 1052 3523 Gronov.
1071 3472 1124 3520 in
1141 3475 1332 3521 textum
1347 3472 1533 3535 recepit
1550 3472 1680 3522 Bek-
1742 3473 1855 3522 nius
1880 3472 1931 3521 in
1962 3472 2159 3522 exordio
2182 3473 2469 3537 Panegyrici
2501 3489 2575 3523 sm
2607 3473 2759 3524 zunili

667 3535 770 3586 ker.
792 3535 908 3584 licet
929 3537 1071 3586 codd.
1092 3537 1278 3586 advers.
1744 3537 1937 3586 dicendi
1958 3537 2145 3586 ratione
2166 3538 2334 3588 utitur.

734 3613 762 3662 5
795 3602 1167 3652 Proca-tionibus
1185 3601 1408 3662 mm]
1449 3601 1678 3652 confera-
