3000 4784
710 213 835 279 578
1480 207 1708 276 ΤῙΤῙ
1765 206 2034 276 LIVII

390 359 458 408 U.
480 359 542 409 c,
563 357 675 422 456·
714 348 894 413 dunt.
986 345 1074 411 Et
1124 344 1508 412 Volumnius
1555 345 1603 409 s‘
1697 367 1737 409 a
1793 365 2038 421 canere,
2089 365 2166 408 ac
2214 341 2450 408 vexilla
2507 341 2732 408 efferri
2787 365 2830 406 e

389 425 451 474 A.
482 425 543 474 0·
567 423 677 490 ‘²⁹⁶-
715 434 931 500 casuis
964 433 1161 498 iussit.
1252 431 1544 520 Appium
1659 431 1978 496 dubitaaee
2006 430 2242 507 ferunt,
2271 443 2671 507 cernentem,
2701 452 2828 494 seu

387 788 697 852 eugancum

715 533 1062 622 pugnante,
1108 541 1223 584 seu
1258 519 1479 606 quieto
1523 541 1612 595 se,
1651 518 1783 583 fore
1829 516 2108 604 collegae
2153 516 2524 582 victoriam:
2577 516 2828 581 deinde

716 621 1006 684 ventum,
1036 629 1117 671 ne
1140 629 1289 670 suae
1320 627 1579 692 quoque
1608 605 1890 692 legiones
1919 603 2340 668 Volumnium
2365 619 2822 689 sequerentur,

713 711 781 762 et
839 695 1047 782 ipsum
1094 691 1523 779 flagitantibus
1575 692 1708 756 suis
1755 693 2009 778 signum
2059 689 2326 754 dedisse.
2417 689 2534 753 Ab
2588 703 2827 754 neum

758 793 889 848 arte
918 780 1066 844 satis
1094 778 1425 844 commode
1454 779 1746 844 instructi
1772 777 2048 844 fuerunt.
2124 774 2298 842 Nam
2325 789 2392 840 et
2425 774 2824 841 Samnitium

384 853 684 902 Samnitibus
760 890 851 932 ux
902 865 1151 931 Gellius
1196 863 1510 952 Egnatius
1559 864 1928 952 pabulatum
1977 887 2125 930 cum
2173 863 2546 928 cohortibus
2593 863 2826 950 paucis

384 916 645 970 etruscin.

484 3205 586 3266 20.

712 957 875 1020 ierat
889 978 907 1032 ;
952 975 1194 1039 suoque
1223 952 1469 1038 impetu
1494 952 1696 1039 magis
1717 951 1966 1028 milites,
1988 973 2182 1038 quam
2201 950 2588 1036 cuiusquam
2613 948 2822 1014 ductu

714 1054 828 1106 aut
852 1040 1138 1128 imperi0,
1162 1061 1441 1125 pugnam
1472 1039 1912 1125 capessebant:
1945 1036 2312 1113 etRomani
2337 1037 2671 1102 exercitus
2699 1059 2822 1102 nec

760 1128 951 1192 ariter
978 1127 1165 1191 ambo
1193 1123 1387 1202 ducti,
1420 1147 1540 1189 nec
1567 1125 1719 1189 satis
1747 1124 2046 1212 temporis
2080 1123 2162 1189 ad
2189 1123 2646 1188 instruendum
2677 1123 2816 1188 filit.

714 1151 903 1279 {rius
944 1213 1264 1279 concurrit
1298 1209 1694 1290 Volumnius,
1725 1234 1920 1299 quam
1955 1211 2206 1298 Appius
2244 1210 2327 1275 ad
2367 1208 2632 1274 hostem
2675 1233 2820 1298 per-

715 1302 976 1366 veniret.
1067 1298 1293 1386 Itaque
1320 1298 1527 1363 fronte
1567 1297 1886 1385 inaequali
1923 1319 2300 1362 concursum
2331 1309 2466 1360 est:
2515 1309 2608 1374 et,
2639 1297 2818 1361 velut
2956 1373 2957 1382 ξ

714 1389 875 1453 sorte
905 1386 1179 1475 quadam
1206 1397 1491 1450 mutante
1523 1399 1798 1450 assuetos
1831 1385 2000 1449 inter
2025 1407 2094 1449 se
2121 1383 2352 1460 hostes,
2385 1382 2656 1449 Etrusci
2683 1383 2816 1448 Vo-
2956 1399 2957 1462 ζ

714 1475 978 1551 lumnio,
1033 1472 1365 1549 Samnites,
1500 1493 1758 1560 rumpet
1817 1470 2116 1548 cunctati,
2169 1470 2320 1557 quia
2371 1469 2506 1534 dux
2574 1471 2814 1548 aberat,

713 1561 933 1662 Appio
974 1581 1322 1625 occurrere.
1481 1558 1670 1623 icitur
1714 1556 1967 1645 Appius
2009 1558 2076 1622 in
2121 1556 2333 1621 medio
2687 1557 2818 1622 dis-
2855 1611 2868 1620 .

712 1647 997 1724 cumine,
1018 1647 1109 1711 ita
1130 1658 1203 1709 ut
1222 1646 1391 1711 inter
1409 1645 1615 1732 prima
1641 1645 1822 1732 signa
1839 1644 2131 1708 manibus
2152 1643 2236 1708 ad
2265 1666 2378 1708 coe
2402 1665 2518 1708 um
2547 1643 2814 1710 sublatis

712 1731 1945 1894 ῗίῗέἓέἓῗὲᾚῗωῖἳωᾜῖἕ
1967 1729 2352 1882 3ξέῙῖῙὲῒὲ
2383 1729 2854 1890 h⁰ti²ss⁶oe¹¹⁰b³⁸4

712 1917 907 1982 catuS,
938 1903 1114 1969 velut
1139 1840 1651 1991 instiganteggea,
1675 1842 1908 1992 etpipse
1935 1903 2213 1990 collegae
2243 1917 2312 1968 et
2337 1841 2812 1969 exercitusili’liiI
2823 1939 2848 1986 5

710 2005 915 2057 tutem
964 1990 1273 2078 aequavit.
1363 1989 1584 2056 Duces
1632 1991 2034 2078 imperatoria
2082 2013 2276 2076 opera
2321 2006 2805 2077 emequuntun
2956 2007 2957 2030 l

710 2091 781 2144 et
814 2077 1066 2154 milites,
1096 2100 1179 2142 ne
1218 2078 1299 2142 ab
1341 2077 1539 2143 altera
1798 2078 1974 2165 prius
2007 2077 2270 2142 victoria
2307 2077 2596 2164 incipiat,
2627 2079 2811 2144 anni-

712 2179 953 2231 tuntur.
1044 2163 1215 2253 Ergo
1250 2163 1534 2230 fundunt
1589 2209 1594 2212 -
1764 2180 1916 2251 tque
1959 2164 2191 2241 hosteS,
2221 2164 2528 2230 maiorem
2573 2164 2806 2230 molem

714 2253 889 2318 haud
926 2251 1107 2318 facile
1154 2252 1556 2330 sustinentes,
1596 2274 1788 2338 quam
1833 2273 1982 2315 cum
2027 2273 2156 2338 qua
2199 2273 2424 2316 manus
2469 2273 2804 2317 conserere

711 2340 943 2404 assueti
984 2339 1234 2404 fixerant
1253 2362 1273 2402 ε
1320 2337 1608 2426 urgendo
1650 2337 1968 2416 cedentes,
2004 2337 2528 2424 insequendoque
2575 2339 2804 2404 effusos

711 2423 1506 2612 saffiawfiw
1537 2423 2056 2575 κ
2081 2422 2846 2579 §esseest

710 2599 883 2677 fusis,
934 2600 1061 2664 iam
1102 2534 1538 2663 ’apvictonbus
1587 2610 1789 2662 castra
1837 2620 1878 2662 o
1901 2533 2404 2684 Iiiiigg-iiabzitntiirq:
2441 2533 2576 2675 ἵει
2603 2621 2802 2686 quum

712 2684 1096 2751 Volumnius
1139 2685 1275 2772 ipse
1320 2695 1539 2772 portae
1585 2685 1766 2771 signa
1809 2620 2106 2760 ini’erret3
2160 2683 2434 2771 Appius,
2467 2682 2800 2750 Bellonam

711 2772 1034 2837 victricem
1062 2771 1415 2836 identidem
1442 2770 1785 2848 celebrans,
1817 2770 2192 2836 accenderet
2223 2769 2504 2836 militum
2533 2772 2796 2849 animos,

708 2879 824 2944 per
878 2857 1130 2934 vallum,
1182 2879 1299 2957 per
1353 2856 1548 2922 fossas
1602 2858 1984 2958 irruperunt:
2080 2856 2308 2922 Castra
2353 2870 2541 2945 capta
2591 2857 2804 2946 direp-

706 3027 789 3130 φ·
814 2965 932 3130 ῑῑῑς
950 2941 1674 3180 smffiflssffizss
1700 2944 2489 3108 ffinfflffiffit
2535 2943 2796 3098 ἓξὲξ-ς

880 3129 929 3181 t1
956 3137 1033 3180 ca

862 3223 975 3268 um
1003 3137 1191 3268 silibo
1222 3201 1514 3268 consules
1547 3203 1880 3291 omnisque
1912 3203 2206 3268 Romana
2230 3203 2324 3268 vis
2351 3203 2426 3268 in
2454 3202 2793 3270 Etruscum

704 3290 944 3358 bellum
978 3312 1043 3354 m
1125 3288 1141 3303 ⁹
1213 3289 1495 3368 inclinat,
1525 3290 1596 3354 in
1629 3289 1888 3356 Samnio
1927 3291 2078 3355 novi
2114 3290 2448 3368 exercitus,
2477 3292 2692 3357 exorti
2717 3291 2794 3357 ad

706 3375 1069 3466 depopulan
1114 3399 1185 3442 os
1221 3377 1473 3464 imperii
1503 3377 1781 3442 Romani
1809 3377 1987 3454 fines,
2017 3399 2134 3465 per
2161 3375 2468 3441 Vescinos
2495 3377 2569 3442 in
2601 3377 2796 3444 Cam-

706 3465 962 3552 paniam
1019 3463 1485 3550 Falernumque
1551 3485 1772 3564 agrum
1837 3463 2314 3542 transcendunt,
2372 3463 2792 3552 ingentesque

379 3565 677 3641 §tolumnius
708 3551 973 3638 praedas
986 3551 1245 3616 faciunt.
1298 3549 1739 3628 Volumnium,
1759 3550 2005 3637 magnis
2023 3549 2354 3616 itineribus
2371 3550 2440 3614 in
2462 3547 2790 3616 Samnium

374 3647 428 3706 ²¹².
451 3629 585 3679 ΒΨ·
625 3691 637 3704 .
706 3637 1081 3702 redeuntem
1126 3637 1283 3722 (iam
1333 3637 1506 3702 enim
1553 3635 1750 3702 Fannio
1795 3636 2130 3722 Decioque
2179 3636 2496 3724 prorogati
2545 3637 2560 3652 “
2719 3639 2788 3702 rii

378 3708 515 3744 mum
536 3694 675 3743 redit.
704 3721 853 3786 finis
890 3721 1156 3809 aderat),
1186 3725 1355 3789 fama
1380 3723 1462 3789 de
1504 3722 1884 3790 Samnitium
1921 3723 2209 3788 exercitu
2249 3722 2648 3810 populations
2693 3747 2790 3789 us-

705 3829 831 3896 que
864 3806 1179 3895 Campani
1208 3811 1341 3896 agri
1370 3808 1453 3874 ad
1480 3810 1756 3876 tuendos
1789 3809 1988 3875 socios
2016 3809 2344 3875 convertit.
2435 3809 2533 3874 Ut
2559 3810 2633 3874 in
2667 3809 2788 3876 Ca-

700 3895 919 3961 lenum
954 3916 1177 3995 agrum
1212 3896 1407 3973 venit,
1436 3907 1507 3960 et
1542 3897 1676 3982 ipse
1725 3897 1930 3962 cernit
1967 3897 2245 3962 recentia
2281 3893 2477 3961 cladis
2503 3896 2784 3986 vestig-ia,

702 3996 769 4047 et
800 3980 1031 4048 Caleni
1068 3993 1346 4059 narrant,
1386 3993 1636 4046 tantum
1679 3982 1808 4050 iam
1849 3982 2120 4070 praedae
2165 3982 2376 4048 hostes
2419 3981 2690 4062 trahere,
2719 4000 2786 4048 ut

761 4176 794 4219 4
824 4161 981 4219 Duiae]
1028 4157 1245 4219 Antiqua
1273 4157 1431 4206 forma
1457 4156 1589 4206 vocis
1607 4159 1704 4208 dee.
1768 4157 1821 4209 ii.
1844 4169 1922 4221 ‘²7-
2147 4177 2176 4211 e
2194 4175 2304 4211 eum
2320 4163 2480 4224 Appii
2499 4163 2682 4212 odium

696 4221 791 4269 Ast
811 4221 990 4269 usitata
1020 4221 1073 4269 in
1102 4219 1433 4284 concipiendis
1454 4222 1578 4270 votis
1597 4237 1706 4284 par·
1833 4221 1868 4272 6
1885 4225 2012 4272 Sabe
2031 4227 2219 4287 larum]
2253 4225 2301 4273 h.
2317 4242 2360 4274 e.
2385 4225 2779 4278 Samnitica-um:

696 4280 867 4340 timia,
887 4299 1013 4344 quae
1032 4283 1163 4332 idem
1188 4285 1317 4334 valet
1336 4289 1485 4346 atque
1506 4291 1626 4334 tum.
1770 4285 2015 4337 Samnites
2033 4288 2168 4340 enim
2189 4289 2462 4340 Sabellicus
2486 4291 2648 4352 gentis
2679 4307 2782 4354 pars

758 4357 786 4404 5
815 4347 1047 4395 Virtutem
1062 4349 1315 4409 aequavit]
1328 4347 1564 4399 Similiter
1574 4363 1704 4410 supr.
1769 4351 2012 4411 quaedam
2035 4358 2188 4401 erant.
