3000 4784
681 168 810 235 408
1465 164 1690 232 TITI
1752 162 2027 231 LIVII

361 310 431 361 U·
455 312 513 361 C·
541 326 650 376 394·
687 305 920 391 adegit,
953 304 1326 391 ingentique
1367 304 1653 368 exercitu
1700 305 1779 369 ab
1824 306 1981 369 urbe
2024 303 2363 391 profectu&
2398 304 2467 367 in
2510 302 2785 367 citeriore

359 376 422 426 A.
456 376 514 429 c·
541 378 650 439 3⁵⁸·
689 392 830 478 ripa
859 391 1130 455 Anienis
1175 404 1378 455 castra
1421 391 1651 477 posuit.
1745 389 1917 455 Pons
1962 388 2029 455 in
2084 389 2299 455 medio
2350 402 2513 466 erat,
2562 389 2789 453 neutris

689 500 839 543 eum
883 478 1342 565 rumpentibus,
1383 499 1465 541 ne
1508 476 1751 541 timoris
1794 477 2103 542 indicium
2132 489 2324 549 esset.
2421 474 2689 540 Proelia
2720 474 2787 537 de

689 564 1061 651 occupando
1111 578 1307 650 ponte
1360 564 1581 627 crebra
1628 576 1850 640 erant3
1904 586 2044 640 nec,
2100 564 2213 650 qui
2264 564 2657 649 potirentur,
2708 560 2792 623 in·

689 652 878 715 certis
906 650 1161 727 viribuS‚
1193 650 1344 715 satis
1371 650 1647 714 discerni
1682 662 1947 737 poterat.
2041 650 2214 713 Tum
2250 650 2495 713 eximia
2526 648 2791 735 corporis

691 736 1132 824 magnitudine
1198 738 1267 801 in
1324 758 1596 801 vacuum
1661 749 1925 823 pontem
1988 734 2214 800 Gallus
2284 736 2647 822 ρτοοωείις
2718 746 2791 809 et,

691 836 1004 909 quantum
1075 824 1356 887 maxima
1409 846 1565 887 voce
1640 823 1867 909 potuit,
1946 832 1966 861 ‘
1998 822 2216 897 Quem
2288 822 2511 897 nunc‚'
2572 822 2789 908 inquit,

695 918 716 948 ‘
739 909 950 974 Roma
997 910 1205 973 virum
1261 909 1670 973 fortissimum
1724 908 1935 987 habet,
1988 908 2307 996 procedat,
2360 908 2673 995 agedum,
2722 904 2791 970 ad

695 1005 714 1035 ⁶
915 1019 1036 1073 am,
1075 1008 1148 1061 ut
1193 1009 1409 1061 noster
1453 995 1727 1059 duorum
1774 1008 2041 1060 eventus
2086 994 2397 1071 ostendat,
2448 1008 2603 1059 utra
2648 1014 2789 1081 gens

475 1078 556 1139 10
695 1090 716 1124 ‘
734 1019 839 1148 gel
865 1106 904 1147 o
953 1084 1036 1147 sit
1081 1082 1341 1147 melior.’
1445 1082 1585 1146 Diu
1634 1081 1803 1146 inter
1850 1081 2155 1169 primores
2199 1082 2511 1145 iuvenum
2566 1080 2789 1145 Roma·

693 1192 920 1235 norum
979 1169 1302 1235 silentium
1351 1169 1490 1245 suit,
1546 1191 1747 1255 quum
1798 1181 1865 1232 et
1914 1170 2193 1233 abnuere
2242 1180 2577 1233 certamen
2628 1188 2787 1231 vene-

692 1270 932 1335 rentur,
993 1268 1060 1320 et
1121 1256 1525 1343 praecipuam
1598 1268 1851 1355 sortem·
1896 1254 2163 1342 periculi
2233 1267 2457 1342 petere
2534 1254 2781 1353 nollent

363 1344 620 1407 singulare
693 1343 868 1409 Tum
921 1344 998 1408 T.
1041 1342 1342 1418 Manlius,
1398 1341 1473 1405 L.
1514 1340 1700 1417 filius,
1742 1364 1857 1440 qm
1906 1354 2153 1445 patrem
2204 1364 2243 1404 a
2290 1341 2639 1405 vexatione
2690 1355 2787 1403 tn·

361 1416 620 1522 ffifflffii
691 1430 950 1494 bunicia
1003 1428 1449 1505 vindicaverat,
1504 1449 1586 1491 ex
1644 1440 1913 1491 statione
1970 1427 2055 1491 ad
2110 1427 2483 1491 dictatorem
2546 1426 2785 1513 pergit:

363 1551 476 1585 cum
495 1537 660 1588 Galo.
695 1524 716 1555 ‘
737 1515 991 1581 Iniussu
1021 1516 1174 1591 tu0‚'
1203 1515 1432 1601 inquit,
1481 1522 1500 1553 ‘
1523 1514 1883 1599 imperator,
1910 1528 2091 1577 extra
2129 1512 2419 1577 ordinem
2460 1536 2605 1577 nun
2652 1534 2789 1577 uam

695 1610 714 1641 ‘
735 1602 1189 1689 pugnaverim3
1251 1624 1402 1677 non,
1456 1601 1509 1663 si
1566 1613 1803 1663 certam
1854 1600 2179 1664 victoriam
2230 1599 2500 1664 videam.
2648 1601 2673 1663 i
2726 1612 2791 1663 tn

695 1700 712 1726 ⁶
818 1688 1067 1763 rmittis,
1121 1686 1263 1751 volo
1317 1710 1438 1773 ego
1493 1686 1585 1750 illi
1639 1686 1887 1751 belluae
1930 1686 2283 1763 ostendere,
2325 1685 2593 1772 quando
2636 1685 2791 1751 adeo

695 1783 715 1811 ‘
735 1710 917 1837 icerox
1003 1772 1300 1837 raesultat
1343 1773 1621 1836 hostium
1666 1772 1880 1859 signiS,
1912 1794 2015 1836 me
2056 1794 2137 1835 ex
2174 1795 2252 1837 ea
2281 1771 2525 1836 familia
2564 1786 2789 1849 ortum,

693 1868 714 1897 ‘
735 1880 898 1945 quae
1019 1858 1284 1922 allorum
1329 1880 1559 1945 agmen
1606 1881 1689 1922 ex
1732 1880 1891 1945 rupe
1940 1859 2216 1945 Tarpeia
2259 1858 2535 1923 deiecit!
2624 1859 2795 1923 Tum

691 1946 978 2022 dictator,
1037 1954 1058 1984 ⁶
1081 1944 1298 2009 Macte
1350 1946 1626 2021 virtute,’
1676 1945 1907 2031 inquit,
1972 1954 1993 1983 ‘
2014 1968 2089 2009 ac
2138 1945 2373 2031 pietate
2422 1945 2497 2008 in
2548 1960 2793 2032 patrem

693 2042 712 2071 ‘
735 2032 1148 2133 patriamque,
1182 2031 1260 2096 T.
1286 2030 1514 2107 Manli,
1546 2045 1699 2095 esto.
1793 2029 2020 2118 Perge,
2052 2044 2119 2097 et
2156 2052 2392 2095 nomen
2423 2030 2795 2097 Romanum

692 2128 712 2157 ‘
733 2117 1061 2195 invictum,
1089 2119 1450 2183 iuvantibus
1479 2118 1619 2195 diis,
1650 2118 1936 2204 praesta?
2008 2118 2285 2181 Armant
2312 2117 2463 2181 inde
2496 2118 2793 2183 iuvenem

693 2206 1024 2292 aequales:
1073 2203 1362 2292 pedestre
1403 2216 1653 2269 scutum
1696 2204 1885 2291 capit,
1920 2202 2213 2291 Hispano
2240 2204 2525 2291 cingitur
2560 2206 2792 2293 gladio,
2810 2184 2837 2230 ⁸
2926 2149 2928 2220 l

2808 2261 2839 2309 9
2926 2281 2928 2324 ι

693 2460 873 2521 nempe
909 2444 1101 2495 videtur
1133 2444 1358 2496 Ciceroni
1391 2444 1553 2494 dictus
1588 2460 1708 2504 esse,
1772 2443 1851 2493 ius
1882 2446 2030 2495 verba
2062 2444 2159 2494 vid.
2192 2446 2327 2508 apud
2358 2445 2419 2495 A.
2449 2444 2589 2494 Gen.
2622 2443 2691 2495 ix.
2726 2461 2795 2508 13.

695 2525 832 2573 quasi
855 2512 997 2560 timor
1017 2512 1233 2568 multum
1269 2510 1385 2558 licet
1405 2509 1553 2557 hodie
1576 2509 1709 2557 docti
1774 2510 1935 2559 Cam.

695 2574 942 2623 deducant
964 2574 1128 2635 potius
1159 2591 1190 2623 a
1221 2572 1419 2637 tumeo.)
1483 2575 1518 2599 “
1534 2574 1713 2635 Itaque
1842 2588 1872 2637 9
1904 2574 2134 2636 Hispano
2157 2610 2168 2621 .
2184 2609 2197 2621 .
2217 2608 2229 2621 .
2248 2574 2440 2635 yladio]
2470 2573 2691 2623 Gladius
2708 2576 2795 2624 Hi—

695 2638 902 2687 maiores
953 2638 1105 2687 nostri
1147 2639 1417 2686 tumultum
1463 2636 1713 2697 Italicum,
1776 2638 2007 2698 spanicus
2034 2637 2273 2685 brevitate
2300 2638 2441 2699 agilis
2471 2644 2601 2694 erat,
2620 2642 2659 2665 ‘⁸
2676 2639 2797 2701 puri-

696 2702 826 2763 quod
841 2705 946 2749 erat
957 2702 1282 2759 domesticum
1305 2702 1574 2749 tumultum
1590 2701 1711 2749 Gal:
1776 2705 1998 2762 terque‚”
2028 2700 2187 2762 inquit
2210 2702 2385 2763 Polyb.
2410 2701 2471 2749 vi.
2498 2716 2525 2749 2
2532 2716 2577 2763 3.
2612 2704 2649 2728 ‘⁴
2664 2711 2713 2751 et
2734 2704 2795 2751 ad

696 2764 866 2823 licum,
904 2766 1036 2826 quod
1071 2771 1177 2814 erat
1217 2766 1395 2814 Italiae
1438 2764 1713 2823 finitimus3
1776 2766 1999 2825 punctim
2034 2764 2327 2813 laedendum
2360 2766 2631 2821 excellens,
2654 2775 2707 2816 et
2734 2768 2795 2815 sd

695 2828 1711 2941 ffl‘ssssafflussfflffiffiffimss
1778 2828 2055 2942 3¹:350&
2096 2829 2795 2943 ''ciffiiapffiiffi‘iffiffi

695 2967 844 3015 quam
860 2954 1065 3026 bellum,
1079 2954 1194 3001 hinc
1208 2954 1414 3017 intelligi
1433 2956 1569 3015 licet,
1580 2928 1713 3018 quod
1777 2956 1942 3005 valida
1962 2963 2013 3005 et
2034 2958 2225 3005 firma.”
2272 2956 2349 3005 Eo
2372 2958 2591 3007 Romani
2612 2959 2795 3008 milites

695 3016 829 3064 bello
859 3022 1138 3064 vacationes
1159 3017 1341 3077 valent,
1363 3020 1581 3068 tumultu
1612 3036 1711 3068 non
1775 3021 2053 3069 utebantur.
2116 3022 2383 3082 Hispanici
2414 3036 2481 3082 ap
2550 3022 2691 3071 llatio
2723 3024 2791 3072 in-

695 3080 916 3129 valent.'’
979 3080 1122 3129 Idem
1155 3080 1290 3129 aliud
1320 3084 1512 3144 agendo
1536 3084 1711 3133 deseri·
1776 3083 1909 3131 dicat
1930 3100 2043 3132 eum
2068 3084 2323 3133 Romanos
2352 3087 2417 3133 ab
2504 3086 2689 3147 inponis
2716 3102 2789 3136 ae-

694 3145 768 3194 bit
793 3161 854 3195 ea
873 3162 1000 3207 quae
1031 3147 1300 3195 tumultum
1334 3147 1557 3196 comitari
1586 3148 1711 3201 sole-
1774 3147 1976 3209 cepisse.
2042 3149 2142 3197 Sed
2184 3148 2261 3197 his
2298 3150 2603 3211 temporibus
2640 3153 2789 3212 quod-

693 3210 832 3269 bant,
856 3210 986 3261 Phil.
1007 3227 1050 3265 v.
1075 3226 1151 3273 31.
1217 3213 1250 3238 “
1269 3212 1618 3273 Tumultum‚''
1636 3212 1708 3261 in·
1774 3226 1889 3261 nam
1934 3212 2175 3261 Romanis
2216 3228 2328 3261 cum
2372 3212 2619 3275 Hispania
2660 3230 2787 3269 com-

693 3274 817 3336 quit‚
838 3278 871 3301 ‘⁴
889 3276 1100 3335 decerni,
1131 3275 1370 3325 iustitium
1404 3274 1572 3333 indici,
1595 3290 1710 3337 sagn
1772 3275 2007 3323 mercium
2025 3280 2127 3324 erat
2143 3282 2166 3324 Ρ
2214 3276 2282 3324 Et
2302 3276 2541 3339 Polybius
2560 3277 2697 3326 testis
2718 3285 2787 3327 est

691 3338 820 3387 sumi
853 3339 964 3387 dico
998 3346 1236 3402 oportere,
1259 3340 1507 3388 delectum
1540 3340 1707 3388 haberi
1774 3339 2027 3389 Romanos
2068 3340 2203 3388 bello
2234 3340 2571 3389 Hannibalico
2602 3342 2786 3403 gladios

691 3402 896 3452 sublatis
915 3404 1249 3453 vacationibus
1265 3403 1314 3451 in
1332 3405 1452 3452 urbe
1469 3408 1521 3452 et
1536 3404 1587 3451 in
1606 3404 1705 3451 Ita-
1775 3403 2026 3468 Hispanos
2064 3419 2153 3465 pro
2192 3403 2361 3465 patriis
2397 3418 2642 3453 assumere
2680 3422 2783 3453 eoe-

691 3466 810 3515 lia.’'
858 3466 927 3515 Et
949 3468 1122 3516 eodem
1143 3469 1291 3517 modo
1315 3467 1484 3515 Livius
1504 3467 1613 3515 infr.
1630 3468 1705 3515 28.
1774 3466 1915 3529 pisse.
1992 3467 2231 3515 Dicamus
2273 3468 2420 3530 igitur
2462 3484 2574 3516 eum
2622 3468 2782 3531 Lipsie

691 3531 726 3555 ‘⁶
745 3530 917 3585 Quum
941 3529 1099 3593 (quod
1125 3548 1213 3593 per
1243 3546 1445 3593 magnos
1463 3532 1709 3579 tumultus
1774 3530 1988 3590 Livium,
2002 3531 2103 3579 sive
2126 3532 2290 3593 potius
2306 3532 2681 3594 Quadrigarium
2704 3532 2781 3581 hic

691 3592 842 3655 solet)
881 3595 1066 3642 iustitio
1109 3595 1311 3656 indicto,
1345 3596 1568 3643 delectus
1604 3594 1709 3643 sine
1771 3592 1987 3644 indicare
2006 3596 2213 3643 voluisse
2243 3595 2463 3657 gladium
2496 3597 2779 3657 pedestrem,

691 3656 1028 3705 vacationibus
1070 3658 1266 3717 habitus
1305 3662 1484 3707 esset.”
1562 3659 1709 3715 Quae
1772 3658 1857 3719 qui
1883 3660 2098 3707 diversus
2130 3666 2235 3707 erat
2264 3660 2329 3706 ab
2362 3659 2600 3719 equestri:
2634 3674 2777 3721 quum

683 3723 854 3764 tamen
890 3720 1056 3765 omnia
1086 3720 1156 3767 ita
1187 3722 1476 3783 accipienda
1500 3729 1632 3781 sunt,
1652 3730 1709 3770 ut
1770 3728 1938 3770 autem
1970 3722 2058 3771 illo
2090 3738 2213 3769 aevo
2246 3738 2345 3783 quo
2376 3722 2615 3771 scribebat
2646 3722 2777 3778 Qus?

690 3781 950 3856 tumultus,
973 3788 1164 3857 praeter
1191 3784 1324 3859 hanc·
1344 3786 1635 3859 strictiorem
1656 3792 1707 3834 et
1771 3785 2022 3847 drigarius,
2044 3786 2237 3862 gladius
2270 3786 2606 3833 Romanorum
2640 3788 2775 3860 pede·-

686 3858 1254 3957 fflm‘fmffl’zffi
1287 3849 1707 3974 ῗυῒὲιῗιὲἲῗὲἲῖ
1770 3854 1870 3971 ἰζῖῖ
1888 3851 2773 3976 ἵᾙέᾝρὲηῗῒωῗιέῗὲἓ

689 3972 1018 4021 turbationem
1057 3988 1116 4021 ac
1149 3972 1525 4035 trepidationem
1558 3978 1704 4024 deno-
1770 3990 1833 4023 ex
1866 3992 1983 4025 suae
2012 3977 2189 4024 aetatis
2222 3978 2589 4035 consuetudine,
2615 3992 2772 4038 quam—

689 4042 779 4085 tet.
815 4038 976 4087 Cnnv.
1023 4038 1082 4085 cf.
1107 4052 1236 4098 supr.
1261 4036 1309 4084 ii.
1336 4036 1411 4085 26.
1439 4039 1516 4086 vii.
1539 4054 1617 4099 42.
1772 4040 1843 4087 vis
1861 4040 2052 4103 gladius
2074 4055 2171 4101 quo
2196 4040 2420 4089 Manlius
2437 4054 2555 4089 usus
2574 4048 2661 4099 ea,
2680 4056 2769 4089 nen

753 4102 785 4149 8
817 4102 1050 4151 Pedem-e
1069 4108 1258 4149 neutum
1277 4102 1436 4163 eupit]
1477 4102 1575 4150 Pro
1598 4118 1704 4164 par·-
1769 4102 1915 4150 fuerit
1947 4118 2114 4151 revera
2148 4103 2466 4165 Hispanicum,
2490 4104 2577 4152 sed
2608 4118 2668 4152 ex
2700 4119 2769 4152 ve-

687 4176 770 4213 ma
790 4165 1039 4224 nimirum,
1060 4180 1206 4226 quem
1237 4164 1425 4226 equites
1455 4168 1703 4228 gerebant.
1770 4166 1861 4214 teri
1898 4168 2236 4216 Romanorum
2278 4182 2428 4216 more.
2496 4168 2613 4217 vid.
2645 4168 2767 4231 Lips.

689 4228 750 4274 In
775 4228 868 4276 hac
891 4244 1056 4291 pugna
1075 4228 1394 4277 doecnbenda
1413 4235 1611 4279 secutus
1630 4234 1705 4277 est
1769 4230 1833 4279 de
1856 4231 1969 4281 Mil.
1994 4231 2143 4281 Rom.
2166 4230 2231 4281 iii.
2258 4245 2301 4294 3.
2336 4232 2500 4283 cnev-

685 4288 856 4339 Livius
887 4292 1152 4340 Claudium
1189 4292 1591 4355 Quadrigarium,
1620 4308 1701 4340 cu-
