3000 4784
372 367 573 419 uest

368 433 574 496 A.C.5

483 967 580 1027 14.

695 225 776 286 88
1454 220 1680 288 ΤΙΤΙ
1738 219 2004 288 LIVII

577 367 655 431 46.
693 371 806 447 ret,
896 358 1232 424 Productis
1260 359 1570 437 omnibus,
1594 359 1854 447 elegisse
1884 361 1972 426 im
2019 359 2176 424 ubes
2201 357 2462 424 dicitur:
2507 355 2687 444 quod
2715 371 2784 423 et

576 431 656 483 ⁰⁶·
692 446 1037 532 virginitati
1059 446 1379 523 decorum,
1404 458 1472 510 et
1498 469 1808 511 consensu
1823 448 1963 513 obsi
2011 467 2120 510 um
2139 446 2428 548 ’ipsorum
2449 445 2784 534 probabile

694 545 868 609 erat3
928 554 1068 596 eam
1125 545 1393 597 aetatem
1450 534 1846 634 potissimum
1903 533 2160 598 liberari
2217 537 2300 598 ab
2357 532 2560 610 hoste,
2613 555 2786 684 ff

696 619 969 684 maxime
999 633 1355 706 opportuna
1386 619 1654 685 imuriae
1689 634 1868 685 esset.
1959 620 2126 685 Pace
2165 619 2610 707 redintegrata,

696 706 869 769 mani
926 728 1153 770 novam
1211 706 1280 770 in
1336 705 1574 770 femina
1627 708 1927 772 virtutem
1983 730 2152 773 novo
2207 728 2442 794 genere
2499 705 2782 784 honoris,

694 805 917 894 statua·
927 793 1221 894 equestri,
1259 792 1591 860 donavere.
1681 793 1760 858 In
1797 815 2044 860 summa
2079 793 2270 860 Sacra
2295 793 2400 858 via
2423 793 2548 858 fuit
2573 793 2788 880 posita

898 879 1181 944 meldens
1208 902 1393 966 equo.

785 901 959 1030 Pinio
988 977 1117 1030 tarn
1156 979 1415 1053 pacatae
1454 966 1829 1054 profectioni
1857 968 1940 1034 ab
1972 967 2130 1032 urbe
2167 967 2333 1054 regis
2377 965 2630 1031 Etrusci
2663 968 2787 1033 ab·

694 1051 956 1116 horrens
974 1073 1128 1129 moe,
1152 1052 1417 1118 tradims
1444 1056 1528 1118 ab
1556 1053 1688 1118 anti
1733 1054 1852 1132 uis,
1871 1077 2072 1141 usque
2095 1054 2178 1119 ad
2205 1065 2484 1119 nostram
2505 1065 2782 1118 aetatem

692 1139 863 1203 inter
888 1151 1099 1204 cetera
1124 1139 1433 1204 sollennia
1458 1152 1676 1204 manet
1689 1077 1884 1206 {oms
1909 1140 2282 1219 vendendis,
2314 1143 2486 1206 bona
2503 1139 2788 1204 Porsen·

693 1247 814 1290 nae
836 1226 1001 1312 regis
1022 1225 1357 1292 vendendi.
1438 1225 1644 1291 Cuius
1671 1227 1981 1315 originem
2009 1229 2220 1307 moris,
2241 1249 2498 1292 necesse
2526 1239 2644 1305 est,
2667 1241 2788 1291 aut
2805 1251 2842 1296 4

692 1312 859 1378 inter
904 1312 1144 1379 bellum
1188 1327 1403 1379 natam
1448 1335 1602 1392 esse,
1645 1336 1857 1401 neque
1900 1315 2198 1380 omissam
2233 1315 2304 1379 in
2344 1336 2537 1401 pace:
2585 1325 2702 1378 aut
2745 1335 2790 1378 a

694 1400 944 1465 mitiore
990 1401 1254 1467 crevisse
1298 1400 1502 1489 princi
1548 1401 1629 1478 io,
1715 1423 1863 1466 uam
1899 1401 2008 1466 hic
2047 1423 2200 1490 prae
2243 1423 2311 1466 se
2355 1401 2519 1466 ferat
2556 1399 2788 1465 titulus

692 1487 862 1552 bona
887 1486 1200 1552 hostiliter
1230 1423 1569 1552 vendendi,
1716 1489 2031 1553 roximum
2069 1511 2220 1554 vero
2247 1500 2346 1553 est
2372 1509 2455 1553 ex
2483 1487 2580 1566 iis,
2613 1509 2785 1573 quae

694 1573 1049 1650 traduntur,
1069 1572 1478 1652 Porsennam,
1496 1573 1931 1640 discedentem
1959 1576 2039 1640 ab
2061 1574 2367 1652 Ianicu10,
2385 1585 2786 1661 castraopu-

693 1659 885 1736 lenta,
926 1673 1233 1725 convecto
1270 1681 1353 1724 ex
1390 1661 1764 1748 propinquis
1807 1683 1881 1726 ac
1920 1661 2232 1727 fertilibus
2276 1660 2571 1726 Etruriae
2615 1661 2786 1725 arvis

693 1757 1069 1823 commeatu,
1092 1745 1397 1810 Romanis
1417 1747 1588 1812 dono
1603 1747 1872 1826 dedisse,
1895 1748 2072 1836 inopi
2094 1761 2230 1813 tum
2247 1747 2406 1812 urbe
2425 1750 2510 1812 ab
2525 1746 2788 1834 longin-

693 1855 823 1919 qua
850 1830 1213 1897 obsidione:
1260 1855 1338 1898 ea
1364 1832 1619 1912 deinde,
1650 1856 1734 1899 ne
1761 1834 1999 1923 populo
2036 1835 2317 1899 immisso
2349 1834 2788 1922 diriperentur

694 1918 1020 1996 hostiliter,
1064 1919 1329 1997 venisse,
1378 1923 1674 2007 bonaque
1717 1921 2079 1987 Porsennae
2123 1921 2458 2008 appellata,
2509 1921 2784 2008 gratiam

693 2005 971 2069 muneris
999 2005 1198 2092 magis
1225 2005 1619 2093 significante
1648 2007 1852 2086 titulo,
1921 2030 2068 2073 uam
2097 2009 2458 2073 auctionem
2485 2007 2783 2072 fortunae

692 2091 923 2178 regiae,
993 2115 1111 2156 uae
1140 2114 1223 2156 ne
1253 2093 1321 2157 in
1349 2106 1726 2180 potestatem
1747 2094 1860 2181 qui
1905 2117 2009 2160 em
2038 2095 2260 2182 populi
2290 2094 2569 2161 Romani
2590 2109 2778 2160 esset.

698 2176 949 2245 Omisso
1034 2200 1265 2244 omano
1292 2178 1480 2258 bello,
1500 2180 1844 2260 Porsenna,
1864 2204 1945 2246 ne
1967 2181 2198 2247 frustra
2225 2182 2294 2246 in
2321 2204 2400 2247 ea
2426 2181 2568 2246 loca
2593 2203 2785 2247 exerb

693 2264 855 2328 citus
883 2265 1193 2330 adductus
1220 2266 1560 2343 videretur,
1591 2288 1738 2331 cum
1765 2281 1942 2368 parte
1971 2268 2295 2355 copiarum
2323 2269 2528 2334 filium
2558 2269 2782 2334 Arun-

696 2363 825 2415 tem
855 2349 1139 2416 Ariciam
1168 2365 1605 2441 oppugnatum
1633 2353 1846 2418 mittlt.
1922 2353 2141 2419 Primo
2171 2355 2470 2421 Aricinos
2496 2377 2599 2420 res
2626 2377 2786 2422 nec-

694 2438 951 2524 opinata
992 2437 1378 2526 perculerat:
1427 2441 1721 2505 arcessita
1762 2440 1996 2505 deinde
2041 2441 2296 2520 auxilia,
2336 2455 2405 2507 et
2445 2464 2486 2506 a
2527 2441 2783 2508 Latinis

692 2547 776 2611 po
821 2525 960 2604 ulis,
990 2538 1058 2592 et
1094 2549 1135 2590 a
1166 2525 1410 2605 CumiS,
1442 2539 1688 2592 tantum
1717 2527 1854 2615 spei
1895 2527 2126 2606 fecere,
2155 2540 2231 2593 ut
2257 2529 2393 2594 acie
2433 2528 2782 2595 decernere
2803 2547 2836 2595 5

692 2633 774 2675 au
820 2624 1017 2678 erent.
1108 2613 1361 2678 Proelio
1395 2613 1576 2691 inito,
1607 2611 1769 2678 adeo
1805 2614 2122 2679 concitato
2151 2615 2396 2702 impetu
2439 2637 2506 2680 se
2541 2615 2785 2682 intule-

692 2710 835 2763 rant
856 2699 1127 2776 Etrusci,
1148 2714 1220 2763 ut
1239 2700 1582 2765 fimderent
1597 2701 1734 2787 ipso
1756 2701 2014 2765 incursu
2036 2701 2349 2767 Aricinos.
2445 2700 2784 2768 Cumanae

690 2784 1001 2864 cohortes,
1044 2797 1177 2852 arte
1220 2786 1516 2852 adversus
1557 2787 1688 2851 vim
1730 2809 1900 2864 usae,
1943 2787 2338 2853 declinavere
2381 2787 2782 2877 paullulum3

692 2870 1016 2956 effuseque
1044 2869 1355 2957 praelatos
1382 2871 1594 2936 hostes
1623 2873 1937 2938 conversis
1963 2875 2160 2960 signis
2199 2875 2280 2939 ab
2311 2889 2490 2964 tergo
2517 2875 2782 2942 adortae

690 2966 856 3017 sunt.
947 2954 1047 3019 Ita
1074 2957 1146 3019 in
1172 2956 1383 3020 medio
1412 2978 1610 3056 prope
1638 2959 1764 3023 iam
1791 2959 2060 3025 victores
2088 2961 2254 3026 caesi
2295 2962 2586 3027 Etrusci:
2635 2983 2784 3062 pars
2799 2971 2836 3022 6

692 3040 1053 3190 perex'ffua,
1098 3040 1260 3108 duce
1312 3065 1558 3121 amlsso‚
1611 3045 1760 3131 quia
1805 3045 2052 3111 nullum
2096 3048 2358 3150 propius
2415 3071 2494 3136 pe
2668 3073 2784 3115 um

689 3138 843 3204 erat,
940 3149 1149 3200 omam
1178 3128 1449 3194 inermes
1478 3143 1546 3195 et
1572 3130 1824 3198 fortuna
1849 3146 1915 3197 et
1944 3155 2154 3221 specle
2193 3134 2552 3223 supplicum
2623 3135 2784 3201 elati

688 3225 855 3280 sunt.
946 3213 1047 3278 Ibi
1076 3215 1355 3302 benigne
1396 3238 1552 3282 exce
1599 3218 1649 3282 ti
1678 3216 1988 3305 divisique
2018 3221 2088 3283 in
2130 3220 2420 3308 hospitia.
2515 3220 2784 3288 Curatis

686 3298 1068 3379 vulneribus,
1099 3301 1205 3366 alii
1278 3303 1499 3370 rofecti
1573 3327 1767 3382 omos,
1798 3307 2008 3370 nuntii
2036 3303 2442 3394 hospitalium
2472 3307 2784 3377 benefici-

691 3405 907 3450 orum:
970 3387 1202 3452 multos
1316 3413 1497 3455 omae
1548 3390 1871 3480 hospitum
1919 3394 2224 3481 urbisque
2274 3396 2500 3460 caritas
2546 3397 2776 3460 tenuit.

690 3468 813 3534 His
858 3472 1032 3538 locus
1077 3475 1160 3538 ad
1204 3475 1618 3546 habitandum
1669 3479 1874 3558 datus,
1927 3503 2120 3567 quem
2167 3480 2402 3548 deinde
2452 3491 2472 3522 ‘
2489 3481 2780 3552 Tuscum
2802 3507 2832 3556 7

691 3566 711 3595 ‘
726 3557 954 3624 vicum’
982 3560 1393 3648 appellarunt.
2418 3575 2425 3586 “

598 3743 607 3749 ’
685 3773 802 3820 dum
846 3773 1095 3823 dimidiam
1144 3782 1347 3838 partem.
1391 3779 1451 3828 ef.
1476 3778 1690 3830 Martini.
1756 3781 1938 3830 rendae
1963 3781 2199 3832 libertatis
2217 3785 2368 3835 fisa-0
2399 3793 2544 3848 putat
2565 3789 2777 3840 Niebhr.

686 3835 923 3912 ‘Epigrzi-i.
950 3852 1025 3898 24.
1092 3839 1263 3889 Simile
1284 3843 1572 3904 exemplum
1595 3843 1690 3896 vid.
1756 3850 1808 3896 et
1829 3851 1940 3906 post
1959 3845 2087 3898 hanc
2109 3849 2319 3909 cladem,
2340 3851 2566 3900 obsidum
2590 3853 2778 3904 Roma-

682 3899 792 3950 ιώ.
816 3915 912 3950 vm.
936 3919 981 3962 4.
1018 3904 1180 3952 Gur.
1398 3968 1409 3978 .
1753 3923 1924 3956 norum
1975 3910 2160 3973 fugam,
2209 3913 2448 3962 bonorum
2493 3915 2778 3968 Porsennae

716 4028 727 4038 .
746 3981 778 4024 4
811 3965 966 4014 Cuius
984 3969 1243 4029 ori-finem]
1293 3968 1558 4017 Rationem
1589 3985 1690 4019 ma-
1757 3973 2103 4034 venditionem,
2139 3977 2335 4039 aliaque
2373 3979 2656 4030 huiusmodi
2691 3999 2777 4045 po-

680 4043 754 4090 gis
796 4030 1095 4102 probabilem
1139 4032 1281 4080 affert
1324 4032 1530 4083 Niebhr.
1569 4034 1602 4084 i.
1641 4051 1691 4098 p.
1755 4037 1918 4085 nenda
1940 4037 2138 4089 iudicat.

684 4105 792 4154 541.
813 4092 864 4142 1i.
887 4108 935 4154 p.
961 4108 1070 4170 294.
1338 4158 1351 4170 ο
1833 4112 1858 4162 7
1900 4103 2106 4152 Tuscum
2141 4107 2328 4167 vicum]
2393 4107 2455 4156 cf.
2489 4107 2684 4158 Festus.
2733 4127 2774 4162 v.

748 4169 775 4217 5
807 4158 1069 4230 Anoumu]
1104 4158 1248 4207 Duce
1266 4159 1590 4233 Aristodemo,
1605 4164 1690 4224 qui
1758 4166 1964 4213 Tuscum
1983 4169 2161 4228 vicum,
2181 4170 2284 4230 qui,
2306 4171 2382 4219 M.
2409 4171 2634 4221 Varrone
2659 4189 2776 4224 auc-

680 4221 987 4280 tyranmdem
1010 4227 1178 4282 postea
1198 4231 1469 4284 occupavit.
1753 4233 1873 4287 tore,
1905 4244 1936 4276 a
1969 4230 2143 4279 Tuscis
2171 4233 2253 4294 qui
2285 4251 2346 4282 ex
2370 4237 2546 4285 Coelio
2579 4238 2631 4286 in
2668 4240 2776 4301 pla-

745 4283 775 4331 6
808 4285 948 4333 Caeci
969 4287 1195 4358 Εἰς-τρισὶ]
1236 4287 1383 4334 Hanc
1406 4289 1594 4337 cladem
1622 4291 1685 4338 Ε-
1753 4307 1868 4338 num
1895 4293 2056 4341 locum
2080 4297 2278 4346 deducti
2303 4305 2435 4359 sunt,
2455 4299 2648 4351 dictum
2669 4319 2778 4356 ome

678 4351 951 4396 truncorum
986 4355 1178 4397 imnum
1217 4350 1455 4400 Romanis
1488 4367 1686 4416 recupe-
1752 4355 1882 4404 hunc
1908 4357 2066 4407 vicum
2089 4360 2266 4414 scribit.
