3000 4784
850 232 1039 299 LIB.
1090 233 1171 299 V.
1242 234 1462 301 CAP.
1511 240 1572 299 3.
2141 240 2266 301 291

178 366 197 397 ‘
216 360 529 447 plebeium
560 386 992 455 quemquam:
1040 369 1173 456 qui,
1204 370 1257 433 si
1286 369 1449 434 nihil
1476 369 1676 446 aliud,
1707 368 2049 435 admoneat
2076 369 2270 435 colle-
2289 387 2357 440 υ.
2381 390 2440 439 c.
2466 402 2576 454 ³5²·

176 452 194 481 ‘
211 468 349 533 ἕως
396 450 659 531 liberos,
703 468 773 519 et
812 456 981 520 cives
1025 478 1267 533 eorum,
1312 478 1443 521 non
1488 478 1720 533 servos,
1765 455 2060 533 militare,
2105 479 2268 543 quos
2287 452 2348 503 Α·
2381 454 2441 504 C·
2465 470 2576 517 ⁴00·

172 532 407 600 ‘hieme
438 537 669 604 saltem
700 541 769 605 in
797 540 1020 607 domos
1048 564 1123 606 ac
1152 554 1323 607 tecta
1343 541 1562 607 reduci
1585 554 1908 630 oporteat:
1957 554 2024 607 et
2051 540 2268 629 aliquo

170 624 483 708 ‘tempore
522 627 677 689 anni
710 640 1005 713 parentes
1030 628 1390 715 liberosque
1431 651 1506 693 ac
1536 629 1838 716 coniuges
1876 627 2168 707 invisere,
2199 643 2268 695 et

168 712 189 741 ‘
207 728 501 795 usurpare
523 710 905 791 libertatem,
930 727 998 779 et
1012 736 1227 780 creare
1250 715 1688 802 magistratus?
1773 713 1958 779 Haec
1988 714 2098 779 tali
2183 738 2264 781 ue

162 793 575 861 vociferantes
634 798 1061 865 adversarium
1110 800 1286 865 haud
1334 800 1644 888 imparem
1701 802 1874 866 nacti
1923 814 2074 865 sunt
2099 738 2258 889 “Rp

168 873 527 960 Claudium,
592 884 885 950 relictum
938 910 977 950 a
1034 886 1293 973 collegis
1349 888 1433 951 ad
1491 888 1860 953 tribunicias
1916 888 2260 953 seditiones

161 967 701 1051 comprimendas3
746 972 955 1037 virum
984 972 1301 1037 imbutum
1335 972 1465 1038 iam
1495 974 1576 1039 ab
1614 974 1874 1039 iuventa
1899 974 2260 1039 certamini-

118 1066 147 1114 9
162 1047 269 1113 bus
324 1052 633 1139 plebeiisz
696 1080 891 1144 quem
949 1072 1273 1125 auctorem
1330 1060 1576 1146 aliquot
1625 1061 1808 1125 annis
1865 1072 2014 1124 ante
2064 1060 2256 1125 fuisse

160 1154 575 1205 memoratum
608 1156 723 1221 est,
754 1166 871 1231 per
899 1144 1022 1208 coll
1220 1168 1283 1209 m
1312 1146 1851 1222 intercessionem,
1882 1146 2256 1211 tribuniciae

158 1226 479 1304 potestatis
506 1227 965 1295 dissolvendae.
1152 1244 1287 1297 tum
1318 1232 1464 1307 iam,
1483 1254 1616 1295 non
1645 1244 1978 1319 promptus
1995 1232 2062 1295 in
2147 1232 2256 1296 nio
2394 1246 2456 1307 3,

158 1316 417 1458 taSntum,
450 1314 573 1379 sed
600 1318 943 1467 ugubegqm
972 1316 1971 1479 excit-cigtus3ttalemtrplxgtipngm
2000 1316 2086 1416 ba
2098 1317 2251 1466 lulijtj:
2274 1328 2566 1455 Ξῖιόοιιὲιιίιοι

242 1418 265 1458 1
292 1419 383 1461 un
674 1426 717 1465 u
1250 1427 1295 1466 u
1440 1426 1470 1467 s
1811 1426 1862 1467 n
1911 1426 2024 1467 uni
2121 1426 2156 1467 e
2203 1426 2254 1467 is
2311 1456 2320 1467 .
2359 1430 2372 1443 ·
2517 1422 2538 1432 ·

158 1484 179 1513 ‘
196 1421 712 1565 vestraffffimsua,
744 1426 1371 1553 dausldmseilsitsionuss
1397 1426 1650 1575 geinlper
1677 1503 1968 1553 auctores
1993 1426 2251 1566 fui'erint,
2271 1457 2396 1507 dms.

158 1567 260 1630 ‘id
287 1592 408 1656 ego
437 1571 569 1637 hoc
597 1597 767 1639 anno
795 1575 1029 1639 desisse
1050 1575 1327 1640 dubitari
1355 1588 1601 1641 certum
1617 1576 1838 1639 habeo·
1935 1574 2022 1640 Et
2051 1598 2252 1662 quum

157 1656 173 1685 ‘
190 1650 403 1734 laetor,
435 1659 701 1725 tandem
736 1660 913 1761 longi
941 1662 1169 1727 erroris
1206 1661 1382 1725 vobis
1412 1662 1608 1725 finem
1637 1661 1874 1727 factum
1903 1684 2058 1739 esse,
2093 1676 2248 1740 tum,

158 1742 175 1771 ‘
195 1742 365 1825 quod
392 1746 697 1812 secundis
734 1748 1131 1834 potissimum
1166 1749 1387 1813 vestris
1415 1749 1604 1813 rebus
1633 1747 1738 1811 hic
1767 1770 1942 1813 error
1976 1760 2075 1813 est
2101 1750 2251 1813 sub-

156 1828 177 1856 ‘
192 1824 367 1906 latus,
414 1844 485 1896 et
522 1833 724 1911 vobis,
762 1846 829 1899 et
862 1857 979 1921 pro
1026 1848 1125 1899 ter
1165 1856 1276 1898 vos
1318 1834 1706 1921 reipublicae
1749 1833 2046 1921 gratulor.
2139 1836 2250 1901 An

158 1914 177 1943 ‘
194 1926 287 1977 est
330 1918 693 2006 quisquam,
732 1919 845 2007 qui
886 1857 1157 1997 dubitet,
1202 1920 1395 1985 nullis
1426 1920 1676 1985 iniuriis
1715 1921 1956 1998 vestriS,
1992 1921 2047 1985 si
2082 1945 2247 2009 quae

157 2000 177 2029 ‘
194 1998 349 2067 forte
396 2004 749 2093 aliquando
799 2006 1077 2083 fuerunt,
1124 2028 1406 2094 unquam
1458 2030 1684 2107 aeque,
1739 2030 1932 2093 quam
1983 2029 2249 2073 munere

159 2086 175 2115 ‘
192 2082 453 2155 Pau-um
481 2093 555 2156 in
630 2092 859 2169 lebem,
882 2114 1083 2179 quum
1112 2116 1258 2158 aera
1276 2093 1694 2158 militantibus
1715 2093 2060 2158 constituta
2079 2108 2247 2171 sunt,

158 2172 177 2201 ‘
198 2172 479 2243 tribunos
540 2116 745 2265 piebis
790 2180 1063 2244 offensos
1107 2202 1181 2244 ac
1240 2179 1587 2244 concitatos
1633 2202 1768 2243 esse
1784 2180 1814 2242 ?
1877 2179 2058 2255 Quid
2107 2179 2250 2244 illos

158 2258 177 2287 ‘
192 2257 361 2324 aliud
395 2276 511 2329 aut
555 2278 693 2329 tum
738 2265 1019 2330 timuisse
1065 2266 1340 2343 creditis,
1378 2278 1491 2329 aut
1529 2264 1722 2329 hodie
1765 2266 2020 2329 turbare
2063 2264 2246 2343 velle,

160 2344 176 2375 ‘
192 2344 305 2409 nisi
333 2350 743 2417 concordiam
778 2351 1093 2429 ordinum,
1127 2374 1319 2439 quam
1349 2350 1789 2417 dissolvendae
1831 2351 2106 2415 maxime
2138 2352 2250 2416 tri-

161 2432 179 2461 ‘
192 2430 477 2501 buniciae
532 2438 861 2524 potestatis
908 2450 1131 2503 rentur
1175 2439 1361 2502 esse?
1424 2437 1554 2515 Sic,
1605 2436 1886 2514 hercule,
1941 2448 2248 2536 tanquam

122 2536 139 2570 1
161 2517 455 2587 ‘artifices
488 2523 785 2611 improbi,
817 2546 857 2589 o
902 2546 977 2589 us
1012 2536 1363 2611 quaeruntz
1411 2523 1526 2609 qui
1555 2534 1622 2589 et
1655 2544 1905 2609 semper
1931 2544 2104 2607 aegri
2135 2522 2250 2586 ali-

160 2604 178 2632 ‘
194 2605 344 2687 quid
372 2631 515 2675 esse
544 2609 615 2674 in
644 2612 845 2697 repub
894 2632 971 2675 ca
1005 2609 1249 2687 volunt,
1280 2622 1355 2674 ut
1382 2610 1483 2687 sit⁹
1518 2608 1602 2674 ad
1641 2609 1820 2673 cuius
1854 2608 2249 2673 curationem

160 2690 179 2719 ‘
196 2710 233 2751 a
256 2693 433 2760 vobis
474 2695 913 2761 adhibeantur.
1008 2696 1245 2761 Utrum
1284 2696 1459 2761 enim
1488 2694 1852 2774 defenditis,
1883 2718 1968 2759 an
1995 2695 2249 2784 impug-

161 2776 179 2804 ‘
193 2777 351 2843 natis
416 2781 721 2869 plebem?
793 2796 1011 2847 utrum
1068 2782 1477 2847 militantium
1547 2781 1884 2847 adversarii
1943 2780 2110 2859 estis,
2165 2804 2248 2846 an

161 2861 179 2891 ‘
197 2882 445 2933 causam
496 2869 727 2969 agitis?
786 2868 934 2933 Nisi
982 2868 1143 2935 forte
1188 2869 1312 2934 hoc
1364 2868 1594 2946 dicitis,
1647 2867 1978 2956 Quicquid
2023 2868 2247 2933 Patres

160 2948 178 2977 ‘
196 2946 453 3032 faciunt,
484 2954 806 3042 displicet3
852 2956 982 3021 sive
1012 2954 1173 3021 illud
1203 2978 1319 3043 pro
1346 2955 1558 3042 plebe,
1581 2954 1712 3020 sive
1741 2968 1966 3021 contra
1991 2955 2246 3055 plebem

160 3034 177 3063 ‘
196 3049 303 3101 est.
396 3040 505 3118 Et,
549 3041 1091 3128 quemadmodum
1128 3042 1322 3107 servis
1361 3043 1491 3107 suis
1533 3053 1748 3107 vetant
1785 3041 2030 3107 domim
2066 3041 2246 3129 quic-

161 3121 179 3149 ‘
198 3126 385 3206 quain
430 3128 527 3193 rei
570 3150 717 3192 cum
763 3127 985 3193 alienis
1026 3128 1391 3195 hominibus
1436 3151 1592 3205 esse,
1637 3128 2000 3216 pariterque
2051 3129 2122 3192 in
2167 3128 2248 3193 iis

160 3208 179 3237 ‘
192 3205 500 3278 beneficio
539 3236 613 3279 ac
658 3213 971 3279 maleficio
1008 3215 1305 3280 abstineri
1345 3236 1624 3301 aequum
1662 3228 1958 3279 censent:
2006 3213 2097 3277 sic
2136 3235 2247 3278 vos

162 3294 179 3323 ‘
194 3290 563 3365 interdicitis
608 3300 905 3366 Patribus
943 3302 1322 3367 commercio
1366 3300 1611 3387 plebis;
1665 3322 1748 3364 ne
1789 3321 1906 3364 nos
1950 3298 2246 3364 comitate

160 3380 179 3409 ‘
198 3401 267 3445 ac
315 3387 759 3453 munificentia
814 3400 1029 3451 nostra
1082 3408 1496 3475 provocemus
1553 3386 1830 3472 plebem,
1889 3407 2010 3450 nec
2068 3384 2248 3472 plebs

162 3468 181 3497 ‘
198 3470 373 3537 nobis
402 3473 577 3539 dicto
606 3474 875 3539 audiens
912 3486 1105 3559 atque
1136 3472 1441 3538 obediens
1476 3472 1576 3537 sit.
1672 3472 1936 3547 Quanto
1965 3471 2245 3549 tandem,

162 3554 179 3582 ‘
195 3553 243 3616 Si
282 3560 625 3647 quicquam
660 3560 729 3624 in
762 3560 963 3637 vobis,
999 3582 1131 3623 non
1170 3558 1314 3624 dico
1350 3558 1570 3635 civilis),
1612 3557 1725 3622 sed
1759 3558 2022 3622 humani
2061 3571 2245 3635 esset,

165 3641 180 3668 ‘
200 3638 399 3711 favere
446 3670 557 3711 vos
600 3646 818 3749 magis,
864 3658 951 3724 et,
997 3659 1309 3733 quantum
1353 3646 1421 3708 in
1466 3644 1644 3709 vobis
1687 3656 1870 3720 esset,
1915 3642 2248 3731 indulgere

164 3726 183 3755 ‘
196 3730 397 3811 potius
440 3734 723 3799 comitati
770 3732 1033 3799 Patrum
1079 3746 1274 3820 atque
1327 3730 1633 3818 obsequio
1675 3730 1880 3818 plebis
1923 3730 2249 3818 oportuit?

165 3814 183 3843 ‘
203 3834 357 3897 quae
394 3820 447 3883 si
484 3834 796 3907 perpetua
839 3818 1180 3885 concordia
1221 3819 1319 3896 sit,
1360 3818 1504 3905 quis
1543 3838 1671 3883 non
1715 3817 2028 3905 spondere
2065 3818 2248 3895 ausit,

222 4041 251 4089 9
276 4035 537 4083 Auctor-em
558 4068 571 4083 .
595 4070 609 4083 .
631 4068 646 4084 .
666 4051 760 4098 per
778 4037 1071 4097 colle-qurum
1090 4037 1166 4083 iw-
1234 4032 1381 4093 viam,
1412 4048 1512 4095 qua
1546 4048 1647 4082 uno
1683 4048 1746 4081 ex
1785 4032 1993 4081 tribunis
2030 4030 2251 4094 patribus

164 4094 505 4158 lavanianum]
563 4098 679 4147 Hoc
723 4098 981 4149 consilinm
1023 4098 1169 4147 huius
1233 4098 1513 4157 conciliato,
1550 4096 1829 4147 intercessio
1871 4096 2008 4145 illius
2045 4094 2124 4143 vel
2165 4094 2249 4168 ad-

166 4152 309 4217 Appii
334 4160 499 4221 fixisse,
524 4176 590 4211 sc.
612 4168 671 4210 ut
701 4166 885 4214 maiora
910 4169 1057 4226 pam
1088 4161 1169 4211 tri-
1235 4177 1401 4212 versus
1436 4177 1608 4211 omnes
1645 4160 1865 4209 tribunos
1908 4160 2108 4216 valeret,
2149 4172 2250 4205 am-

166 4214 395 4291 bqnorum
418 4224 470 4273 in
492 4231 690 4287 patrum
709 4232 875 4303 perte·
892 4226 1171 4285 conciliata,
1234 4226 1497 4274 madvertit
1521 4224 1730 4273 Niebhr.
1753 4223 1803 4273 ii.
1823 4238 1874 4271 n.
1897 4220 2010 4287 965.

167 4283 413 4337 tribunicia
434 4294 651 4351 potestas
672 4290 1037 4341 dissolvet-etun
1064 4305 1170 4352 pro-
1306 4302 1327 4338 ι
1353 4290 1609 4351 Artifices]
1631 4288 1727 4336 Pro
1742 4286 1927 4337 medici.
1941 4300 2021 4347 ap.
2033 4288 2089 4332 ut
2105 4284 2254 4347 Prop.

168 4356 303 4397 ⁸’1’11111
344 4358 515 4403 autem
559 4369 690 4415 supr.
728 4354 777 4405 ii.
811 4372 891 4415 44.
934 4354 1173 4403 invenias·
1237 4353 1289 4403 ii.
1318 4367 1358 4402 ι.
1384 4354 1460 4413 58.
1507 4354 1606 4409 Qun·
1628 4350 1942 4411 expungebat
1963 4348 2206 4399 Muretus.

1807 4414 1922 4473 112
