3000 4784
700 220 829 281 230
1478 212 1705 281 ΤΙΤΙ
1765 211 2035 279 LIVII

378 354 448 403 U·
470 355 529 404 C·
554 370 664 417 310·
702 360 725 391 ‘
746 351 940 430 dotia,
962 354 1103 417 iura
1120 353 1407 453 gentium
1426 352 1886 438 hominumque
1904 349 2318 416 instituantur
2331 350 2362 413 Ρ
2407 348 2558 413 Hoc
2573 348 2810 448 ἰρειιιιιΞ

378 420 439 467 Α.
474 420 533 468 C.
557 434 667 479 44²·
706 446 725 476 ς

379 482 478 530 Pro
500 483 607 544 lege
624 484 687 532 de

748 462 829 502 ne
874 440 1263 503 connubium
1305 439 1602 503 Patribus
1643 460 1792 503 eum
1832 437 2022 539 plebe
2051 450 2238 514 esset,
2281 458 2416 500 nou
2457 434 2810 499 decemvin

379 546 625 594 connubio
707 532 726 561 ‘
751 524 1035 589 tulerunt
1066 526 1285 612 paucis
1319 525 1419 589 his
1460 525 1645 590 annis
1687 546 1960 611 pessimo
2002 521 2298 623 exemplo
2339 520 2622 621 pupliqo,
2661 542 2810 622 eum
2825 536 2854 583 8

380 610 585 657 Patrum
606 615 658 661 οἱ
708 617 730 648 6
748 632 995 675 summa
1022 612 1254 675 iniuria
1282 610 1533 697 plebis?
1579 612 1691 674 An
1733 632 1868 674 esse
1909 608 2040 673 ulla
2077 631 2278 673 maior
2304 622 2418 672 aut
2445 623 2812 706 msigmuor

380 672 554 737 plebis.

710 696 1147 820 :contum-elia·
1172 708 1400 784 potest,
1432 718 1628 784 quam
1649 709 1911 796 ‘partem
1937 694 2240 795 “civitat-is,
2281 693 2468 843 velud}
2495 707 2810 842 eputam-

712 780 2583 953 ‹22252310?fflssssssssff‘ssss‘zssffessuissffiegssffinz„a
2611 800 2852 951 ffio

628 991 637 999 ·
712 961 734 992 6
758 953 863 1018 Ne
886 954 1311 1031 affinitatibus,
1336 978 1425 1054 ne
1435 953 2014 1054 propinquitatibus
2035 954 2521 1027 immisceamur,
2545 964 2804 1025 cavent3

712 1048 732 1077 ‘
754 1062 837 1104 ne
882 1039 1160 1105 societur
1206 1064 1478 1127 sang-ms.
1576 1038 1799 1115 de?
1856 1038 1980 1104 hoc
2025 1041 2075 1103 si
2127 1038 2356 1126 polluit
2405 1035 2808 1101 nobilitatem

714 1134 733 1165 ‘
748 1125 935 1190 istam
964 1139 1254 1204 vestram,
1286 1149 1479 1214 quam
1506 1125 1794 1214 plerique
1825 1125 2080 1192 oriundi
2109 1148 2191 1189 ex
2221 1122 2494 1189 Albanis
2523 1135 2595 1186 et
2627 1121 2808 1186 &bi-

712 1220 733 1249 ‘
750 1212 868 1289 nis,
914 1234 1044 1277 non
1094 1236 1327 1300 genere
1372 1235 1491 1277 nec
1533 1212 1862 1313 sanguine,
1908 1211 2024 1276 sed
2065 1234 2180 1298 per
2220 1209 2700 1297 cooptationem
2741 1209 2808 1271 in

713 1306 734 1335 ‘
755 1298 977 1363 Patres
1006 1298 1270 1377 hebetia,
1301 1311 1412 1363 aut
1438 1299 1519 1363 ab
1548 1300 1802 1385 reglbus
1831 1297 2000 1373 lecti,
2031 1310 2144 1361 aut
2167 1309 2312 1384 post
2337 1317 2522 1382 reges
2551 1308 2808 1359 exactos

714 1385 927 1449 ‘iussu
951 1385 1173 1472 populi
1196 1410 1213 1461 3
1260 1386 1570 1449 sinceram
1597 1406 1844 1449 servare
1871 1384 2132 1470 privatis
2159 1382 2434 1449 consiliis
2463 1404 2598 1445 non
2627 1394 2808 1467 pote-

715 1479 736 1507 ‘
758 1472 927 1547 ratis,
956 1494 1077 1535 nec
1118 1470 1413 1535 ducendo
1440 1494 1526 1535 ex
1609 1470 1771 1546 lebe,
1804 1490 2016 1555 neque
2059 1483 2293 1533 vestras
2329 1467 2493 1531 filias
2531 1489 2809 1531 sonores-

717 1564 736 1594 ‘
756 1580 883 1642 que
907 1557 1185 1621 enubere
1206 1555 1475 1620 sinendo
1496 1579 1534 1620 e
1565 1493 1860 1621 {auibus
1875 1557 1905 1619 Ρ
1951 1554 2164 1620 Nemo
2235 1553 2479 1619 lebeius
2504 1553 2810 1639 patriciae

718 1650 736 1679 ‘
752 1642 983 1740 virgini
1026 1642 1155 1705 vim
1197 1643 1485 1706 afferret:
1533 1643 1938 1729 patriciorum
1981 1642 2102 1706 ista
2141 1577 2340 1705 ligido
2383 1655 2498 1703 est.
2595 1638 2810 1703 Nemo

718 1734 738 1765 6
756 1727 1023 1791 invltum
1052 1728 1413 1814 pactionem
1441 1728 1794 1814 nuptialem
1825 1750 2210 1827 quemquam
2239 1727 2444 1790 facere
2475 1726 2806 1812 coegisset.

720 1822 738 1850 6
755 1810 999 1876 Verum
1042 1813 1215 1877 enim
1258 1836 1409 1878 vero
1452 1812 1594 1900 lege
1638 1814 1706 1877 id
1747 1813 2089 1900 prohiberi,
2125 1826 2193 1877 et
2234 1812 2632 1877 connubium
2675 1810 2814 1875 tolli

719 1906 739 1935 ‘
755 1897 1017 1962 Patrum
1068 1920 1141 1962 ae
1187 1898 1409 1986 plebia,
1455 1900 1525 1964 id
1574 1900 1835 1965 demum
1887 1898 2414 1965 contumeliosum
2465 1897 2646 1983 plebi
2697 1912 2810 1961 est.

718 1991 738 2020 ‘
759 1982 899 2047 Cur
943 1984 1117 2048 enim
1159 2007 1291 2049 non
1334 1984 1652 2063 confertis,
1697 2010 1780 2051 ne
1823 1985 1907 2050 sit
1947 1985 2337 2050 connubium
2383 1983 2698 2047 divitibus
2741 2006 2812 2047 ac
2829 2008 2848 2041 1

718 2078 737 2108 6
842 2071 1177 2157 uperibus?
1225 2070 1423 2146 Quod
1449 2072 1838 2160 privatorum
1859 2071 2260 2137 consiliorum
2290 2069 2532 2155 ubique
2559 2091 2816 2156 semper

718 2165 737 2196 ‘
754 2092 893 2233 ξιοὶῖ,
942 2169 1033 2234 ut,
1080 2157 1151 2220 in
1208 2179 1403 2243 quam
1459 2159 1692 2245 cuique
1737 2158 2010 2226 feminae
2069 2156 2464 2222 convenisset
2521 2155 2812 2231 domum,

716 2250 737 2281 ‘
758 2243 1068 2319 nuberet3
1114 2265 1197 2307 ex
1244 2266 1373 2329 qua
1442 2256 1620 2309 actus
1647 2257 1813 2309 esset
1849 2246 1946 2309 vir
1982 2243 2192 2321 domo,
2225 2244 2294 2307 in
2332 2241 2812 2307 matrimonium

716 2337 737 2365 6
757 2329 1057 2405 duceret3
1105 2329 1175 2393 id
1200 2351 1312 2394 vos
1336 2352 1415 2393 su
1488 2328 1646 2416 legis
1687 2352 1762 2395 su
1846 2330 2166 2394 rbissimae
2195 2328 2448 2394 vincula
2473 2330 2810 2405 conficitis,

714 2423 735 2453 6
800 2436 885 2478 ua
912 2414 1219 2479 dirimatis
1255 2416 1620 2481 societatem
1649 2416 1710 2480 ci
1794 2438 1922 2492 em,
1954 2415 2240 2502 duasque
2279 2438 2362 2479 ex
2392 2436 2526 2479 una
2551 2415 2810 2479 civitate

713 2509 734 2538 ‘
753 2438 1013 2567 {iaciatia
1092 2500 1233 2565 Cur
1260 2524 1391 2566 non
1412 2502 1684 2578 sancitiS,
1708 2524 1790 2566 ne
1819 2502 2066 2567 vicinus
2086 2502 2350 2602 patricio
2371 2502 2453 2567 sit
2473 2499 2812 2587 plebeius?

714 2595 733 2625 ‘
754 2610 839 2651 ne
878 2588 1107 2653 eodem
1134 2588 1361 2653 itinere
1400 2590 1555 2653 eat?
1611 2609 1694 2652 ne
1735 2588 1906 2653 idem
1935 2588 2294 2653 eonvwium
2335 2588 2558 2652 ineat?
2619 2611 2706 2653 ne
2745 2587 2810 2651 in

716 2682 737 2711 ‘
752 2673 889 2738 foro
919 2674 1145 2738 eodem
1175 2673 1475 2739 consistat
1489 2675 1520 2738 Ρ
1567 2672 1748 2749 Quid
1767 2674 2030 2738 enimin
2059 2696 2127 2738 re
2159 2687 2256 2739 est
2281 2672 2472 2749 aliud,
2503 2675 2561 2739 si
2641 2676 2811 2741 lebe-

714 2759 885 2823 ‘iam
927 2760 1225 2845 patricius
1268 2759 1542 2837 duxerit,
1584 2760 1638 2824 si
1676 2759 2004 2846 patriciam
2045 2759 2380 2847 plebeius?
2427 2758 2566 2835 Qui
2659 2762 2812 2826 iuris

597 2902 613 2911 .
718 2852 736 2883 6
760 2844 1018 2908 tandem
1046 2846 1371 2908 mutatur?
1412 2868 1644 2945 nempe
1673 2858 1920 2933 patrem
1957 2859 2312 2933 sequuntur
2345 2846 2548 2913 liberi.
2645 2848 2803 2925 Nec,
2821 2868 2844 2903 τ

716 2936 737 2967 6
758 2928 935 3013 quod
990 2951 1107 2993 nos
1165 2952 1248 2994 ex
1306 2933 1626 2995 connublo
1677 2944 1885 2997 vestro
1929 2946 2245 3031 petamuS‚
2291 2933 2645 3020 quicquam
2695 2948 2806 3010 est,

716 3020 737 3053 6
759 3027 1199 3113 praeterquam
1228 3028 1302 3079 ut
1339 3014 1692 3094 hominum,
1725 3032 1798 3082 ut
1825 3018 2058 3083 civlum
2089 3040 2356 3083 numero
2383 3020 2582 3083 simus
2599 3044 2618 3083 ε
2669 3044 2806 3096 nec,
2895 3090 2898 3098 ,

716 3108 737 3138 6
758 3122 869 3164 vos
896 3100 1049 3187 (nisl
1077 3100 1147 3164 in
1186 3102 1636 3167 contumeliam
1665 3104 2205 3190 ignominiamque
2245 3118 2526 3169 nostram
2564 3120 2807 3171 certare

718 3196 736 3224 6
757 3184 962 3274 iuvat)
990 3186 1166 3273 quod
1200 3188 1619 3265 contendatiS,
1659 3191 2002 3277 quicquam
2036 3203 2152 3255 est.
2244 3190 2550 3277 Denique
2591 3206 2804 3257 utrum

716 3282 735 3313 ‘
754 3274 1012 3341 tandem
1211 3274 1299 3340 uli
1369 3274 1668 3354 Romani,
1727 3299 1811 3341 an
1869 3289 2148 3341 vestrum
2215 3299 2536 3340 summum
2605 3279 2806 3366 impe-

716 3369 735 3399 ‘
752 3360 915 3423 rium
968 3374 1063 3424 est
1078 3297 1461 3447 yoffiegibus
1507 3364 1765 3439 exactiS,
1815 3375 2028 3427 utrum
2079 3362 2256 3427 vobis
2302 3362 2682 3441 dominatio,
2731 3388 2806 3428 an

718 3454 737 3485 6
758 3446 1053 3509 omnibus
1092 3470 1297 3534 aequa
1334 3447 1587 3512 libertas
1625 3460 1806 3534 parta
1839 3449 1980 3513 est?
2027 3448 2301 3535 Oportet
2333 3446 2526 3513 licere
2567 3450 2806 3537 populo

715 3540 735 3573 6
757 3530 1066 3608 Romano,
1098 3533 1151 3596 si
1190 3532 1361 3609 velit,
1392 3533 1610 3598 iubere
1649 3534 1870 3619 legem.
1965 3536 2095 3611 An,
2127 3548 2200 3600 ut
2237 3558 2534 3622 quaeque
2753 3537 2808 3599 ‘o

715 3628 735 3657 6
752 3618 1145 3704 promulgata
1183 3620 1323 3696 erit,
1363 3641 1474 3683 vos
1513 3619 1830 3685 delectum
1869 3642 1986 3706 pro
2025 3642 2234 3707 poena
2265 3560 2682 3686 decernetis}
2724 3635 2806 3697 et,

714 3712 737 3744 6
758 3703 946 3767 simul
984 3726 1105 3792 ego
1150 3705 1439 3769 tribunus
1476 3728 1700 3771 vocare
1747 3706 1946 3770 tribus
1979 3707 2049 3771 in
2087 3706 2456 3794 suffragium
2493 3728 2802 3795 eoepero;

758 3886 811 3934 -8
842 3888 1058 3935 Pem'mo
1088 3889 1304 3949 empto
1334 3890 1555 3949 publico]
1607 3890 1726 3937 Pcs-
1795 3903 1869 3939 ια.
1894 3894 1945 3937 et
1971 3887 2043 3940 16.
2066 3894 2116 3938 et
2137 3889 2203 3937 ibi
2229 3889 2484 3939 Vinnium.
2511 3892 2682 3941 cm.

710 3952 831 3999 simo
860 3950 1057 4010 ρῑιόῑόοο
1088 3948 1303 4001 Gronov.
1338 3956 1395 3999 ut
1430 3966 1561 4013 supr.
1595 3950 1645 4000 ii.
1684 3966 1726 4001 1.
1862 3968 1881 4000 x
1921 3954 2188 4015 Confer-tis]
2243 3954 2400 4003 Simul
2438 3955 2578 4003 fertis
2617 3956 2802 4019 legem:

712 4013 811 4062 Sed
838 4012 891 4060 in
915 4018 1010 4063 vet.
1033 4013 1145 4071 edd,
1168 4028 1263 4061 vox
1291 4015 1485 4075 publiea
1515 4030 1614 4063 non
1645 4030 1723 4075 oc-
1787 4014 1838 4067 id
1861 4032 2055 4078 quoque
2083 4018 2190 4079 lege
2215 4018 2319 4067 lata
2339 4017 2648 4068 sciscendum
2671 4036 2802 4068 cura-

714 4076 880 4137 tam-it,
900 4082 952 4125 et
968 4080 1175 4139 pessimo
1193 4079 1409 4139 exemplo
1432 4078 1650 4140 legimus.
1788 4078 1864 4128 tis.
1899 4081 2060 4131 Cur.
2493 4118 2508 4135 ι

775 4157 808 4205 9
838 4142 1087 4190 Exsilium
1108 4176 1122 4189 .
1144 4176 1159 4189 .
1182 4174 1199 4190 .
1220 4143 1584 4202 releyationem]
1623 4143 1722 4191 Re-
1860 4158 1886 4191 2
1929 4146 2133 4194 Patrem
2173 4152 2448 4208 sequuntur
2491 4148 2666 4207 liberi]
2729 4146 2801 4195 Ex

712 4204 891 4267 legatio
916 4204 1075 4253 minor
1100 4209 1174 4252 est
1196 4218 1371 4264 poena,
1392 4220 1540 4265 quam
1562 4204 1720 4253 exsili·
1786 4205 1914 4254 iusto
1939 4207 2248 4257 matrimonio
2277 4208 2395 4259 nati.
2463 4210 2650 4259 Partus
2670 4218 2804 4259 extra

712 4283 813 4317 um.
861 4268 1052 4316 Exsilio
1073 4266 1243 4318 civitas
1256 4266 1514 4325 amittitur.
1532 4284 1628 4316 uon
1651 4283 1721 4315 re-
1785 4270 1984 4331 nuptias
2021 4277 2286 4335 conceptus
2327 4279 2522 4323 uterum
2568 4276 2800 4335 sequitur.

713 4330 967 4395 legatione.
1009 4332 1126 4381 vid.
1152 4329 1369 4381 Institut.
1394 4330 1568 4381 lustin.
1589 4332 1623 4381 i.
1645 4330 1720 4379 tit.
1787 4332 1946 4383 Cruzv.
