3000 4784
726 205 847 270 176
1497 198 1728 267 T1T1
1783 199 2050 267 L1V11

388 351 460 464 Ε.
484 351 545 466 (c).
569 351 679 478 232.
722 347 963 462 :castra
1004 339 1283 454 hostiurn
1306 362 1369 440 ‘o
1414 351 1799 425 pag-nentur.
1833 425 1848 438 ·
1894 337 2122 437 ltaque
2167 359 2342 436 arma
2383 359 2532 401 suos
2573 357 2844 436 capere,
2949 317 2951 332 Α

438 453 449 464 ·
532 451 543 463 ·
666 453 679 466 ·
758 438 824 488 et
854 447 921 489 se
952 425 1253 511 subsequ1
1302 449 1372 488 iu
1456 439 1497 488 t.
1593 424 1805 488 Nocte
1831 435 2062 487 mltum
2092 422 2409 509 proellum
2433 434 2531 487 est
2561 446 2599 486 a
2625 422 2846 509 legio-
2950 457 2951 514 ᾗ

720 511 945 575 nibus:
1012 511 1309 574 dictatori
1356 511 1628 574 clamore
1674 511 2051 596 significant,
2099 511 2178 572 ab
2221 533 2300 573 ea
2389 532 2602 594 uoque
2645 522 2845 595 parte

718 620 853 661 rem
878 597 945 658 in
978 596 1339 660 discrimine
1372 620 1523 660 esse.
1617 595 1755 660 Iam
1787 619 1853 660 se
1893 596 1976 660 ad
2015 595 2328 680 prohiben
2377 619 2416 658 a
2444 595 2892 658 circumdari9
2950 599 2951 638 ἶ

720 705 915 768 opera
966 683 1183 768 Aequi
1227 683 1551 768 parabant,
1599 705 1819 768 quum,
1869 683 1946 746 ab
1995 682 2297 745 interiore
2351 681 2532 745 hoste
2583 681 2846 766 proelio
2950 731 2951 766 3

720 782 967 854 coept0‚
1002 791 1083 832 ne
1112 791 1230 854 per
1270 767 1481 831 media
1509 791 1624 832 sua
1652 781 1854 833 castra
1882 768 2066 831 fieret
2105 768 2374 856 eruptio,
2407 790 2446 830 a
2475 767 2848 829 munienti-

722 854 841 918 bus
888 855 969 916 ad
1017 866 1373 941 pugnantes
1417 854 1758 918 introrsum
1787 854 1984 928 -versi,
2030 875 2294 917 vacuam
2339 865 2599 916 noctem
2647 853 2846 938 operi

721 939 991 1003 dedere:
1040 953 1522 1026 pugnatumque
1566 962 1712 1003 cum
1757 939 2014 1004 consule
2056 938 2137 1002 ad
2180 939 2391 1003 lucem
2435 952 2548 1002 est.
2645 937 2844 1002 Luce

720 1026 925 1111 prima
962 1025 1090 1088 iam
1120 1025 1572 1089 circumvallati
1603 1027 1682 1089 ab
1722 1025 2028 1089 dictatore
2059 1038 2258 1101 erant,
2291 1036 2359 1089 et
2385 1025 2495 1087 vix
2523 1025 2843 1088 adversus

722 1133 921 1176 unum
952 1112 1304 1175 exercitum
1332 1134 1614 1198 pugnam
1645 1112 2054 1176 sustinebant.
2149 1111 2322 1174 Tum
2353 1133 2392 1174 a
2426 1109 2842 1184 Quinctiano

720 1198 1027 1274 exercitu,
1109 1198 1172 1260 ui
1204 1197 1536 1261 confestim
1569 1221 1606 1261 a
1627 1197 1909 1284 perfecto
1939 1219 2130 1283 opere
2162 1196 2245 1259 ad
2275 1217 2446 1260 arma
2477 1196 2693 1272 rediit,
2727 1197 2840 1259 in-

718 1283 971 1347 vaditur
1000 1221 1254 1348 vallum.
1349 1281 1479 1347 Hic
1509 1284 1780 1348 instabat
1811 1301 1975 1347 nova
2001 1305 2250 1368 pugna:
2301 1281 2410 1345 illa
2437 1282 2602 1344 nihil
2633 1283 2842 1346 remi-

720 1382 884 1433 serat
943 1371 1133 1457 prior.
1227 1371 1420 1445 Tum,
1474 1370 1736 1456 ancipiti
1783 1369 1950 1432 malo
2002 1381 2292 1454 urgente,
2344 1391 2383 1431 a
2433 1367 2682 1454 proelio
2747 1369 2838 1432 ad

719 1479 941 1541 preces
984 1457 1166 1531 versi,
1199 1456 1349 1519 hinc
1396 1455 1788 1531 dictatorcm,
1837 1455 1990 1518 hinc
2027 1454 2346 1519 consulem
2392 1477 2592 1530 orare,
2627 1477 2715 1518 ne
2763 1457 2838 1519 in

724 1541 1051 1604 occidione
1111 1541 1435 1604 victoriam
1494 1555 1826 1627 ponerent,
1873 1554 1947 1604 ut
1997 1542 2270 1605 inermes
2329 1563 2395 1605 se
2444 1539 2596 1604 inde
2647 1541 2836 1605 abire

392 1637 497 1711 qu
513 1636 688 1711 jugum
720 1627 1017 1690 sinerent.
1110 1626 1217 1690 Ab
1248 1626 1506 1690 consule
1537 1627 1620 1690 ad
1648 1627 2020 1702 dictatorem
2065 1626 2158 1690 ire
2189 1628 2372 1690 iussis
2401 1627 2836 1727 ignominiam

393 1705 562 1749 ''mm‘-
720 1711 1002 1775 infensus
1032 1711 1296 1775 addidit.
1380 1711 1744 1777 Gracchum
1773 1712 2092 1776 Cloelium
2117 1713 2347 1777 ducem
2371 1713 2574 1798 princi
2745 1737 2836 1777 ue
2859 1739 2878 1771 1

720 1796 875 1860 alios
903 1798 1148 1861 vinctos
1178 1797 1261 1860 ad
1300 1821 1366 1862 se
1399 1798 1631 1862 adduci
1672 1800 1869 1875 iubet,
1902 1798 2142 1886 oppido
2187 1799 2508 1862 Corbione
2547 1735 2830 1875 decedi3

722 1890 741 1919 ‘
767 1881 1107 1968 Sanguinis
1136 1905 1203 1947 se
1236 1883 1613 1970 Aequorum
1646 1908 1776 1949 non
1817 1908 2042 1971 egere:
2091 1883 2280 1947 licere
2313 1885 2484 1947 abire
2511 1897 2549 1946 ε·
2577 1885 2720 1962 sed,
2755 1899 2836 1950 ut

722 1977 743 2006 ‘
760 1969 1151 2054 exprimatur
1182 1969 1441 2033 tandem
1478 1972 1807 2047 confessio,
1839 1972 2161 2035 subactam
2202 1969 2640 2056 domitamque
2683 1995 2832 2036 esse

722 2063 1033 2141 ‘gentem,
1080 2056 1197 2118 sub
1241 2055 1463 2141 iugum
1517 2057 1833 2120 abituros?
1922 2057 2156 2120 Tribus
2206 2055 2401 2120 hastis
2453 2056 2476 2118 i
2613 2079 2680 2119 m
2731 2057 2830 2134 fit,

718 2140 898 2204 humi
943 2141 1085 2204 fixis
1131 2140 1392 2218 duabuS,
1440 2165 1754 2228 superque
1800 2165 1905 2207 eas
1949 2155 2298 2206 transversa
2341 2079 2829 2229 unauggligata.

724 2225 858 2290 Sub
888 2227 1009 2290 hoc
1038 2228 1189 2312 iugo
1219 2227 1491 2291 dictator
1522 2228 1787 2313 Aequos
1817 2229 2002 2292 misit.
2309 2229 2322 2239 ’

812 2312 1055 2376 Castris
1095 2313 1373 2376 hostium
1419 2314 1709 2398 receptis,
1741 2312 1946 2399 plenis
1986 2314 2272 2378 omnium
2313 2337 2546 2390 rerum,
2577 2313 2832 2398 (nudos

720 2398 892 2462 enim
929 2398 1252 2484 emiserat)
1286 2398 1588 2484 praedam
1629 2421 1885 2463 omnem
1921 2423 2036 2463 suo
2077 2412 2325 2464 tantum
2365 2400 2554 2464 militi
2591 2400 2826 2466 dedit:

719 2485 1113 2548 consularem
1133 2485 1481 2548 exercitum
1505 2485 1840 2570 ipsumque
1860 2485 2186 2549 consulem
2204 2486 2557 2571 increpans
2581 2494 2602 2522 ‘
2617 2485 2830 2552 Care-

722 2579 742 2608 ‘
758 2573 893 2648 bis:
923 2571 1151 2656 inquit,
1188 2571 1493 2656 ‘praedae
1581 2584 1732 2646 arte,
1765 2570 1965 2648 mileS,
1997 2593 2078 2634 ex
2121 2593 2198 2634 eo
2237 2570 2439 2647 hoste,
2472 2572 2574 2634 cui
2617 2595 2828 2671 prope

722 2656 1028 2755 ‘praedae
1048 2655 1255 2719 fuisti:
1297 2669 1364 2719 et
1384 2670 1475 2732 tu,
1563 2703 1578 2718 .
1603 2654 1874 2731 Minuci,
1894 2656 2099 2720 donec
2117 2656 2511 2720 consularem
2533 2679 2828 2722 animum

742 2742 1021 2826 ‘1ncipias
1066 2741 1318 2815 habere,
1365 2740 1608 2826 legatus
1652 2741 1752 2804 his
1803 2742 2158 2828 legionibus
2199 2742 2518 2828 praeeris?
2606 2742 2710 2806 Ita
2755 2768 2827 2809 se

723 2825 1052 2888 Minucius
1073 2824 1326 2888 abdicat
1347 2826 1696 2902 consulatu,
1729 2827 2058 2912 iussusque
2091 2826 2173 2890 ad
2195 2828 2549 2891 exercitum
2579 2845 2822 2895 manet.

724 2910 855 2974 Sed
884 2909 1045 2973 adeo
1082 2921 1217 2972 tum
1259 2910 1528 2995 imperio
1569 2911 1815 2975 meliori
1849 2913 2099 2976 animus
2138 2926 2466 2977 mansuete
2509 2914 2827 2980 obediens

720 3007 875 3071 erat,
931 3009 1002 3058 ut
1052 2994 1347 3058 beneficii
1396 2995 1612 3081 magis,
1659 3019 1851 3082 quam
1895 2998 2300 3084 ignominiae,
2349 2999 2455 3062 hic
2499 3002 2826 3066 exercitus
2843 3058 2870 3090 2

720 3101 982 3157 memor,
1014 3093 1081 3144 et
1121 3102 1419 3144 coronam
1458 3103 1715 3144 auream
1756 3082 2046 3147 dictatori
2085 3083 2306 3146 libram
2339 3085 2555 3170 pondo
2595 3086 2825 3152 decre·
2843 3121 2871 3168 3

718 3168 899 3246 verit,
932 3180 997 3231 et
1025 3167 1532 3255 proficiscentem
1555 3189 1702 3231 eum
1732 3183 2070 3255 patronum
2093 3169 2470 3235 salutaverit.
2567 3171 2824 3239 Romae
2841 3205 2871 3246 4

500 2314 602 2375 29.

784 3429 815 3476 9
840 3413 1177 3472 Prohibenda]
1207 3413 1409 3474 Proprie
1425 3413 1734 3461 scribendum

718 3477 866 3525 fuisse
920 3478 986 3523 ad
1031 3477 1355 3537 prohibenda·
1386 3480 1734 3526 circumdanda

1867 3427 1894 3474 3
1917 3414 2117 3461 Libram
2130 3415 2317 3474 pondo]
2347 3413 2674 3462 Locutionem
2691 3415 2826 3466 hanc

1799 3477 2070 3537 ellipticam
2095 3493 2198 3524 esse
2221 3478 2364 3524 docet
2383 3478 2426 3526 1.
2443 3477 2523 3526 Fr.
2541 3477 2825 3528 Gronovius

718 3557 886 3602 epm-o,
929 3540 1077 3600 idque
1132 3539 1263 3588 idem
1312 3556 1434 3599 csse,
1476 3547 1624 3600 atque
1669 3541 1734 3588 ad

722 3604 1095 3666 prohibendum,
1149 3619 1212 3651 ne
1266 3619 1415 3666 opera
1468 3604 1733 3651 circumda-

722 3673 905 3724 rentur,
926 3673 1093 3714 monet
1114 3667 1294 3716 Stroth.

792 3745 811 3778 1
851 3732 1107 3791 Cloelium]
1147 3732 1277 3779 Vide
1308 3731 1415 3778 infr.
1443 3731 1507 3779 iv.
1537 3746 1607 3778 10.
1645 3731 1730 3778 ubi

721 3794 943 3843 Cloelius
962 3793 1139 3841 iterum
1161 3795 1211 3841 in
1236 3795 1422 3856 proelio
1444 3800 1619 3856 captus
1643 3800 1732 3842 est.

720 3858 871 3905 Hanc
900 3857 1149 3906 victoriam
1174 3859 1239 3905 ab
1263 3859 1419 3906 altera
1446 3857 1514 3904 ibi
1541 3864 1734 3904 narrata

718 3921 1058 3968 adumbratam
1091 3921 1237 3968 fuisse
1264 3927 1429 3970 censet
1452 3921 1502 3968 N
1507 3920 1657 3968 iebhr.
1680 3920 1730 3968 ii.

721 3999 771 4046 p.
830 3983 939 4040 268,
994 3983 1195 4046 quippe,
1251 4001 1403 4045 quum
1466 3984 1732 4040 Quinctius

717 4046 1025 4108 triumphum
1058 4047 1268 4106 duxerit,
1300 4049 1442 4096 illum
1478 4047 1590 4095 duci
1624 4047 1730 4095 hos-

720 4111 845 4159 tium
872 4116 1016 4172 capto
1044 4111 1314 4172 pepercisse
1339 4110 1540 4158 omnino
1569 4126 1600 4158 a
1629 4111 1729 4159 Ro-

720 4175 880 4222 manis
902 4173 1117 4221 moribus
1137 4174 1354 4221 alienum
1376 4174 1560 4222 fiiisset.

786 4253 815 4284 α
850 4239 1111 4297 Coronam]
1139 4235 1518 4285 obsidionalem.
1542 4237 1601 4286 cf.
1623 4236 1731 4286 infr.

724 4297 803 4346 vii.
831 4313 905 4359 3¹7.

1799 3539 1850 3587 in
1895 3539 2018 3587 libro
2055 3539 2087 3587 i.
2118 3538 2164 3589 6.
2199 3541 2262 3588 de
2307 3555 2483 3601 pecun.
2521 3547 2616 3589 vet.
2655 3549 2708 3590 et
2751 3544 2826 3592 ita

1797 3603 2024 3664 integrari
2058 3604 2252 3662 debere,
2291 3619 2518 3652 coronam
2563 3607 2824 3656 habentem

1791 3667 1984 3728 pondus
2023 3666 2198 3714 libram
2235 3668 2413 3728 pondo.
2484 3668 2715 3717 Eandem
2751 3671 2823 3719 lo·

1796 3729 2044 3777 cntionem
2085 3730 2299 3778 restituit
2343 3731 2560 3781 Gronov.
2603 3732 2718 3782 inst.
2755 3735 2824 3782 iv.

1799 3807 1874 3841 20.

1862 3875 1893 3916 4
1925 3859 2226 3917 Patronum]
2287 3858 2444 3907 Haud
2488 3860 2552 3907 ab
2595 3874 2649 3909 ne
2691 3864 2825 3913 foret

1795 3919 2212 3980 animadvertisse,
2234 3923 2364 3982 quod
2387 3923 2496 3970 ififr.
2519 3924 2640 3972 xxii.
2669 3941 2747 3990 29.
2771 3935 2825 3976 et

1799 3997 1873 4044 30.
1909 3983 2123 4045 legiones
2153 3987 2232 4033 M.
2269 3987 2491 4035 Minucii
2525 3987 2822 4039 dictatorem

1798 4046 2007 4094 Fabium
2045 4049 2354 4096 consalutant
2386 4058 2672 4112 patronum,
2711 4069 2824 4114 pen-
2839 4073 2856 4097 ,·

1794 4109 1910 4157 inde
1931 4126 1989 4158 ac
2011 4110 2051 4158 si
2073 4125 2148 4158 res
2169 4126 2200 4158 a
2217 4112 2391 4160 Marco
2409 4113 2636 4162 Minucio
2652 4125 2822 4178 gestae

1797 4173 1850 4220 in
1879 4174 2114 4235 gentilem
2147 4189 2292 4221 suum
2316 4176 2528 4224 Lucium
2551 4181 2821 4230 tmnshtse

1797 4243 1973 4286 essent.
2005 4237 2054 4286 N
2059 4237 2212 4286 iebhr.
2233 4237 2286 4287 ii.
2307 4255 2358 4288 n.
2379 4239 2438 4289 61
2451 4255 2491 4289 1.
