3000 4784
742 216 824 276 54
1495 211 1721 278 ΤΙΤΙ
1774 210 2041 276 LIVII

411 359 726 426 nimregnum
741 347 996 411 minuit:
1029 349 1158 411 imo
1178 370 1255 413 eo
1271 349 1614 435 impensius
1630 349 1780 435 quia
1794 350 1875 414 de
2002 372 2041 413 ο
2057 346 2259 436 plebis
2275 345 2534 410 adversa
2546 343 2819 411 Patrum
2839 373 2867 406 2

413 427 640 478 adfectat.
739 433 1060 499 voluntate
1089 448 1365 499 senserat
1393 437 1514 586 affii,
1538 435 1912 501 criminandi
2028 435 2143 500 rvii
2178 433 2346 523 apud
2376 433 2615 511 Patres,
2646 457 2821 500 cres-

412 1573 606 1624 'I'ulliae
618 1591 717 1624 am-

412 1638 546 1688 bitin.

739 521 1052 607 cendique
1091 521 1158 584 in
1187 521 1361 586 curia
1388 522 1439 585 si
1485 522 1505 585 i
1541 524 1931 587 occasionem
1968 523 2181 586 datam
2218 535 2387 586 ratus
2416 536 2531 598 est,
2572 533 2637 585 et
2676 522 2819 610 ipse

738 607 981 672 iuvenis
1010 607 1284 672 ardentis
1306 609 1520 685 animi,
1552 625 1618 674 et
1639 610 1810 674 domi
1834 632 2031 674 uxore
2062 609 2274 674 Tullia
2301 608 2655 695 inquietum
2674 611 2823 673 ani-

737 715 912 758 mum
969 693 1345 759 stimulante.
1437 695 1617 760 Tulit
1662 696 1833 760 enim
1876 709 1943 761 et
2000 697 2292 761 Romana
2331 695 2505 782 regia
2558 695 2820 760 sceleris

687 823 692 826 -
737 781 955 880 tragici
978 781 1358 869 exemplum,
1382 795 1454 846 ut
1475 782 1685 848 taedio
1708 805 1927 870 regum
1946 784 2246 848 maturior
2261 783 2504 848 veniret
2524 782 2813 860 libertas3

737 865 1155 967 ultimumque
1184 890 1252 931 re
1341 891 1448 932 um
1479 882 1659 947 esset,
1692 869 1865 957 quod
1884 870 2118 935 scelere
2147 885 2395 958 partum
2423 868 2601 933 foret.
2678 867 2817 933 Hic

737 952 814 1016 L.
848 954 976 1018 Tar
1021 955 1230 1018 umius
1252 891 1488 1041 {grisei
1520 956 1851 1043 Tarquinii
1880 957 2044 1044 regis
2082 957 2247 1021 filius
2284 978 2561 1042 neposne
2595 955 2816 1034 fuerit,

781 1062 957 1104 arum
1017 1041 1224 1127 'quet3
1269 1041 1554 1128 pluribus
1594 1056 1805 1108 tamen
1844 1045 2201 1108 auctoribus
2239 1043 2440 1106 filium
2468 1041 2817 1130 ediderim)
2836 1065 2867 1113 3

829 1140 988 1191 trem
1019 1127 1322 1192 habuerat
1349 1129 1666 1194 Anmtem
1697 1129 2134 1216 Tarquinium,
2164 1130 2335 1194 mitis
2368 1131 2381 1144 “
2512 1128 2602 1191 nii
2629 1130 2817 1194 iuve-

735 1235 902 1278 nem.
993 1213 1115 1278 His
1149 1214 1412 1292 duobus
1444 1231 1517 1280 ut
1545 1230 1691 1282 ante
1730 1217 1973 1282 dictum
2002 1231 2114 1294 est,
2151 1217 2313 1282 duae
2346 1151 2611 1292 me,
2642 1218 2817 1304 regis

735 1299 920 1378 filiae,
953 1314 1312 1388 nupserant,
1333 1314 1399 1366 et
1425 1303 1450 1366 i
1618 1303 1805 1391 longe
1828 1304 2105 1391 dispares
2134 1304 2427 1368 moribus.
2504 1301 2691 1366 Forte
2720 1305 2819 1368 ita

734 1386 1060 1465 inciderat,
1091 1411 1173 1452 ne
1202 1387 1331 1453 duo
1359 1389 1462 1454 vio
1487 1405 1636 1456 enta
1662 1391 1916 1491 ingenia
1943 1391 2341 1454 matrimonio
2374 1389 2812 1489 iungerentur,

733 1473 1002 1552 fortuna,
1021 1474 1226 1551 cred0,
1251 1476 1469 1574 populi
1489 1477 1783 1554 Romam,
1801 1501 1929 1565 quo
1947 1477 2305 1541 diuturnius
2326 1475 2523 1540 Servi1
2539 1498 2572 1539 r
2698 1499 2817 1539 um

735 1573 914 1637 esset,
974 1561 1394 1648 constituique
1453 1563 1719 1628 civitatis
1785 1586 1991 1628 mores
2046 1575 2315 1650 possent.
2433 1565 2621 1713 As?
2666 1577 2817 1628 atur

733 1645 910 1710 ferox
945 1645 1175 1723 Tullia,
1207 1647 1366 1710 nihil
1410 1651 1705 1715 materiae
1742 1651 1810 1714 in
1838 1651 1974 1714 viro
2008 1673 2216 1737 neque
2256 1650 2339 1714 ad
2374 1650 2519 1736 cupi
2564 1651 2811 1728 itatem,

733 1754 941 1818 neque
981 1732 1063 1796 ad
1103 1733 1427 1801 audaciam
1465 1760 1615 1801 esse.
1707 1736 1874 1803 Tota
1911 1737 1979 1801 in
2014 1737 2279 1800 alterum
2314 1759 2490 1800 versa
2533 1735 2817 1836 Tarqui-

732 1818 929 1896 nium,
975 1843 1122 1885 eum
1169 1820 1396 1902 mirari,
1442 1845 1589 1888 eum
1636 1824 1839 1887 virum
1886 1822 2115 1900 dicere,
2163 1846 2237 1887 ac
2284 1823 2456 1910 regio
2500 1845 2609 1887 san
2770 1847 2811 1888 e

733 1918 978 1970 ortum:
1056 1929 1347 1993 spernere
1406 1933 1700 1987 sororem,
1760 1910 1935 1998 quod
1990 1910 2195 1974 virum
2262 1922 2447 1974 nacta
2512 1932 2577 1974 m
2645 1909 2811 1974 iebri

733 2006 1000 2056 cessaret
1055 1993 1328 2061 audacia.
1423 1997 1763 2062 Contrahit
1820 1996 2106 2062 celeriter
2162 1995 2506 2060 similitudo
2550 2019 2677 2072 eos,
2732 2013 2813 2060 ut

731 2079 860 2144 fere
918 2079 991 2143 fit
1040 2079 1274 2144 malum
1331 2084 1495 2148 malo
1543 2084 1969 2171 aptissimum:
2031 2082 2143 2148 sed
2199 2082 2451 2147 initium
2508 2083 2809 2147 turbandi

732 2173 945 2235 omnia
972 2195 1012 2236 a
1046 2171 1280 2235 femina
1317 2185 1527 2236 ortum
1573 2182 1684 2236 est.
1776 2169 1890 2247 Ea,
1928 2169 2183 2233 secretis
2214 2169 2331 2232 viri
2366 2169 2553 2233 alieni
2592 2191 2809 2232 assue-

731 2257 896 2322 facta
934 2257 1340 2334 sermonibus,
1378 2257 1567 2322 nullis
1605 2258 1937 2321 verborum
1974 2255 2373 2320 contumeliis
2410 2277 2687 2342 parcere,
2716 2255 2805 2320 de

730 2344 862 2408 viro
892 2345 972 2409 ad
1001 2345 1274 2420 fi·atrem,
1307 2343 1385 2409 de
1420 2365 1628 2408 sorore
1669 2343 1749 2408 ad
1778 2343 2016 2418 virum3
2062 2354 2129 2406 et
2160 2363 2227 2406 se
2256 2343 2485 2406 rectius
2523 2341 2804 2420 viduam,

731 2445 797 2496 et
838 2430 1017 2497 illum
1062 2429 1370 2496 coelibem
1411 2429 1694 2494 flitmum
1736 2429 1923 2493 fiiisse
1966 2427 2371 2506 contendere,
2417 2451 2607 2516 quam
2650 2451 2805 2493 cum

729 2519 954 2618 impari
993 2519 1190 2606 iungi,
1222 2530 1295 2581 ut
1333 2515 1902 2604 elanguescendum
1943 2514 2147 2579 aliena
2178 2515 2428 2602 ignavia
2453 2529 2633 2580 esset.
2730 2514 2803 2580 Si

729 2606 846 2669 sib1
875 2629 1042 2684 eum,
1065 2629 1194 2693 quo
1223 2604 1416 2692 digna
1442 2617 1623 2681 esset,
1655 2603 1745 2667 dii
1768 2601 2087 2666 dedissent
2114 2601 2335 2678 virum,
2354 2600 2529 2666 domi
2556 2623 2623 2665 se
2698 2623 2807 2666 ro-

729 2691 980 2842 &diem
1025 2694 1294 2756 visuram
1335 2713 1599 2776 regnum
1633 2689 1842 2765 fuisse,
1874 2687 2047 2774 quod
2085 2687 2255 2788 apud
2288 2701 2529 2779 patrem
2562 2687 2627 2752 vi
2670 2703 2797 2753 eat.

795 2779 1043 2843 eleriter
1086 2778 1549 2842 adolescentem
1601 2797 1747 2839 suae
1800 2774 2169 2839 temeritatis
2214 2774 2449 2861 implet.
2557 2773 2801 2840 Lucius
2820 2798 2851 2838 4

729 2863 1112 2951 Tarquinius
1163 2876 1228 2927 et
1273 2861 1491 2925 Tullia
1535 2861 1741 2925 minor
1784 2883 1980 2959 prope
2039 2861 2417 2925 continuatis
2472 2861 2803 2926 funeribus

406 2959 564 3034 Nubit
585 2979 707 3012 soro-
727 2972 924 3035 quum
961 2949 1181 3013 domos
1214 2969 1438 3012 vacuas
1471 2969 1635 3010 novo
1675 2947 2071 3012 matrlmonio
2108 2946 2417 3024 fecissent,
2449 2948 2515 3012 iu
2648 2961 2803 3012 ntur

401 3039 466 3073 ns
487 3026 599 3076 viro.

728 3035 987 3123 nuptiis,
1037 3035 1233 3121 magis
1275 3055 1404 3098 non
1447 3032 1820 3120 prohibente
1869 3031 2103 3110 Servio,
2153 3057 2343 3120 quam
2388 3057 2583 3121 appro
2626 3047 2795 3100 ante.

795 3283 822 3316 α
862 3271 940 3318 De
977 3285 1097 3332 ayo-o
1129 3269 1309 3330 plebis]
1375 3267 1436 3316 cf.
1468 3266 1615 3314 Dion.
1658 3265 1719 3315 iv.
1786 3280 1935 3326 quum
1957 3267 2061 3328 ipse
2082 3282 2277 3330 regnare
2292 3269 2530 3331 oet-oepit⁹
2550 3279 2623 3330 71.
2641 3285 2795 3332 quum

728 3347 799 3381 10.
830 3347 899 3394 13·
966 3333 1080 3380 Hoc
1113 3333 1322 3394 primum
1354 3331 1552 3378 rationis
1578 3331 1723 3392 Agra-
1790 3331 1953 3378 Roma
1973 3333 2219 3393 expulsus,
2240 3330 2317 3396 96.
2350 3347 2499 3394 quum
2521 3333 2659 3391 obiit,
2688 3349 2795 3385 110.

719 3396 818 3444 riae
839 3397 970 3457 apud
994 3397 1242 3444 Romanos
1272 3395 1620 3444 lineamentum
1646 3409 1723 3456 ag-
1784 3409 2052 3444 annorum:
2097 3411 2222 3458 quae
2255 3396 2472 3459 profecto
2508 3397 2673 3445 omnia
2710 3415 2795 3448 ne-

719 3459 873 3508 noscit
907 3460 1109 3508 Niebhr.
1143 3460 1174 3509 i.
1209 3477 1257 3522 p.
1288 3457 1388 3507 161.
1422 3459 1505 3520 qui
1532 3457 1723 3520 plebeia
1786 3458 1903 3505 mim·
1922 3458 2109 3520 probari
2128 3459 2322 3520 possint.
2370 3461 2653 3523 Suspicatur
2672 3463 2793 3510 Dio-

720 3525 808 3572 illa
826 3531 1003 3586 septem
1023 3527 1195 3585 ὄαρον-α
1215 3524 1278 3572 ad
1307 3523 1438 3571 hunc
1468 3537 1627 3585 regem
1651 3537 1721 3569 re·
1784 3523 1948 3584 nysius
1984 3524 2098 3570 inde
2128 3530 2296 3572 natum
2328 3540 2431 3572 esse
2465 3540 2631 3573 eorum
2664 3542 2793 3574 erm-

717 3589 824 3637 sert.
858 3589 918 3636 cf.
945 3589 1084 3637 Varr.
1107 3591 1168 3636 de
1191 3588 1329 3637 R..R.
1359 3603 1397 3636 1.
1417 3603 1459 3635 α.
1784 3601 1902 3645 rem,
1933 3602 2054 3648 quos
2090 3586 2168 3634 hic
2206 3593 2424 3636 auctores
2460 3589 2674 3651 sequitur
2712 3591 2791 3640 Li-

782 3667 810 3714 3
843 3655 1025 3700 Filium
1045 3655 1297 3712 edida-im]
1339 3650 1528 3699 Invicte
1549 3651 1719 3712 probat
1784 3649 1902 3710 vius,
1940 3653 2069 3712 quod
2112 3652 2309 3700 fortasse
2354 3653 2547 3701 Priscus
2586 3663 2795 3715 nepotes

717 3716 982 3778 Dionysius
1011 3717 1150 3765 illum
1175 3715 1426 3777 Tarquinii
1454 3712 1606 3763 Prisci
1638 3729 1719 3762 ne
1783 3729 1893 3763 suos
1912 3715 2225 3777 adoptaverit.
2294 3717 2435 3765 Haec
2455 3717 2561 3766 fuse
2580 3723 2794 3768 tractata

717 3787 880 3842 potem
897 3780 1058 3840 fuisse,
1073 3797 1170 3828 non
1187 3779 1358 3827 filium.
1416 3778 1575 3826 Variis
1592 3778 1721 3826 enim
1786 3779 1895 3827 vide
1927 3780 2060 3841 apud
2084 3779 2229 3827 Dion.
2254 3781 2380 3828 circa
2397 3781 2503 3829 init.
2525 3781 2587 3829 iv.
2624 3783 2788 3833 Canv.

715 3845 1012 3906 argumentis
1053 3843 1235 3906 colligit
1277 3857 1469 3891 necesse
1512 3858 1631 3902 esse,
1668 3848 1723 3890 ut
1787 3845 1847 3892 cf.
1872 3843 2073 3890 Niebhr.
2100 3843 2128 3890 i.
2154 3859 2200 3906 p.
2226 3842 2331 3905 367.

714 3923 866 3970 quum
909 3909 1101 3957 Priscus
1153 3908 1431 3956 interfectus
1483 3912 1573 3964 est,
1612 3905 1717 3968 ipse
1842 3925 1871 3966 4
1896 3908 2105 3966 Lucius]
2140 3907 2217 3955 Ex
2244 3908 2406 3956 Ursini
2428 3909 2789 3970 emendatione..

714 3971 909 4034 quidem
931 3971 1261 4036 octogenarius
1280 3973 1344 4019 ad
1371 3970 1623 4018 minimum
1646 3985 1713 4017 es-
1778 3985 1923 4031 quam
1970 3971 2178 4020 Bekker.
2224 3974 2411 4033 probat,
2458 3975 2541 4021 sed
2596 3975 2791 4024 codices

710 4043 802 4095 set,
846 4034 1086 4097 Tanaquil
1125 4051 1237 4084 vero
1277 4048 1349 4096 75.
1392 4049 1546 4082 annos
1588 4041 1714 4082 nata.
1778 4037 1963 4082 Arum.
2027 4038 2109 4084 Ita
2134 4038 2189 4083 L.
2218 4037 2403 4084 amicus
2428 4037 2627 4099 quidam
2660 4039 2789 4086 Gro-

713 4101 863 4150 Unde
907 4100 1112 4148 efficitur
1154 4100 1211 4149 L.
1256 4099 1592 4160 Tarquinium,
1634 4099 1715 4159 qui
1781 4099 1925 4156 mvii,
1947 4099 2029 4159 qui
2050 4100 2172 4147 duas
2200 4100 2360 4148 literas
2382 4103 2583 4149 voculae
2604 4105 2677 4150 ita
2702 4105 2785 4151 ab·

709 4167 904 4213 fratrem
937 4169 1056 4212 natu
1094 4164 1326 4212 minorem
1361 4165 1597 4210 Aruntem
1632 4162 1713 4210 har
1778 4168 1964 4224 sorptas
1982 4164 2047 4210 ab
2066 4163 2164 4212 fine
2192 4165 2525 4224 praecedentis
2544 4165 2676 4213 verbi
2700 4169 2785 4215 im·

711 4229 834 4288 buit,
854 4229 1072 4278 debuisse
1105 4229 1272 4290 procul
1305 4227 1470 4284 dubio,
1491 4226 1529 4274 si
1564 4227 1715 4274 Prisci
1774 4229 1893 4288 pla,
1929 4233 2074 4288 atque
2116 4227 2200 4282 sic,
2238 4227 2445 4288 reliquas
2480 4229 2601 4277 duas
2639 4232 2695 4277 al
2728 4231 2783 4278 li-

709 4293 961 4354 Tarquinii
995 4292 1124 4341 filius
1153 4291 1358 4350 dicatur,
1389 4307 1491 4338 csse
1526 4305 1600 4350 27.
1631 4306 1711 4338 an·
1778 4289 1941 4338 brariis
1979 4289 2027 4337 in
2066 4307 2127 4338 ar
2160 4291 2472 4351 mutantibus,
2506 4295 2689 4341 factum
2726 4293 2785 4342 τὸ

711 4371 897 4415 norum,
941 4373 1090 4418 quum
1135 4356 1328 4405 Priscus
1377 4354 1561 4404 occisus
1607 4361 1710 4402 est:
1776 4357 1948 4402 Arum
1970 4359 2145 4402 censet.
