3000 4784
692 192 824 251 426
1463 187 1690 254 ΤΙΤΙ
1748 186 2022 254 LIVII

369 328 439 378 U.
463 330 522 379 C·
547 329 657 390 406·
697 323 1044 387 sciscitatus
1091 322 1366 387 consulis
1412 323 1823 399 voluntatem,
1874 324 1943 387 in
1992 322 2281 387 medium
2332 336 2619 387 armatus
2658 346 2783 411 pro-

367 395 428 441 A.
465 396 523 443 ⁰·
548 393 658 456 ³4⁶·
697 410 900 473 cessit.
991 408 1215 473 Minus
1253 409 1500 497 insigne
1540 422 1863 473 certamen
1906 409 2261 473 humanum
2299 410 2571 473 numine
2612 410 2787 475 inter-

367 500 568 549 θυι-ναι.
781 495 904 559 sito
949 494 1214 560 deorum
1259 497 1516 560 factum.
1610 494 1782 559 Nam
1828 518 1911 559 ue
1959 496 2317 559 conserenti
2363 496 2497 559 ism
2544 518 2789 560 manum

697 518 994 646 ffomano
1033 604 1258 647 corvus
1297 594 1559 669 repente
1600 582 1671 644 in
1816 604 1893 645 ea
1932 582 2240 659 consedit,
2272 582 2343 645 in
2381 582 2647 647 hostem
2672 606 2795 647 ver-

695 689 839 731 sus:
935 668 1064 731 uod
1103 669 1328 755 primo,
1361 680 1436 731 ut
1473 668 1809 754 augurium
1848 667 2027 732 coelo
2068 668 2350 745 missum,
2384 668 2597 733 laetus
2632 692 2797 733 acce·

693 753 790 839 pit
837 690 1146 819 tribunus.
1236 754 1539 818 Precatus
1584 753 1841 831 deinde,
1904 761 1925 791 ‘
1950 753 2019 818 Si
2064 753 2269 831 divuS,
2316 755 2373 819 si
2418 754 2575 818 diva
2622 769 2827 831 escas

697 846 718 876 ‘
739 840 852 925 qui
910 839 1030 903 sibi
1133 854 1453 927 raepetem
1520 840 1809 917 misisset,
1861 839 2083 905 volens
2142 840 2455 927 propitius
2520 840 2831 905 adeoeet's

695 925 898 990 Dictu
927 864 1232 1004 mirabile,
1265 927 1472 991 tenuit
1499 948 1633 990 non
1662 925 1866 991 solum
1896 926 2025 991 ales
2054 939 2303 1013 captam
2330 926 2538 991 semel
2564 928 2797 1006 sedem,

693 1011 827 1089 sed,
860 1013 1364 1099 quotiescunque
1405 1024 1728 1077 certamen
1770 1012 2003 1076 initum
2044 1026 2159 1088 est,
2191 1011 2407 1077 levans
2448 1036 2523 1077 se
2568 1014 2711 1091 alis,
2740 1038 2801 1079 os

695 1099 1036 1186 oculosque
1084 1100 1284 1163 hostis
1327 1112 1529 1163 rostro
1575 1112 1643 1163 et
1689 1099 2009 1198 unguibus
2056 1099 2359 1185 appetiit:
2420 1098 2643 1165 donec
2684 1115 2803 1166 ter·

693 1185 887 1250 ritum
931 1186 1204 1273 prodigii
1256 1185 1396 1250 talis
1445 1186 1603 1262 visu,
1650 1184 1977 1271 oculisque
2028 1184 2217 1249 simul
2268 1208 2341 1249 ac
2394 1200 2621 1251 mente
2676 1200 2803 1252 tur·

695 1273 934 1350 batum,
988 1271 1279 1336 Valerius
1337 1272 1691 1336 obtruncat.
1786 1270 2036 1335 Corvus
2092 1295 2129 1335 e
2190 1286 2545 1359 conspectu
2602 1274 2803 1338 elatus

695 1359 1005 1423 orientem
1076 1359 1255 1445 petit.
1367 1356 1699 1421 Hactenus
1772 1358 2027 1443 quietae
2098 1358 2421 1445 utrimque
2496 1362 2801 1424 stationes

693 1444 888 1509 fuere.
1009 1444 1136 1509 Pos
1209 1466 1357 1509 uam
1413 1442 1681 1530 spoliare
1742 1466 1971 1530 corpus
2026 1446 2193 1507 caesi
2250 1444 2449 1509 hostis
2508 1447 2801 1511 tribuum

693 1533 922 1618 coepit,
977 1553 1097 1595 nec
1139 1459 1320 1595 galli
1371 1553 1436 1595 se
1489 1530 1759 1594 statione
1822 1542 2184 1606 tenuerunt,
2234 1543 2303 1595 et
2356 1530 2799 1597 Romanorum

694 1638 912 1681 cursus
961 1617 1046 1681 ad
1091 1618 1393 1681 victorem
1444 1616 1639 1681 etiam
1690 1616 1864 1681 ocior
1908 1616 2048 1682 fuit.
2139 1615 2261 1694 Ibi,
2314 1618 2483 1681 circa
2536 1619 2799 1683 iacentis

698 1700 871 1765 Galli
911 1726 1138 1789 corpus
1177 1716 1500 1767 contracto
1542 1702 1906 1780 certamine,
1944 1724 2163 1790 pugna
2199 1714 2380 1767 atrox
2418 1706 2795 1769 concitatur.

695 1786 832 1850 Iam
871 1811 1004 1852 non
1044 1788 1382 1874 manipulis
1421 1789 1851 1875 proximarum
1892 1789 2255 1865 stationum,
2286 1789 2399 1854 sed
2439 1790 2797 1877 legionibus

365 1880 612 1954 Proelium}
695 1873 1015 1959 utrimque
1073 1874 1288 1938 effusis
1345 1896 1444 1939 res
1504 1875 1759 1962 geritur.
1856 1873 2167 1939 Camillus
2224 1874 2467 1940 laetum
2528 1878 2796 1942 militem

361 1950 625 2053 gemamu-
692 1958 954 2023 victoria
993 1959 1250 2036 tribuni,
1281 1960 1520 2025 laetum
1566 1973 1693 2025 tam
1732 1962 2168 2047 praesentibus
2206 1984 2279 2025 ac
2318 1962 2625 2027 secundis
2656 1964 2795 2041 diis,

363 2022 652 2121 (ἷζίἓῖῗοιῑ,
691 2045 782 2109 ire
827 2046 896 2109 in
939 2045 1250 2133 proelium
1297 2047 1513 2111 iubet:
1563 2060 1855 2112 ostentan
1933 2070 2013 2113 ue
2062 2048 2377 2134 insignem
2422 2048 2648 2135 spoliis
2691 2052 2797 2115 tri-

691 2132 956 2208 bunum,
1005 2141 1024 2170 ‘
1049 2131 1245 2196 Hunc
1275 2134 1542 2210 imitare,
1574 2133 1794 2210 mile8,’
1822 2134 1919 2197 aie
1966 2148 2065 2209 at3
2115 2142 2136 2172 ‘
2156 2146 2222 2198 et
2270 2134 2436 2199 circa
2478 2136 2795 2201 iacentem

693 2227 712 2257 ‘
734 2218 966 2283 ducem
1012 2231 1220 2283 sterne
1273 2220 1605 2284 Gallorum
1652 2221 1969 2284 catervas’
2058 2219 2173 2284 Dii
2219 2220 2647 2309 hominesque
2704 2223 2793 2286 illi

688 2306 926 2369 affuere
961 2328 1251 2392 pugnae3
1299 2306 1865 2392 depugnatumque
1908 2306 2171 2393 haudqu
2254 2330 2403 2371 uam
2442 2310 2795 2374 certamine

688 2391 986 2477 ambiguo
1026 2414 1174 2455 cum
1210 2390 1412 2455 Gallis
1447 2404 1580 2456 est:
1630 2391 1792 2457 adeo
1832 2392 2105 2457 duorum
2219 2394 2233 2405 '
2265 2394 2425 2457 'tum
2468 2408 2793 2471 eventum,

687 2477 856 2541 inter
907 2500 1066 2565 quos
1124 2490 1479 2566 pugnatum
1530 2490 1684 2556 erat,
1748 2490 2015 2565 utraque
2074 2479 2240 2543 acies
2290 2480 2523 2545 animis
2572 2504 2835 2581 perce-7

688 2576 882 2649 perat.
989 2563 1168 2629 Inter
1215 2565 1470 2651 primm,
1527 2586 1799 2663 quorum
1849 2586 2194 2629 concursus
2244 2566 2400 2631 alios
2450 2584 2795 2646 exciverat,

687 2661 870 2714 atrox
916 2650 1228 2736 proelium
1273 2651 1434 2715 fuit:
1493 2650 1617 2715 aha
1666 2650 2029 2729 multitudo,
2070 2652 2247 2738 prius
2294 2674 2443 2717 uam
2504 2654 2589 2718 ad
2644 2678 2797 2719 con-

687 2735 922 2800 iectum
962 2737 1072 2801 teli
1099 2738 1364 2815 veniret,
1397 2750 1577 2824 terga
1602 2737 1809 2801 vertit.
1879 2737 2095 2805 Primo
2176 2761 2246 2802 er
2340 2738 2546 2805 olscos
2577 2740 2797 2805 Faler-

686 2843 971 2906 numque
1031 2844 1248 2907 agrum
1310 2824 1460 2887 dissi
1546 2823 1597 2887 ti
1654 2835 1839 2887 sunt:
1910 2822 2061 2889 inde
2116 2760 2424 2911 Kpuliam
2480 2849 2559 2891 ac
2619 2844 2837 2892 mares

685 2926 758 2967 su
805 2928 983 2968 erum
1024 2908 1364 2991 petierunt.
1461 2846 1727 2986 gbnsul,
1760 2910 2065 2974 concione
2100 2909 2422 2988 advocata,
2458 2912 2795 2979 laudatum

685 2928 1010 3055 triliunum
1069 2991 1293 3055 decem
1365 2993 1574 3057 bubus
1638 3017 1955 3081 aureaque
2021 3018 2255 3060 corona
2313 2996 2527 3063 donat.
2622 2999 2791 3087 Ipse,

683 3076 886 3140 iussus
931 3077 1010 3141 ab
1053 3091 1278 3142 senatu
1320 3077 1560 3142 bellum
1606 3082 1992 3145 maritimum
2034 3104 2273 3157 curare,
2303 3106 2453 3147 cum
2496 3102 2793 3171 praetore

683 3163 893 3229 iunxit
922 3178 1137 3230 castra„
1229 3160 1350 3243 Ibi,
1383 3165 1536 3252 quia
1574 3188 1676 3231 res
1716 3167 1879 3231 trahi
1920 3169 2191 3255 segnitia
2220 3167 2617 3235 Graecorum
2660 3196 2791 3237 non

683 3252 1214 3318 committentium
1263 3276 1329 3317 se
1374 3253 1444 3316 in
1488 3254 1689 3317 aciem
1732 3253 2128 3332 videbantur,
2170 3254 2549 3340 dictatorem
2592 3259 2791 3323 comi·—

356 3346 653 3460 AEssiaerlius
685 3338 918 3403 tiorum
969 3363 1157 3405 causa
1203 3339 1281 3403 T.
1329 3339 1649 3404 Manlium
1698 3338 2097 3426 Torquatum
2144 3364 2226 3404 ex
2270 3343 2649 3409 auctoritate
2694 3368 2789 3409 se-

751 3564 776 3609 5
799 3550 856 3598 Sa·
876 3552 1090 3610 diva-usti
1112 3552 1228 3599 diva
1249 3552 1394 3611 esset]
1425 3551 1541 3599 Hae
1558 3566 1701 3599 voces
1828 3552 1859 3598 8
1892 3553 2017 3601 Indo
2036 3552 2303 3614 Apuliam]
2352 3554 2549 3612 Gallos,
2572 3554 2785 3603 exercitu

681 3626 745 3659 ex
767 3613 969 3675 antiquo
992 3614 1206 3662 carmine
1227 3614 1549 3677 depromptae
1570 3622 1697 3663 sunt.
1762 3615 1946 3676 fugato,
1965 3616 2093 3664 viam
2130 3630 2218 3678 per
2240 3616 2443 3665 Italiam
2476 3618 2569 3666 sibi
2600 3620 2783 3677 sedne,

753 3673 784 3723 6
823 3678 1138 3739 Pmepetem]
1203 3679 1349 3734 Quae
1393 3679 1587 3741 proprie
1626 3679 1696 3727 di·
1762 3694 1935 3740 parum
1960 3679 2217 3727 verisimile
2234 3680 2515 3729 Niebuhn’o
2529 3682 2601 3730 iii.
2620 3696 2781 3745 φια-

681 3742 860 3785 cuntur
889 3754 1005 3787 aves
1038 3746 1310 3801 praepetes,
1336 3741 1398 3789 de
1421 3758 1480 3789 eo
1504 3742 1595 3804 ipsi
1618 3759 1696 3791 vo-
1762 3758 1813 3791 se
1837 3743 2056 3792 videtur:
2090 3743 2173 3805 qui
2197 3743 2327 3792 hanc
2346 3744 2509 3806 ipsam
2534 3745 2781 3793 victoriam

681 3806 809 3848 teres
828 3802 1098 3863 ambigunt,
1119 3805 1533 3864 quemadmodum
1556 3807 1698 3854 intel-
1762 3812 2039 3868 suspeomm
2068 3807 2235 3866 habet,
2258 3824 2317 3856 eo
2340 3808 2473 3869 quod
2507 3808 2782 3871 triumphu·

683 3863 848 3927 ligitur
889 3880 952 3912 ex
995 3865 1071 3923 iis,
1109 3882 1236 3927 quae
1277 3868 1336 3916 A.
1374 3868 1509 3917 Gen.
1550 3871 1610 3919 vi.
1650 3869 1696 3919 6.
1762 3884 1793 3917 a
1832 3873 2033 3918 consule
2071 3872 2133 3919 de
2172 3870 2337 3919 Gallis
2376 3878 2523 3920 actus
2558 3872 2779 3935 nuspiam

681 3928 814 3977 Serv.
833 3928 883 3977 in
902 3930 1026 3977 Aen.
1043 3929 1112 3978 iii.
1131 3928 1237 3991 246.
1261 3936 1312 3979 et
1336 3932 1512 3980 Festus
1532 3933 1696 3995 dispu-
1762 3939 2073 3983 memoratur.
2142 3934 2257 3983 Hoc
2286 3942 2453 3983 autem
2488 3936 2667 3998 procul
2696 3938 2780 3985 du·

681 3998 859 4041 tarunt.
913 3996 1162 4044 secundas
1184 3994 1390 4057 intelligi
1412 4012 1527 4045 aves
1551 4014 1695 4059 prae-
1760 3998 1840 4045 bio
1884 4004 1976 4054 est,
2010 3998 2141 4059 quod
2166 3998 2303 4047 Galli
2342 4014 2443 4047 non
2476 4001 2697 4061 amplius
2730 4001 2781 4048 iu

673 4065 828 4119 petes,
849 4058 966 4106 satis
989 4064 1208 4107 constare
1232 4060 1436 4108 videtur.
1471 4061 1661 4109 Riscn.
1762 4061 1910 4109 Italia
1942 4062 2131 4109 bellum
2166 4064 2418 4124 gerebant,
2438 4068 2491 4112 et
2516 4064 2704 4113 idcireo
2724 4066 2779 4113 L.

747 4132 773 4183 7
803 4124 1125 4185 Peroeperae]
1180 4124 1375 4173 Animis
1401 4126 1696 4186 percipitur,
1760 4125 2003 4173 Camillus
2034 4125 2085 4174 in
2118 4140 2203 4174 ore
2234 4132 2565 4186 externorum,
2598 4128 2653 4176 in
2680 4128 2779 4190 qui-

677 4187 808 4245 quod
832 4186 1021 4234 animos
1045 4193 1285 4248 penetrat,
1307 4193 1438 4235 totos
1466 4194 1693 4249 occupat,
1757 4189 1849 4235 bus
1880 4188 2173 4238 Aristotele·
2206 4196 2508 4250 numeratur,
2544 4198 2777 4254 tanquam

677 4262 770 4295 nec
791 4248 876 4296 alii
898 4250 1096 4298 affectui
1118 4256 1204 4298 aut
1225 4250 1506 4313 cogitationi
1529 4252 1691 4299 locum
1759 4250 2019 4300 Gallorum
2054 4252 2207 4302 victor
2238 4259 2289 4302 et
2322 4256 2517 4303 Romae
2550 4256 2781 4305 liberator

677 4310 922 4370 relinquit.
961 4314 1192 4363 Gnosov.
1481 4316 1489 4324 ”
1758 4316 2030 4365 celebratus
2052 4322 2141 4367 est.
2178 4318 2313 4369 Plut.
2334 4318 2387 4367 in
2408 4320 2553 4370 Cam.
2576 4334 2629 4381 p.
2659 4334 2761 4381 140.
