3000 4784
671 177 758 238 46
1445 165 1673 234 ΤῙΤῙ
1728 166 2004 236 L1v11

673 303 878 370 latiae·
899 304 966 368 in
1007 303 1322 391 praesidio
1361 303 1653 369 relictus:
1710 302 2090 388 deditosque
2140 300 2497 365 Collatinos
2542 299 2635 364 ita
2676 321 2779 364 ac-

379 447 402 470 ,
671 391 863 490 cipio,
923 413 1192 490 eamque
1251 389 1597 454 deditionis
1644 388 1993 488 ‘formulam
2056 409 2209 452 esse.
2270 472 2283 485 ⁸
2305 387 2452 486 R3ex
2511 387 2781 451 interro-

344 508 622 622 {g'd'ffizffit
671 475 1231 636 Qisstissffnffie
1271 497 1404 625 ἓξὲξ
1469 475 2373 660 Ιοξῗιῖᾏέξιῗωέἲῖἰήῖἑῖ
2414 471 2781 622 ἕεᾱὲΐέιξΐῖ

675 657 695 687 ‘
720 647 970 712 Sumus.
1042 646 1242 712 Estne
1270 669 1444 734 popu
1469 670 1545 711 us
1578 646 1938 712 Collatinus
1966 646 2036 708 in
2064 668 2179 710 sua
2204 655 2517 731 potestate
2534 644 2565 708 Ρ
2640 643 2777 708 Est.

674 741 694 772 ‘
718 733 1056 798 Deditisne
1114 756 1243 808 vos,
1301 732 1739 820 populumque
1804 731 2219 806 Collatinum,
2278 729 2523 806 urbem,
2576 752 2778 816 agros,

675 827 696 857 ‘
715 842 966 906 aquam,
1018 819 1338 896 terminos,
1391 817 1675 895 delubra,
1721 817 2037 893 utensilia,
2082 817 2318 892 divina,
2370 815 2779 902 humanaque

675 913 697 944 ‘
717 905 950 982 omnia,
981 905 1051 969 in
1079 927 1286 969 meam
1316 904 1666 991 populique
1700 903 1977 968 Romani
2004 900 2353 968 ditionem?
2436 901 2776 966 Dedimus.

677 999 696 1030 ς
1105 991 1118 1005 .
1173 991 1186 1004 .
1258 991 1274 1019 ,

720 990 964 1141 Αζὲεἳῗέ
993 1013 1251 1141 Γὸεειῗιῐέεἳ
1273 1075 1576 1163 perfectO,
1623 1074 1725 1139 Ta
1801 1075 2015 1138 uinius
2058 1075 2251 1139 trium
2297 1072 2455 1172 lians
2501 1071 2779 1139 Romam

351 1171 550 1221 Bellum
586 1236 597 1247 ι
673 1162 881 1226 rediit.
973 1161 1136 1226 Inde
1171 1162 1393 1249 priscis
1422 1161 1673 1225 Latinis
1702 1097 1940 1226 brellum
1968 1161 2158 1224 fecit:
2208 1183 2253 1224 u
2296 1181 2319 1222 1
2347 1181 2665 1245 nusquam
2696 1159 2779 1222 ad

347 1250 459 1346 ἕξω
487 1237 619 1285 ΒΨ·
673 1249 1002 1313 universae
1049 1246 1144 1312 rei
1187 1247 1666 1312 dimicationem
1706 1259 1967 1311 ventum
2008 1259 2122 1311 est.
2216 1244 2327 1309 Ad
2370 1245 2622 1331 singula
2663 1268 2783 1332 op-

423 1334 438 1348 ‘
719 1335 826 1399 ida
869 1333 1374 1399 circumferendo
1419 1355 1613 1409 arma,
1654 1355 1845 1396 omne
1892 1354 2128 1397 nomen
2160 1330 2465 1395 Latinum
2504 1331 2775 1396 domuit.

669 1357 1116 1497 Flornieulum,
1149 1419 1408 1484 Ficulea
1433 1431 1633 1494 vetus,
1664 1417 1979 1496 Cameria,
2016 1416 2547 1493 Crustumerium,
2575 1416 2779 1482 Ame-

671 1507 850 1584 riola,
897 1504 1234 1582 Medullia,
1281 1504 1701 1581 Nomentum,
1745 1504 1905 1570 haee
1948 1503 2031 1568 de
2080 1503 2303 1590 priscis
2348 1502 2617 1579 Latinis,
2666 1515 2783 1568 aut

718 1593 788 1656 ui
824 1591 910 1656 ad
937 1591 1205 1656 Latinos
1243 1589 1626 1667 defecerant,
1656 1601 1845 1677 capta
1881 1589 2134 1677 oppida.
2224 1588 2363 1654 Pax
2403 1588 2640 1654 deinde
2680 1601 2781 1655 est

346 1775 492 1824 Pacis
565 1749 581 1757 ’
761 1763 1012 1830 Maiore
1056 1765 1208 1829 inde
1253 1763 1466 1829 animo
1508 1761 1683 1852 pacis
1726 1786 1921 1852 opera
1961 1763 2275 1840 inchoata,
2307 1775 2499 1850 quam
2533 1775 2781 1848 quanta

341 1855 506 1901 ⁰P⁰¹'³·
673 1850 840 1915 mole
887 1863 1166 2000 geqlsegat
1206 1850 1529 2001 bfieillsseznut
1544 1871 1703 2000 1ξῖιοῐι
1738 1849 2016 2000 quietior
2052 1849 2326 2000 Ῑίἓρμὲιιε
2365 1848 2543 1950 domi
2589 1863 2779 1926 esset,

719 1959 867 2002 uam
907 1959 974 2000 m
1021 1959 1043 1999 1
1097 1959 1172 2001 ae
1614 1959 1717 2000 am
1758 1959 1793 2000 e
1866 1959 2049 2000 muro
2185 1959 2206 1999 1
2252 1959 2349 2013 eo,
2380 1957 2562 2000 cums
2590 1957 2781 2000 exor-

671 1959 852 2087 dium
893 2023 1102 2108 operis
1135 2022 1374 2087 Sabino
1413 2021 1581 2089 bello
1622 2023 1946 2089 turbatum
1986 1959 2425 2098 eratpurbem,
2456 2043 2587 2109 qua
2614 2043 2782 2086 non-

670 2106 830 2172 dum
876 2108 1210 2185 munierat,
1259 2109 1515 2208 cingere
1563 2121 1777 2196 parat:
1832 2120 1902 2172 et
1944 2107 2165 2172 infima
2206 2109 2383 2172 urbis
2425 2107 2564 2172 loca
2608 2108 2781 2172 circa

671 2191 880 2259 forum
908 2194 1188 2281 aliasque
1217 2195 1583 2259 interiectas
1611 2193 1877 2259 collibus
1904 2193 2239 2270 convalles,
2270 2194 2425 2280 quia
2456 2216 2541 2258 ex
2567 2191 2781 2292 planis

671 2279 828 2344 locis
883 2279 1058 2345 haud
1113 2279 1297 2344 facile
1355 2279 1713 2345 evehebant
1762 2301 1977 2366 aquas,
2034 2277 2263 2344 cloacis
2312 2301 2349 2344 e
2398 2279 2651 2366 fastigio
2708 2280 2779 2342 in
2798 2307 2817 2340 ι

673 2364 964 2430 Tiberim
1013 2365 1223 2431 ductis
1271 2366 1504 2430 siccat:
1566 2379 1635 2430 et
1674 2386 1887 2430 aream
1930 2365 2015 2430 ad
2060 2363 2287 2430 aedem
2330 2366 2399 2430 in
2450 2363 2779 2451 Capitolio

673 2450 862 2528 Iovis,
893 2473 1086 2538 quam
1115 2465 1374 2517 voverat
1408 2449 1579 2516 bello
1624 2450 1881 2528 Sabin0,
1922 2451 2051 2515 iam
2084 2451 2521 2538 praesagiente
2560 2449 2780 2516 animo

668 2537 948 2602 futuram
977 2537 1130 2602 olim
1159 2537 1649 2625 amplitudinem
1678 2537 1825 2614 loci,
1856 2551 2127 2624 occupat
2152 2535 2603 2602 fundamentis.

443 2632 546 2692 39.
761 2623 861 2688 Eo
895 2637 1179 2711 tempore
1215 2625 1286 2688 in
1318 2624 1495 2710 regia
1526 2645 1605 2710 pr
1692 2623 1707 2638 ‘
1758 2623 1891 2686 ’um
1927 2624 2069 2687 visu
2095 2635 2457 2710 eventuque
2486 2622 2781 2688 mirabile

343 2714 540 2789 Servius
671 2709 811 2774 fuit.
903 2709 1116 2775 Puero
1159 2709 1523 2785 dormienti,
1568 2709 1673 2774 cui
1806 2731 1855 2772 r.
1888 2707 2107 2773 Tullio
2144 2730 2384 2774 nomen
2410 2709 2551 2786 fuit,
2582 2723 2781 2808 caput

345 2777 554 2828 Tuum.
671 2796 894 2859 arsisse
952 2793 1168 2859 ferunt
1223 2792 1569 2858 multorum
1630 2794 1701 2857 in
1760 2815 1913 2858 cons
1995 2807 2121 2859 ctu.
2235 2793 2524 2859 Plurimo
2578 2795 2779 2881 igitur

671 2880 947 2945 clamore
987 2879 1139 2944 inde
1179 2879 1264 2943 ad
1302 2891 1517 2944 tantae
1556 2879 1651 2944 rei
1685 2817 2060 2945 miraculaeum
2094 2892 2235 2946 orto
2274 2881 2516 2945 excitos
2552 2903 2587 2944 r
2754 2905 2773 2944 z

673 2978 742 3031 et
791 2986 992 3051 quum
1050 2963 1312 3051 quidam
1363 2965 1769 3030 familiarium
1818 2987 2051 3052 aquam
2106 2965 2192 3030 ad
2246 2903 2778 3053 restingoeffi

671 3051 884 3128 ferret,
953 3051 1034 3116 ab
1111 3050 1334 3136 regina
1399 3063 1760 3117 retentum:
1836 3051 2185 3139 sedatoque
2258 3075 2401 3117 eam
2473 3053 2775 3130 tumultu,

673 3137 914 3202 moveri
963 3137 1236 3201 vetuisse
1281 3158 1588 3224 puerum3
1650 3139 1857 3203 donec
1912 3159 2028 3202 sua
2084 3152 2309 3224 sponte
2368 3151 2777 3224 experrectus

671 3235 854 3289 esset.
919 3221 1084 3288 Mox
1112 3239 1259 3288 eum
1287 3246 1511 3290 somno
1540 3238 1606 3290 et
1634 3224 1952 3288 flammam
1982 3223 2225 3288 abiisse.
2296 3223 2467 3290 Tum
2496 3223 2777 3289 abducto

673 3310 743 3372 in
786 3321 1100 3374 secretum
1133 3309 1270 3374 viro
1310 3309 1373 3375 T
1540 3310 1652 3388 uil,
1693 3319 1714 3348 ‘
1738 3309 1969 3375 Viden’
2009 3322 2082 3373 tu
2123 3333 2395 3396 puerum
2422 3309 2636 3388 hunc,’
2672 3310 2778 3374 in-

673 3395 834 3480 quit,
889 3403 1120 3482 ‘quem
1168 3407 1297 3460 tam
1347 3393 1577 3460 humii
1634 3394 1813 3460 cultu
1870 3395 2259 3460 educamus?
2368 3395 2541 3461 Scire
2600 3394 2774 3473 licet,

677 3489 696 3520 ‘
715 3481 889 3545 hunc
916 3481 1136 3546 lumen
1166 3482 1490 3568 quondam
1520 3482 1707 3546 rebus
1736 3481 1966 3546 nostris
2004 3481 2214 3546 dubiis
2248 3481 2553 3559 futurum,
2589 3504 2775 3568 prae-

675 3575 694 3605 ‘
715 3566 1077 3654 sidiumque
1139 3568 1354 3654 regiae
1409 3567 1712 3632 afflictae:
1778 3567 2046 3654 proinde
2106 3567 2435 3632 materiem
2493 3568 2775 3654 ingentis

675 3661 696 3691 ‘
715 3653 966 3741 publice
1045 3653 1468 3741 privatimque
1546 3653 1793 3718 decoris
1860 3655 2033 3717 omni
2102 3652 2501 3740 indulgentia
2559 3666 2777 3718 nostra

671 3837 822 3886 nullis
841 3853 932 3886 nee
949 3838 1065 3888 iuris
1085 3849 1178 3887 nec
1198 3835 1436 3900 temporis
1457 3835 1695 3885 limitibus
1757 3836 1865 3896 biis,
1887 3838 2189 3899 praefectum
2210 3838 2357 3887 fuisse
2376 3838 2641 3888 existimat.

671 3901 944 3950 definitum.
996 3903 1160 3962 Atque
1181 3901 1296 3950 inde
1310 3900 1406 3962 ipsi
1423 3906 1473 3948 et
1489 3901 1695 3962 posteris
1828 3915 1848 3948 1
1886 3903 2097 3961 C'loam's]
2148 3903 2344 3958 Quibus
2374 3919 2533 3964 aquae
2570 3919 2632 3951 ex
2670 3903 2773 3952 Ve—

673 3963 914 4014 Collatini
962 3977 1244 4024 cognomen.
1300 3964 1452 4014 Dion.
1491 3963 1555 4012 iv.
1610 3961 1689 4025 64.
1754 3965 1907 4023 labro,
1935 3972 1986 4013 et
2018 3967 2248 4024 suburra,
2276 3981 2339 4014 ex
2370 3967 2521 4015 Valle
2550 3966 2698 4022 Circi,
2718 3975 2773 4017 et

671 4027 835 4076 Cur.
909 4025 1013 4074 Sub
1041 4025 1136 4074 hac
1157 4028 1431 4086 narratione
1453 4026 1687 4076 veriorem
1752 4043 1814 4076 ex
1834 4029 1961 4077 Foro
1978 4030 2207 4078 Romano
2223 4031 2465 4078 deductae
2478 4038 2608 4079 sunt.
2661 4031 2772 4080 Ho-

671 4090 902 4201 fftiglsse
917 4089 1120 4201 ἰίαὶῖιιιὶηῐιε
1131 4090 1689 4202 ἕὲωὲωῶεωῖιεῶιιωι
1751 4107 1859 4204 Eum
1882 4093 2081 4204 quglem
2102 4109 2306 4206 oppr'qqm
2332 4093 2639 4206 aliorumque
2660 4095 2771 4142 fun·

727 4169 2161 4218 ie...1..ac..amenposm
2354 4171 2774 4215 mmusmcus,

677 4229 781 4279 157.
815 4217 899 4279 qui
941 4217 1172 4278 Egeriam
1212 4217 1473 4276 Collatiae,
1506 4171 1689 4280 paritgr
1750 4219 1977 4268 ultimam
2000 4235 2203 4269 manum
2224 4173 2415 4270 adadildit
2434 4221 2685 4283 Superbus
2706 4223 2767 4270 cf.

669 4295 730 4328 ac
769 4287 938 4343 postea
976 4281 1182 4331 Sextum
1221 4281 1547 4344 Tarquinium
1584 4283 1686 4332 Ga·
1754 4284 1902 4333 Dion.
1926 4284 1993 4334 iii.
2016 4282 2096 4347 67.
2122 4285 2251 4336 Plin.
2272 4285 2341 4336 H.
2362 4285 2429 4334 N.
2448 4285 2615 4334 xxxvi.
2637 4299 2715 4346 ¹5-
