3000 4784
737 232 931 301 LIB.
976 234 1131 303 VII.
1198 236 1419 304 CAP.
1466 242 1572 304 41.
2071 244 2200 307 445

116 369 373 435 stulate
416 392 643 458 aequa,
690 384 760 437 et
802 372 1001 439 ferte:
1056 396 1425 461 quanquam
1468 375 1574 441 vel
1617 376 1858 463 iniquis
1901 378 2200 443 standum
2223 397 2292 449 U.
2314 397 2373 449 c.
2397 412 2512 461 413·

118 470 237 523 est
264 458 498 545 potius,
524 480 719 545 quam
746 458 975 547 impias
1002 460 1173 525 inter
1198 484 1317 527 nos
1344 483 1750 527 conseramus
1779 464 2045 529 manus!
2117 464 2198 530 T.
2221 464 2282 513 A.
2315 464 2374 513 0·
2397 476 2514 538 ‚339-

96 544 451 619 Quinctius
478 545 707 644 plenus
732 544 1151 625 lacrimarum,
1176 548 1259 612 ad
1286 571 1435 613 suos
1453 572 1689 627 versus,
1723 558 1744 589 ⁶
1763 548 1879 615 Me
1903 552 2202 638 quoque‚'
2219 527 2482 641 ἓξὲξ,

96 631 333 719 nquit,
377 638 397 669 ‘
412 630 663 709 milites,
692 632 748 696 si
776 633 923 719 quis
950 656 1101 697 usus
1129 634 1257 699 mei
1286 647 1401 713 est,
1431 635 1760 701 meliorem
1835 637 1983 715 acis,
2007 660 2202 724 quam
2218 656 2283 703 ad
2303 670 2478 717 paoem

116 717 315 795 belli,
356 717 599 782 habetis
643 718 892 783 ducem.
986 718 1141 785 Non
1185 721 1359 785 enim
1402 721 1515 787 illa
1555 723 1750 788 modo
1845 722 2052 789 olseus
2091 738 2203 790 aut
2217 719 2456 770 ΗΘΜ·

122 803 417 882 Samnis,
456 804 571 869 sed
614 804 964 883 RomanuS,
992 808 1189 871 verba
1222 807 1414 886 secit3
1460 821 1672 874 vester
1716 809 1956 887 consul,
1997 822 2206 877 vester

116 892 503 978 imperator,
534 891 805 957 milites:
854 892 1035 957 cuius
1063 894 1343 981 auspicia
1369 916 1487 982 pro
1516 896 1696 961 vobis
1725 896 1973 984 experti
2001 896 2202 963 nolite

118 976 445 1043 adversus
493 1000 605 1043 vos
655 978 819 1043 velle
870 979 1167 1067 experiri.
1280 980 1415 1056 Qui
1464 995 1826 1069 pugnarent
1874 983 2204 1049 vobiscum

118 1063 455 1141 infestius,
477 1076 545 1130 et
571 1064 727 1130 alios
755 1065 953 1131 duces
980 1080 1236 1131 senatus
1262 1066 1522 1133 habuit:
1563 1068 1677 1155 qui
1705 1069 1980 1133 maxime
2002 1070 2202 1147 vobis,

116 1150 271 1215 suis
302 1148 625 1229 militibus,
654 1166 959 1238 parceret,
982 1152 1086 1217 cui
1109 1152 1455 1240 plurimum
1476 1176 1588 1219 vos
1610 1155 1973 1241 imperatori
1993 1168 2202 1221 vestro

116 1236 503 1314 crederetis,
526 1260 677 1303 eum
706 1238 916 1325 elegit.
1001 1238 1257 1317 Pacem,
1280 1240 1473 1305 etiam
1496 1241 1610 1326 qui
1631 1240 1886 1305 vincere
1915 1255 2202 1327 possunt,

116 1323 402 1389 voluntz
448 1324 611 1411 quid
636 1347 755 1390 nos
780 1324 945 1390 velle
976 1326 1277 1413 oportet?
1354 1324 1555 1404 Quin,
1579 1326 1824 1391 omissis
1851 1327 1947 1391 ira
1973 1340 2040 1393 et
2066 1350 2200 1415 spe,

120 1408 467 1476 fallacibus
494 1410 875 1489 auctoribus
921 1434 1041 1477 nos
1078 1413 1247 1499 ipsos
1280 1424 1624 1562 nostraqlue
1659 1412 1877 1478 omnia
1907 1413 2200 1501 cognitae

118 1496 569 1585 permittimus
608 1496 762 1561 fidei
783 1498 841 1561 ?'
927 1497 1453 1586 Approbantibus
1498 1522 1534 1563 c
1559 1521 1772 1565 amore
1819 1500 2086 1577 eunctis,
2117 1500 2198 1566 Τ.
2320 1510 2429 1572 41.

96 1583 469 1660 Quinctius,
521 1596 668 1649 ante
718 1583 901 1671 signa
950 1606 1333 1672 progressus,
1386 1585 1456 1650 in
1513 1596 1824 1673 potestate
1875 1586 2204 1652 dictatoris
2218 1593 2433 1669 seditio,

96 1669 337 1735 nilites
364 1670 495 1734 fore
525 1669 726 1735 dixit:
759 1670 980 1748 oravit,
1010 1685 1087 1736 ut
1114 1694 1369 1737 causam
1398 1672 1772 1737 miserorum
1800 1672 2034 1738 civium
2063 1695 2202 1739 sus-
2217 1662 2505 1723 compunta.

96 1758 365 1844 :iperess
393 1768 877 1843 susceptamque
906 1757 1133 1824 eadem
1162 1758 1313 1837 fide,
1344 1782 1475 1846 qua
1507 1758 1962 1846 rempublicam
1998 1759 2203 1825 admi-

96 1846 369 1909 nistrare
424 1842 647 1909 solitus
702 1854 887 1921 esset,
938 1857 1240 1910 tueretur.
1335 1854 1355 1884 ‘
1388 1845 1526 1911 Sibi
1575 1868 1642 1910 se
1693 1846 1988 1933 privatim
2037 1846 2204 1913 nihil

118 1951 406 1997 caveret
458 1928 631 1993 nolle
680 1928 853 2007 alibi,
906 1952 1099 2017 quam
1148 1931 1219 1995 in
1268 1932 1656 2009 innocentia,
1709 1955 1888 2020 spem
1944 1933 2198 1999 habere.

122 2014 465 2081 Militibus
486 2016 860 2095 cavendum,
884 2017 1060 2103 quod
1081 2018 1254 2105 apud
1276 2018 1499 2083 Patres
1520 2017 1716 2083 semel
1743 2019 1938 2105 plebi,
1969 2019 2202 2084 iterum

120 2104 151 2169 l
254 2102 503 2168 'onibus
528 2114 787 2167 cautum
816 2103 917 2180 sit,
948 2125 1031 2168 ne
1058 2102 1270 2168 fraudi
1297 2105 1566 2170 secessio
1593 2105 1799 2169 esset’
1889 2103 2202 2178 Quinctio

96 2214 165 2257 eo
262 2188 480 2267 udat0,
506 2190 735 2254 ceteris
777 2189 1021 2255 bonum
1063 2190 1349 2255 animum
1394 2190 1628 2254 habere
1675 2189 1877 2266 iussi&
1908 2189 2200 2267 dictator,

96 2298 271 2365 equo
300 2275 493 2340 citato
520 2275 605 2340 ad
631 2276 858 2341 urbem
884 2288 1192 2354 revectus,
1216 2276 1580 2341 auctoribus
1601 2275 1917 2352 Patribus,
1942 2275 2090 2341 tulit
2117 2276 2208 2341 ad

96 2360 411 2449 ›opulum
449 2362 519 2427 in
559 2362 705 2427 luco
740 2362 1051 2440 Petelino,
1084 2386 1167 2428 ne
1210 2363 1319 2429 cui
1360 2361 1638 2428 militum
1681 2361 1890 2427 flandi
1931 2363 2208 2428 secessio

98 2461 283 2515 εεεεῒ.
376 2446 601 2514 Oravit
628 2449 821 2515 etiam
850 2450 1021 2515 bona
1046 2450 1235 2515 venia
1268 2448 1574 2527 Quin-irase,
1607 2470 1690 2512 ne
1719 2448 1862 2534 quis
1891 2470 2034 2513 eam
2063 2471 2200 2513 rem

98 2556 239 2603 oco
290 2534 532 2601 seriove
589 2536 889 2623 cuiquam
939 2537 1365 2623 exprobraret.
1456 2535 1600 2599 Lex
1651 2556 1909 2622 quoque
1959 2546 2206 2599 saerata

98 2621 389 2689 nilitaris
429 2620 559 2686 lata
600 2635 716 2700 est,
746 2644 831 2687 ne
875 2623 1055 2687 cuius
1095 2621 1312 2687 militis
1354 2621 1574 2708 scripti
1614 2642 1870 2697 nomen,
1901 2620 2024 2685 nisi
2063 2620 2202 2708 ipm

98 2708 375 2785 rolente,
406 2707 761 2773 deleretur:
810 2708 1227 2795 additumque
1267 2707 1414 2796 legi,
1450 2730 1535 2772 ne
1565 2706 1727 2795 quiS,
1760 2707 1869 2771 ubi
1911 2708 2204 2773 tribunus

98 2794 379 2861 nilitum
412 2794 653 2872 fixisset,
682 2808 904 2882 postea
944 2795 1242 2860 ordinum
1282 2794 1513 2860 ductor
1549 2805 1730 2859 esset.
1821 2793 1900 2858 Id
1944 2806 2204 2882 propter

98 2884 161 2949 Ρ.
227 2880 563 2946 Salonium
610 2881 999 2968 postulatum
1050 2894 1147 2947 est
1196 2882 1277 2947 ab
1326 2881 1712 2957 coniuratis3
1781 2881 1895 2968 qui
1945 2879 2206 2946 alternis

98 2990 301 3056 >rope
346 2966 530 3032 annis
570 2980 636 3033 et
674 2968 967 3033 tribunus
1009 2968 1303 3045 militum,
1334 2980 1401 3033 et
1438 2968 1682 3055 primus
1721 2968 2010 3033 centurio
2045 2979 2201 3046 erat,

98 3076 301 3145 luem
329 3076 503 3119 nunc
530 3054 837 3142 primipili
864 3054 1207 3143 appellant.
1270 3054 1447 3120 Huic
1476 3054 1708 3119 infensi
1737 3054 1970 3119 milites
1999 3066 2202 3131 erant,

98 3140 279 3245 guod
324 3162 575 3227 semper
616 3140 981 3206 adversatus
1020 3142 1201 3206 novis
1240 3140 1518 3205 consiliis
1556 3140 1795 3217 firisset,
1827 3154 1912 3218 et,
1942 3162 2025 3204 ne

101 3248 307 3317 reeps
334 3248 557 3293 eorum
586 3240 769 3307 esset,
800 3227 881 3293 ab
909 3226 1203 3293 Lautulis
1229 3226 1509 3314 fugisset.
1599 3224 1828 3311 Itaque
1853 3246 2056 3312 quum
2129 3246 2206 3288 oc

152 3474 192 3517 4
215 3455 395 3515 Ferte]
410 3454 529 3504 Hoc
539 3454 979 3518 esgpmponitemt
990 3468 1125 3517 supr.
1187 3450 1289 3501 riae
1312 3451 1674 3514 praeficeretur,
1693 3457 1752 3501 ut
1771 3452 1876 3514 qui,
1893 3448 2078 3501 maiore
2098 3468 2206 3501 mu-

100 3522 155 3572 ri.
188 3532 269 3582 15.
292 3526 469 3569 sortem
488 3520 867 3583 aliquamseroe.
1188 3531 1305 3566 nere
1344 3515 1546 3564 militari
1581 3516 1795 3576 functus,
1827 3516 1891 3565 de
1921 3516 2074 3579 gradu
2107 3531 2208 3564 non

156 3596 191 3647 5
230 3586 305 3632 In
322 3584 435 3633 luco
452 3584 703 3643 Petelino]
754 3582 911 3632 Extra
933 3586 1125 3645 portam
1188 3580 1514 3643 depellendus
1545 3584 1688 3629 esset.
1755 3579 1886 3629 Inde
1917 3579 2102 3639 evenit,
2129 3586 2208 3639 ut,

100 3650 495 3699 Homenmnm.
516 3662 651 3709 supr.
673 3647 737 3695 vi.
759 3661 837 3696 αα
1188 3644 1229 3693 si
1318 3645 1467 3707 pulus
1486 3644 1698 3693 eundem
1719 3642 1936 3693 militum
1955 3643 2210 3695 tribunum

153 3710 193 3761 6
228 3714 317 3761 Ne
336 3712 475 3775 quis]
513 3711 681 3760 Huius
708 3709 831 3774 legis
850 3710 949 3759 vim
972 3708 1127 3759 omni-
1189 3722 1247 3758 su
1370 3708 1417 3755 'o
1444 3723 1544 3757 non
1569 3706 1832 3769 refecisset,
1851 3708 2084 3759 immunis
2105 3724 2208 3757 om-

100 3792 157 3827 ιο
174 3774 387 3825 Livium
403 3774 633 3824 fefellisse
644 3774 907 3824 arbitratur
920 3774 1128 3824 Niebhr.
1190 3772 1310 3826 nino
1338 3771 1518 3822 militia
1544 3780 1688 3833 esset,
1707 3772 1800 3821 nisi
1821 3788 1976 3823 unum
2001 3774 2053 3821 in
2075 3784 2213 3823 octo-

100 3840 185 3904 [ui
216 3838 553 3890 narrationem
574 3838 705 3888 hanc
726 3838 949 3901 pluribus
970 3836 1129 3887 verbis
1192 3836 1350 3887 decim
1400 3836 1461 3885 iis
1511 3836 1633 3887 locis
1673 3852 1796 3901 quos
1841 3839 2066 3889 consules
2107 3838 2210 3887 cui-

100 3903 297 3955 =xcutit
318 3902 389 3955 iii.
412 3918 463 3966 p.
489 3904 693 3965 72—78.
752 3903 1019 3953 Hactenus
1046 3900 1129 3950 tri-
1194 3902 1267 3951 vis
1306 3902 1371 3953 ad
1419 3900 1674 3951 arbitrium
1721 3918 1865 3953 suum
1907 3904 2209 3961 deferebant,

100 3967 225 4019 >uni
270 3966 493 4017 militum
534 3967 601 4016 ad
643 3965 860 4029 legiones
900 3966 1129 4028 suffragio
1192 3966 1446 4026 tenuisset,
1474 3981 1626 4029 quum
1660 3966 1713 4014 in
1745 3972 1979 4029 quattuor
2009 3963 2210 4027 legioni-

100 4047 187 4082 sex
240 4031 645 4095 designabantur,
686 4036 872 4081 ceteros
912 4030 1132 4093 quidem,
1192 4032 1286 4080 bus
1327 4030 1495 4093 viginti
1536 4035 1765 4093 quattuor
1805 4027 1988 4078 tribuni
2031 4032 2210 4098 essent,

102 4096 184 4160 flui
214 4095 399 4145 Rufuli
420 4096 817 4159 appellabantur,
836 4096 1007 4144 consul
1029 4094 1132 4144 sive
1196 4089 1379 4144 Postea
1407 4094 1608 4156 quidem
1640 4093 1822 4141 tribuni
1854 4091 2068 4141 militum
2104 4102 2212 4137 sem

104 4164 379 4222 mperator
396 4160 627 4221 fidebat,
646 4174 779 4223 supr.
800 4159 879 4209 vii.
904 4172 950 4223 5.
1018 4159 1133 4207 Hac
1196 4158 1313 4208 deni
1348 4158 1399 4205 in
1435 4162 1668 4219 quattuor
1705 4155 1918 4218 legiones
1955 4170 1986 4204 a
2023 4152 2216 4215 populo

102 4238 220 4275 tero
243 4224 359 4286 lege
380 4230 582 4273 cautum
606 4230 680 4273 est
708 4238 773 4272 ne
793 4222 922 4286 quis,
942 4222 1029 4273 ubi
1050 4221 1133 4271 tri·
1197 4224 1497 4273 creabantur.
1532 4220 1640 4271 infr.
1663 4220 1732 4271 ix.
1755 4232 1832 4281 30.

103 4302 271 4339 sunus
304 4288 522 4339 militurn
550 4286 737 4349 fixisset,
762 4294 933 4351 postea
966 4292 1132 4338 centu-
