3000 4784
740 232 931 299 LIB.
981 232 1096 301 IV.
1166 232 1387 298 CAP.
1433 238 1540 299 44.
2069 234 2198 301 269

108 366 435 433 ‘obruatur
456 368 759 433 Romana
782 390 902 446 res,
934 368 1139 433 resisti
1354 415 1369 432 .
1468 366 1649 445 Quin
1676 366 1792 445 illi,
1809 368 2196 435 remittendo
2217 387 2284 439 U.
2305 387 2365 439 c.
2390 400 2500 451 334„

106 462 124 490 ‘
138 454 214 517 de
254 476 505 519 summa
539 456 813 543 quisque
848 455 1025 533 iuria,
1067 478 1170 521 me
1222 455 1260 469 '⁶
1336 454 1710 542 copularent
1747 455 2188 521 concordiam:
2213 452 2273 502 A.
2307 453 2366 503 0·
2391 454 2502 515 41⁸·

104 549 120 577 ‘
140 540 374 619 Patres,
421 542 737 629 patiendo
779 542 1069 607 tribunos
1110 541 1387 607 militum
1438 564 1556 628 pro
1607 542 1971 607 consulibus
2015 543 2190 608 fierit

104 634 121 663 ‘
140 628 368 691 tribuni
428 628 659 716 plebis,
719 651 849 694 non
912 628 1393 705 intercedendo,
1443 651 1574 716 quo
1625 629 1836 693 minus
1895 641 2198 716 quattuor
2213 647 2497 702 Quaestum

100 720 120 750 ‘
136 726 499 799 quaestores
528 715 887 802 promiscue
916 714 999 779 de
1021 714 1209 802 plebe
1240 738 1313 779 ac
1343 714 1641 781 Patribus
1669 715 1868 781 libero
1897 716 2196 803 suffragio
2214 712 2492 785 P¹⁰¹¹.¹¹⁸⁰¹¹⁸

100 808 119 836 ‘
132 822 211 884 po
254 800 343 863 uli
372 801 651 868 fierent?
2215 776 2458 890 Ῑιῖιξέζξξξι

236 887 559 953 ribunicia
596 889 877 976 primum
904 888 1164 954 comitia
1204 902 1355 953 sunt
1382 888 1614 955 habita.
1709 888 1928 954 Creati
1958 889 2198 955 tribuni
2317 908 2424 969 44,

98 972 399 1037 consulari
428 987 753 1062 potestate
782 997 1004 1039 omnes
1090 975 1311 1053 atricii,
1344 974 1421 1039 L.
1455 974 1800 1051 Quinctius
1843 975 2198 1041 Cincinna-
2216 989 2284 1039 U.
2308 990 2367 1039 C.
2391 1002 2503 1053 335·

98 1070 190 1122 tus
227 1060 517 1139 tertium,
554 1061 631 1127 L.
667 1061 897 1127 Furius
924 998 1325 1127 Medullinus
1356 1061 1606 1139 iterum,
1639 1061 1735 1127 M.
1771 1061 2074 1140 Manlius,
2108 1062 2192 1127 A.
2214 1055 2275 1103 A.
2309 1055 2503 1131 C·,4¹7‚·

102 1143 513 1231 Sempronius
555 1148 909 1213 Atratinus.
1004 1146 1151 1213 Ho‘e
1191 1149 1449 1213 tribuno
1493 1148 1754 1213 comitia
1837 1160 2195 1213 uaestorum
2215 1118 2525 1232 ξῖβξζξωο

100 1228 389 1309 habente,
420 1234 925 1321 petentibusque
969 1235 1137 1300 inter
1166 1234 1409 1321 aliquot
1445 1233 1728 1321 plebeios
1764 1234 1810 1297 fi
1835 1234 1897 1298 io
1929 1234 2198 1298 Antistii
2214 1246 2299 1296 Tr.
2318 1246 2431 1296 Mil.

100 1317 326 1382 tribuni
354 1320 571 1406 plebis
598 1333 665 1385 et
691 1320 881 1385 fiatre
912 1320 1169 1386 alterius
1196 1320 1435 1385 tribuni
1465 1320 1669 1407 plebis
1701 1319 1847 1385 Sex·
1873 1318 2197 1407 Pompilii,
2217 1312 2524 1423 Quzapqtoreq

100 1424 209 1467 nec
248 1418 559 1493 potestas,
599 1429 721 1473 nec
762 1407 1127 1495 suffragatio
1170 1407 1400 1472 horum
1441 1406 1660 1484 valuit,
1703 1406 1882 1493 quin,
1973 1428 2198 1471 uorum
2216 1390 2503 1489 ξζθῖῗζξῗ

228 1514 297 1555 es
324 1515 613 1581 avosque
635 1492 925 1559 consules
952 1494 1261 1571 viderant,
1292 1516 1401 1559 eos
1430 1493 1760 1558 nobilitate
1789 1516 1939 1581 prae
1966 1506 2196 1557 errent.

152 1599 328 1643 urere
368 1602 603 1645 omnes
642 1580 881 1645 tribuni
920 1580 1141 1667 plebis,
1173 1592 1321 1653 ante
1362 1602 1584 1645 omnes
1623 1580 1784 1644 Pom
1833 1579 1978 1645 ilius
2007 1579 2201 1643 Anti-

102 1662 399 1751 stiusque,
430 1689 507 1731 re
556 1666 693 1731 ulsa
728 1688 989 1731 suorum
1018 1668 1287 1745 accensi,
1332 1676 1351 1705 ‘
1378 1667 1710 1742 Quidnam
1747 1603 1832 1731 id>
1858 1668 1952 1731 rei
1986 1679 2152 1731 esset
2171 1666 2202 1730 ?

108 1754 125 1783 ‘
140 1771 265 1813 non
320 1753 455 1817 suis
590 1752 853 1830 neficiiS,
900 1776 1035 1819 non
1084 1752 1350 1819 Pati-um
1408 1753 1676 1831 iniuriiS,
1729 1776 1862 1818 non
1920 1753 2200 1840 denique

88 1840 125 1895 .‘
140 1839 489 1924 usurpandi
537 1838 825 1917 libidine,
866 1863 1067 1927 quum
1106 1839 1309 1918 liceat,
1348 1839 1527 1927 quod
1569 1852 1718 1904 ante
1757 1864 1890 1905 non
1925 1840 2196 1916 licuerit,

112 1928 130 1956 ‘
144 1922 193 1984 si
220 1945 350 1989 non
382 1927 716 1991 tribunum
746 1925 1105 2004 militarem,
1137 1949 1221 1992 ne
1250 1942 1652 2013 quaestorem
1681 1926 1946 2014 quidem
1973 1948 2202 2013 quem-

111 2014 129 2043 ‘
144 2030 331 2160 {qam
378 2035 467 2078 ex
514 2013 703 2099 plebe
749 2012 1005 2078 factum.
1099 2012 1255 2079 Non
1311 2013 1580 2078 valuisse
1625 2014 1820 2113 patris
1877 2036 1994 2101 pro
2045 2012 2198 2090 filio,

115 2101 132 2130 ‘
238 2098 348 2161 tris
378 2122 501 2187 pro
544 2099 733 2165 fiatre
780 2121 1018 2184 preces,
1050 2100 1448 2164 tribunorum
1482 2090 1708 2186 plebis,
1823 2099 2065 2164 testatis
2103 2121 2202 2165 sa-

112 2186 132 2216 ‘
150 2199 533 2263 crosanctae,
564 2185 646 2250 ad
674 2184 984 2251 auxilium
1013 2186 1319 2251 libertatis
1346 2198 1612 2251 creatae.
1759 2185 2021 2249 taudem
2057 2208 2204 2272 pro-

118 2266 309 2335 ‘fecto
354 2271 427 2337 in
480 2294 549 2337 re
594 2294 749 2350 esse,
794 2284 861 2336 et
914 2274 996 2337 A.
1034 2271 1481 2360 Sempronium
1526 2272 1802 2337 comitiis
1850 2270 1996 2359 plus
2053 2272 2204 2336 artis

118 2360 135 2389 ‘
150 2354 529 2437 adhibuisse,
570 2380 763 2445 quam
806 2358 977 2423 fidei.
1071 2358 1229 2425 Eius
1272 2359 1507 2423 iniuria
1547 2358 1732 2446 queri
1771 2380 1916 2423 suos
1960 2358 2200 2422 honore

118 2446 135 2475 ‘
154 2440 471 2511 deiectos)
557 2444 783 2532 Itaque
814 2468 1017 2533 quum
1045 2446 1113 2509 in
1142 2446 1373 2531 ipsum,
1404 2457 1472 2509 et
1499 2444 1868 2509 innocentia
1895 2456 2106 2510 tutum
2135 2456 2204 2509 et

120 2528 497 2613 magistratu,
546 2532 616 2595 in
674 2554 805 2619 quo
862 2544 1019 2597 tunc
1066 2542 1221 2607 erat,
1274 2530 1552 2617 impetus
1598 2530 1736 2594 fieri
1787 2553 1919 2594 non
1969 2541 2200 2617 posset,

84 2612 339 2683 4flexere
368 2619 497 2683 iras
526 2618 596 2683 in
641 2617 719 2683 C.
750 2618 1217 2706 Sempronium,
1248 2616 1602 2703 patruelem
1643 2616 1962 2681 Atratini:
2012 2617 2201 2702 eique

122 2699 197 2763 ob
222 2701 639 2789 ignominiam
678 2704 895 2771 Volsci
924 2704 1094 2781 belli,
1127 2702 1413 2769 adiutore
1442 2701 1688 2791 collega
1729 2702 1825 2767 M.
1865 2701 2201 2779 Canuleio,

122 2783 281 2851 diem
310 2791 553 2857 dixere.
648 2790 935 2857 Subinde
964 2792 1045 2857 ab
1073 2790 1299 2855 iisdem
1318 2789 1590 2855 tribunis
1617 2790 1858 2855 mentio
1880 2790 1951 2854 in
1977 2801 2206 2854 senatu
2221 2806 2281 2855 c.
2306 2805 2532 2867 Sempro-

124 2870 199 2935 de
336 2878 387 2942 ‘s
429 2876 791 2943 dividendis
825 2877 999 2943 illata
1031 2888 1145 2955 est,
1177 2876 1314 2963 (cui
1350 2876 1589 2942 actioni
1623 2899 1872 2964 semper
1901 2876 2204 2943 acerrime
2221 2871 2532 2969 niusoecusa:

128 2956 197 3022 C·
316 2965 647 3052 mpronius
684 2963 1053 3051 restiterat,)
1080 2964 1250 3041 ratiS,
1280 2962 1350 3027 id
1379 2963 1556 3050 quod
1593 2977 1748 3041 erat,
1779 2976 1892 3029 aut
1919 2964 2208 3051 deposita
2223 2939 2384 3049 3¹32ssss
2398 2935 2512 2984 ἀπ’

126 3064 301 3112 causa
326 3050 629 3116 leviorem
658 3050 943 3116 flaturum
973 3073 1012 3114 a
1056 3050 1144 3115 ud
1173 3050 1395 3115 Patres
1422 3073 1624 3127 reum,
1655 3066 1767 3115 aut
1799 3073 2207 3138 perseveran-

126 3142 245 3197 tem
274 3136 393 3202 sub
424 3136 643 3202 iudicii
674 3148 926 3224 tempus
964 3160 1009 3224 p
1032 3138 1216 3201 ebem
1245 3136 1652 3202 offensurum.
1746 3137 2072 3202 Adversae
2107 3137 2208 3201 in-

125 3218 317 3287 vidiae
347 3223 539 3288 obiici
580 3222 825 3300 maluit,
855 3234 925 3287 et
956 3245 1107 3288 suae
1143 3244 1373 3287 nocere
1404 3244 1650 3300 causae,
1681 3244 1876 3310 quam
1913 3221 2206 3322 publicae

128 3301 330 3375 deesse
350 3334 368 3387 3
416 3310 721 3397 stetitque
744 3310 814 3373 in
836 3308 1060 3373 eadem
1082 3308 1418 3387 sententia,
1454 3318 1474 3346 ‘
1498 3305 1604 3372 Ne
1629 3331 1758 3395 qua
1783 3308 1806 3371 l
1945 3309 2054 3385 tio,
2075 3330 2210 3372 ces-

129 3396 148 3426 ‘
162 3412 299 3461 sura
353 3397 425 3460 in
484 3396 675 3461 trium
844 3395 999 3460 tiam
1064 3395 1483 3471 tribunorum,
1544 3393 1746 3459 fieret.
1939 3417 2013 3459 ec
2073 3407 2212 3460 tum

132 3482 151 3511 ‘
164 3499 376 3565 agrum
414 3482 607 3570 plebi,
636 3504 703 3547 se
780 3482 899 3546 sibi
938 3481 1262 3558 invidiam,
1292 3479 1534 3568 quaeri.
1630 3479 1711 3545 Se
1744 3503 2001 3569 quoque
2039 3481 2213 3546 subi-

132 3568 149 3597 ‘
170 3577 375 3633 turum
422 3591 565 3634 eam
612 3580 1053 3655 tempestatem
1094 3567 1241 3633 forti
1292 3566 1540 3633 animo:
1589 3589 1708 3633 nec
1753 3568 2002 3633 senatui
2051 3567 2214 3633 tanti
2331 3588 2336 3595 ·

136 3655 152 3683 ‘
167 3672 227 3717 se
256 3656 479 3733 civem,
503 3667 617 3721 aut
644 3676 1033 3742 quemquam
1056 3653 1253 3719 alium
1274 3653 1508 3719 debere
1531 3676 1686 3733 esse,
1707 3666 1782 3719 ut
1801 3653 1870 3719 in
1893 3654 2214 3742 parcendo

168 3874 216 3931 ‘1
248 3864 457 3923 Mediis]
493 3878 561 3913 sc.
576 3861 823 3923 Consiliis,
839 3861 1017 3924 quibus
1035 3877 1135 3911 me·
1200 3866 1374 3911 essent.

136 3920 255 3993 gham
282 3933 489 3989 utreque
522 3942 635 3989 pars
660 3927 733 3977 ita
752 3926 891 3989 qussi
913 3926 1043 3975 viam
1064 3927 1137 3975 in·
1268 3940 1297 3988 3
1324 3928 1612 3989 Ucurpandt'
1629 3928 1858 3987 libidine]
1885 3927 1962 3977 Ut
1982 3930 2216 3992 expleant

136 3994 233 4049 net,
252 3996 307 4039 ut
334 3992 491 4041 altera
521 3991 663 4049 alteri
696 3992 759 4039 de
790 3990 897 4041 iure
926 4006 1017 4039 suo
1046 3990 1135 4039 ali·
1200 3992 1422 4039 naturale
1453 3991 1746 4041 desiderium
1778 3992 1972 4041 fluendi
2001 4008 2062 4041 eo
2093 3995 2216 4051 iure,

139 4051 247 4109 quid
272 4056 573 4105 concederet.
641 4055 723 4105 Sic
744 4055 925 4117 passim
947 4069 1029 4129 ap.
1050 4070 1137 4103 no·
1202 4055 1335 4117 quod
1355 4070 1538 4103 novum
1561 4070 1844 4105 concessum
1865 4055 1942 4104 sit.
1976 4058 2138 4105 Cur.

140 4120 278 4167 utrum
298 4122 455 4169 media
476 4120 691 4169 consilia.
723 4119 785 4169 cf.
806 4118 916 4167 inst.
942 4118 1135 4181 nii.13.
1266 4136 1297 4179 4
1320 4120 1374 4168 0.
1386 4120 1751 4183 Sempronium]
1780 4120 1894 4179 Cui,
1911 4120 2130 4168 eiusdem
2146 4118 2216 4167 rei

208 4196 235 4230 ἰ
274 4186 515 4243 Quattuor
560 4185 860 4247 quaestores]
942 4182 1139 4238 Quibus
1203 4196 1367 4242 causa,
1390 4182 1686 4233 Hortensius
1705 4184 1838 4233 diem
1871 4183 2064 4231 dixerat
2087 4196 2219 4243 supr.

144 4252 241 4302 post
259 4252 487 4297 exactum
508 4246 817 4310 magistratus
836 4260 1023 4295 armum
1038 4245 1140 4295 ndi-
1206 4262 1287 4307 42,
1309 4251 1359 4295 et
1380 4247 1602 4295 nondum
1621 4246 1804 4295 iudicio
1825 4247 1976 4303 ficto,
1997 4244 2224 4306 precibus

144 4310 215 4356 tus
243 4311 289 4359 in
322 4317 547 4361 senatum
570 4316 779 4375 pateret,
798 4309 893 4359 nisi
912 4310 1015 4373 qui,
1034 4314 1141 4359 ten-
1208 4311 1504 4373 collegarum
1527 4310 1728 4373 culpem
1747 4308 2012 4359 remiserat.

145 4384 277 4429 quam
318 4374 525 4438 indigni,
568 4380 687 4423 nota
729 4372 949 4439 censoria
993 4374 1143 4422 inusti
