3000 4784
705 256 833 315 340
1480 248 1707 317 ΤΙΤῙ
1761 248 2030 317 LIVII

384 394 450 445 U.
473 397 531 446 c.
558 396 666 458 365·
706 410 961 486 cunque
1005 388 1295 474 pactione
1340 400 1617 474 possent,
1664 387 1877 463 iussit3
1953 386 2332 451 iactantibus
2375 408 2510 450 non
2541 387 2801 451 obscum

379 462 440 507 A.
474 461 533 509 c·
560 461 667 521 ³8⁷·
712 472 934 550 Galhs,
966 472 1139 537 haud
1156 495 1389 558 magna
1411 472 1704 537 mercede
1733 496 1800 536 se
1831 472 2063 537 adduci
2080 494 2283 559 posse,
2305 486 2378 536 ut
2403 472 2800 537 obsidionem

381 571 641 620 Paciacun-
708 558 1088 659 relinquant.
1192 558 1361 623 Tum
1422 572 1680 623 senatus
1737 558 2008 634 habitus-1,
2070 558 2306 622 tribuni
2386 580 2467 621 ue
2529 558 2800 622 militum

379 641 461 683 ²¹¹¹
476 636 689 749 Rgmffpi
706 659 1033 731 negotium
1054 645 1295 721 datum,
1314 659 1388 708 ut
1408 645 1892 731 paciscerentur.
1969 643 2129 708 Inde
2155 644 2322 707 inter
2447 642 2800 792 Sulpicium

380 714 494 748 eum
560 716 593 748 ⁸
632 716 687 749 Β·
706 732 1033 797 tribunum
1050 731 1323 795 militum
1353 743 1418 795 et
1438 730 1768 794 Brennum
1797 729 2086 817 regulum
2121 728 2454 794 Gallorum
2485 752 2570 793 eo
2617 730 2802 816 oquio

707 830 1019 881 transacta
1045 840 1144 881 res
1172 830 1285 894 est,
1317 829 1383 881 et
1412 815 1584 881 mille
1613 816 1829 903 pondo
1859 817 1995 880 auri
2021 816 2298 904 pretium
2339 815 2574 903 populi
2599 818 2836 902 genti-5

706 902 825 965 bus
883 926 1032 967 mox
1092 903 1459 989 imperaturi
1515 903 1770 967 factum.
1872 901 2022 977 Rei,
2081 900 2484 966 foedissimae
2545 924 2667 988 per
2719 926 2800 975 se,

706 988 954 1053 adiecta
982 989 1325 1075 indignitas
1353 1002 1464 1053 est.
1558 987 1856 1053 Pondera
1876 988 1957 1052 ab
1991 987 2194 1051 Gallis
2221 986 2414 1051 allata
2441 987 2694 1073 iniqua,
2723 1004 2799 1062 et,

708 1074 961 1139 tribuno
1024 1087 1373 1152 recusante,
1432 1074 1684 1138 additus
1749 1075 1828 1138 ab
1895 1073 2208 1138 insolente
2271 1072 2465 1137 Gallo
2539 1072 2800 1159 ponderi

707 1159 986 1246 gladius:
1035 1160 1376 1247 auditaque
1420 1160 1818 1225 intoleranda
1865 1159 2173 1224 Romanis
2215 1181 2360 1235 vox,
2403 1168 2424 1197 ‘
2441 1158 2588 1222 Vae
2629 1160 2836 1225 victiss

710 1254 731 1283 ‘
751 1248 926 1311 esse?
2345 1276 2354 1281 ·

484 1344 590 1405 49.
799 1332 927 1397 Sed
983 1334 1201 1420 diique
1260 1344 1327 1397 et
1382 1332 1674 1397 homines
1729 1332 2108 1419 prohibuere
2165 1331 2539 1419 redemptos
2598 1333 2836 1408 vis-ereo

382 1418 650 1475 Dictatoris
710 1418 1066 1484 Romanos:
1114 1442 1263 1482 narn
1306 1419 1465 1483 forte
1513 1418 1807 1505 quadam,
1841 1419 2208 1505 priusquam
2250 1417 2524 1482 infanda
2569 1440 2798 1482 merces

379 1489 633 1591 adventus.
750 1506 1129 1583 efficeretur,
1150 1527 1267 1591 per
1294 1504 1766 1568 altercationem
1795 1504 2083 1567 nondum
2113 1504 2288 1567 omni
2317 1526 2478 1568 auro
2501 1527 2590 1591 ap
2675 1528 2799 1573 nse.

704 1527 974 1656 gietator
1017 1591 1393 1667 intervenit3
1442 1591 1798 1689 auferrique
1839 1612 2062 1653 aurum
2091 1588 2173 1653 de
2214 1589 2450 1667 medio,
2481 1603 2558 1655 et
2591 1528 2804 1655 &allos

705 1678 1085 1742 summoveri
1138 1677 1331 1741 iubet.
1429 1676 1650 1751 Quum
1705 1676 1796 1739 illi
1837 1676 2185 1740 renitentes
2233 1688 2456 1762 pactos
2515 1676 2800 1741 dicerent

704 1784 860 1839 sese,
893 1776 1083 1849 negat
1112 1785 1251 1827 eam
1281 1764 1642 1849 pactionem
1665 1775 1864 1826 ratam
1895 1784 2049 1838 esse,
2080 1784 2263 1847 quae,
2293 1774 2648 1849 postquam
2675 1764 2800 1849 ipse

706 1848 978 1912 dictator
1005 1861 1251 1912 creatus
1286 1862 1467 1925 esset,
1499 1849 1742 1912 iniussu
1783 1870 1897 1912 suo
1937 1846 2016 1911 ab
2059 1847 2370 1911 inferioris
2411 1848 2576 1911 iuris
2611 1850 2800 1936 magi-

704 1946 905 1999 stratu
932 1934 1099 1998 facta
1140 1946 1337 1998 esset:
1386 1933 1849 2020 denuntiatque
1885 1932 2106 2010 Gallis,
2137 1945 2212 1997 ut
2253 1955 2321 1997 se
2366 1933 2454 1998 ad
2485 1934 2796 2020 proelium

705 2019 1066 2107 expediant.
1162 2018 1324 2083 Suos
1362 2020 1430 2084 in
1476 2042 1770 2084 acervum
1817 2020 2129 2084 coniicere
2171 2019 2468 2096 sarcinas,
2515 2034 2590 2084 et
2637 2044 2800 2085 arma

706 2120 941 2193 aptare,
986 2107 1151 2171 ferro
1198 2129 1298 2183 ue,
1342 2129 1477 2171 non
1523 2128 1695 2182 auro,
1747 2127 2118 2191 recuperare
2162 2104 2433 2192 patriam
2488 2105 2696 2183 iubet,
2737 2109 2799 2169 in

706 2205 1049 2280 conspeetu
1096 2192 1183 2256 ha
1226 2206 1405 2257 entes
1446 2192 1596 2255 fana
1637 2192 1849 2269 deum,
1887 2204 1953 2255 et
1998 2190 2298 2277 coniuges
2341 2204 2410 2254 et
2452 2190 2712 2269 liberos,
2741 2207 2798 2255 et

704 2279 909 2342 solum
948 2278 1187 2366 patriae
1228 2278 1508 2342 deforme
1544 2277 1693 2341 belli
1731 2278 1928 2353 mali8‚
1961 2290 2027 2340 et
2067 2276 2298 2353 omnia,
2330 2299 2500 2363 quae
2543 2278 2796 2343 defendi

707 2364 1036 2452 repetique
1068 2378 1133 2429 et
1179 2364 1393 2427 ulcisci
1428 2363 1521 2427 fas
1549 2364 1646 2427 sit.
1739 2362 2005 2427 Instruit
2033 2361 2266 2427 deinde
2307 2362 2535 2440 aciem,
2571 2380 2646 2428 ut
2683 2364 2796 2429 loci

704 2464 931 2515 natura
1000 2451 1373 2550 patiebatur,
1434 2450 1504 2512 in
1577 2449 1911 2513 semirutae
1983 2448 2116 2512 solo
2188 2448 2360 2512 urbis
2433 2462 2504 2512 et
2581 2464 2798 2515 namra

704 2536 1058 2625 inaequali3
1120 2548 1185 2600 et
1236 2537 1469 2612 omnia,
1523 2558 1686 2621 quae
1747 2548 1878 2599 arte
1926 2532 2076 2598 belli
2123 2534 2403 2598 secunda
2461 2536 2600 2599 suis
2657 2536 2796 2623 eligi

378 2640 548 2691 vineit
701 2624 1133 2711 praepararive
1156 2634 1465 2715 poterant,
1485 2620 1777 2708 providit.
1872 2620 2063 2697 Galli,
2082 2642 2244 2684 nova
2261 2642 2330 2684 re
2350 2621 2614 2721 trepidi,
2637 2644 2800 2687 arma

378 2704 567 2755 Ganos.
702 2710 980 2796 capiunt,
1007 2709 1225 2794 iraque
1244 2708 1460 2794 magiS,
1482 2729 1676 2793 quam
1699 2706 1981 2783 consilio,
2007 2707 2074 2769 in
2095 2705 2421 2770 Romanos
2443 2724 2794 2773 incurrunt.

704 2792 839 2858 Iam
870 2806 1139 2859 verterat
1165 2794 1437 2870 fortuna,
1467 2793 1592 2856 iam
1623 2791 1884 2858 deorum
1917 2814 2070 2879 opes
2097 2792 2508 2879 humanaque
2537 2794 2798 2860 consilis

701 2902 835 2943 rem
878 2879 1232 2943 Romanam
1280 2879 1678 2943 adiuvabant.
1771 2878 1975 2964 Igitur
2017 2878 2222 2965 primo
2263 2900 2588 2946 concursu
2635 2878 2799 2945 haud

702 2965 938 3028 maiore
968 2979 1293 3029 momento
1321 2965 1444 3028 fusi
1478 2962 1652 3029 Galli
1681 2978 1848 3042 sunt,
1869 2987 2074 3051 quam
2105 2963 2188 3028 ad
2217 2964 2462 3029 Alliam
2492 2968 2794 3032 vicerant.

703 3048 970 3114 Iustiore
1011 3049 1208 3114 altero
1226 3050 1468 3117 deinde
1506 3050 1747 3137 proelio
1776 3051 1857 3115 ad
1901 3063 2194 3115 octavum
2228 3049 2512 3137 lapidem
2547 3053 2796 3119 Gabina

701 3136 821 3214 via,
853 3159 982 3237 quo
1010 3158 1077 3201 se
1108 3158 1187 3201 ex
1216 3136 1369 3222 fuga
1395 3137 1812 3214 contulerant,
1844 3136 2128 3201 eiusdem
2155 3136 2357 3201 ductu
2385 3139 2828 3227 auspicioque¹

706 3221 963 3288 Camilli
1020 3222 1377 3287 vincuntur.
1492 3223 1594 3288 Ibi
1651 3223 1877 3287 caedes
1935 3222 2149 3287 omnia
2205 3223 2522 3288 obtinuit:
2605 3239 2800 3291 eastra

701 3310 1055 3396 capiuntur,
1088 3322 1152 3375 et
1187 3332 1269 3374 ne
1300 3310 1562 3373 nuntius
1591 3309 1851 3397 quidem
1892 3308 2088 3373 cladis
2115 3307 2388 3373 relictus.
2485 3310 2796 3388 Dictator,

699 3410 1067 3483 recuperata
1104 3418 1185 3461 ex
1215 3395 1499 3461 hostibus
1541 3396 1761 3483 patria,
1793 3395 1984 3458 trium
2031 3394 2188 3458 hans
2231 3394 2300 3457 in
2328 3395 2564 3460 urbem
2593 3398 2794 3463 redit:

697 3481 991 3570 interque
1028 3484 1199 3548 iocos
1227 3481 1545 3557 militareS,
1578 3504 1738 3567 quos
1782 3481 1970 3546 incon
2021 3480 2138 3545 ‘tos
2182 3480 2440 3558 iaciunt,
2481 3481 2800 3549 Romulus

766 3679 790 3728 7
814 3670 961 3717 Mille
976 3670 1162 3731 pondo]
1194 3668 1382 3731 Viginti
1404 3666 1620 3731 quinque
1641 3673 1710 3715 ta-
1773 3666 1824 3716 ii.
1855 3668 1926 3715 18.
1946 3666 2100 3715 tradit
2123 3666 2299 3715 Gallos
2321 3667 2528 3717 foedere
2561 3685 2682 3719 eum
2707 3671 2798 3718 Ro-

700 3730 834 3777 lenta
865 3732 1077 3791 pretium
1108 3732 1254 3780 fixisse
1286 3747 1366 3794 ap.
1403 3731 1553 3780 Dion.
1575 3730 1710 3787 „Exm
1775 3731 1931 3779 manis
1961 3732 2092 3779 sacto
2125 3730 2490 3779 conditionibus
2511 3734 2700 3794 quibus
2725 3749 2798 3781 vo—

701 3792 817 3841 Vat.
842 3793 925 3842 xii.
952 3808 977 3841 α
985 3808 1031 3855 3,
1058 3795 1278 3856 legimus,
1300 3810 1443 3857 quae,
1476 3795 1517 3843 si
1548 3794 1715 3844 Attica
1777 3796 1988 3853 Inerant,
2021 3794 2308 3855 redditaque
2343 3794 2405 3842 iis
2440 3797 2586 3856 urbe,
2619 3798 2688 3846 ad
2721 3812 2798 3860 pa-

698 3856 813 3915 sint,
838 3856 975 3904 mille
998 3864 1048 3905 et
1070 3858 1357 3919 quingentas
1377 3860 1528 3907 libras
1548 3860 1712 3921 pondo
1777 3858 1894 3907 trias
1915 3860 2054 3907 sedes
2073 3857 2284 3906 rediisse.
2319 3858 2486 3908 Cazv,

698 3918 931 3970 efficiunt.
1011 3922 1139 3971 Cum
1184 3920 1325 3968 Livio
1366 3923 1555 3971 faciunt
1595 3923 1708 3971 Val.
1845 3936 1865 3969 1
1901 3924 2073 3970 Duotu
2103 3924 2417 3986 cupidoque
2449 3924 2686 3985 w]
2723 3924 2798 3973 De

698 3984 838 4034 Max.
863 4000 907 4033 v-
931 3983 977 4033 6.
1002 3986 1048 4034 8.
1105 3984 1239 4032 mut.
1271 3984 1323 4031 in
1356 3986 1498 4036 Cam.
1521 4002 1710 4035 necnon
1776 3985 1976 4035 Camilli
2006 3984 2249 4033 dictatura
2281 3991 2330 4033 et
2361 3986 2570 4034 victoria
2591 3988 2664 4036 de
2683 3988 2797 4037 Gal-

700 4048 876 4097 Zonar.
899 4048 979 4098 vii.
1006 4064 1031 4097 2
1037 4063 1081 4112 3.
1444 4104 1447 4107 ,
1773 4048 1834 4097 lis
1855 4054 2102 4111 reportata
2120 4049 2322 4097 omnino
2341 4048 2454 4098 silet
2471 4048 2798 4100 Diaconxiv.

762 4114 793 4161 8
836 4114 934 4162 Vae
952 4114 1117 4173 victis]
1156 4112 1331 4160 Festus
1352 4128 1396 4161 v.
1424 4114 1524 4162 Vae
1547 4115 1708 4169 Victis,
1779 4126 1798 4160 1
1811 4124 1882 4173 17.
1910 4113 2084 4175 Polyb.
2101 4127 2296 4174 quoque
2318 4112 2367 4162 ii.
2389 4128 2466 4161 υ.
2489 4114 2670 4163 scn'hit
2683 4116 2796 4164 Gal·

696 4176 759 4223 ab
779 4178 879 4239 Ap.
904 4178 1107 4225 Claudio
1127 4190 1231 4223 rem
1255 4189 1369 4222 cum
1398 4178 1564 4237 regulo
1588 4177 1705 4224 Gal·
1772 4175 1864 4234 los,
1899 4176 2019 4224 urbe
2054 4176 2218 4224 Roma.
2252 4192 2340 4239 per
2369 4182 2568 4238 septem
2605 4194 2796 4227 menses

695 4238 853 4286 lorum
874 4244 1168 4316 transactam
1190 4237 1371 4314 scribit.
1518 4304 1529 4315 ·
1771 4240 1969 4311 potitos,
1991 4240 2120 4287 ultro
2141 4241 2342 4287 tandem
2363 4245 2418 4289 et
2443 4241 2670 4301 grummo
2691 4258 2792 4291 een

696 4302 1707 4427 P0?,1ss‘‚;⁹¹.;⁶m;2..⁰:”::fs¹''⁰'²““.3‚
1769 4315 2042 4413 aasz
2055 4302 2794 4431 322¹.⁸¹¹...‚.⁰ffl.”.3..r‘¹¹....‘¹¹⁸‘2......‘f
