3000 4784
799 230 996 298 LIB.
1043 230 1166 297 IX.
1237 232 1460 299 CAP.
1507 240 1614 300 43.
2130 244 2259 307 549

82 365 504 443 hominum,
555 388 752 451 quam
811 366 1134 433 caeditur:
1201 380 1395 455 atque
1449 392 1580 435 una
1626 393 1752 435 vox
1798 394 2036 458 ponere
2081 398 2257 440 arma
2276 398 2343 448 U.
2367 400 2427 449 c,
2449 412 2567 464 445·

82 451 504 517 iubentium
534 474 652 538 per
679 464 878 517 totam
900 453 1100 518 fertur
1119 454 1341 519 aciem.
1435 456 1662 543 Itaque
1693 457 1863 523 inter
1884 460 2093 547 ipsum
2114 484 2252 527 cer·
2274 464 2332 513 A.
2368 466 2427 515 C·
2452 478 2565 528 307·

82 550 362 603 tamen
389 538 557 602 facta
597 537 842 603 deditio
871 552 970 603 est
997 563 1038 604 a
1073 540 1294 627 primis
1323 544 1685 608 auctoribus
1725 544 1895 609 belli.
1966 546 2251 614 ¹Postero

82 624 756 710 insequentibusque
807 625 1034 690 diebus
1078 640 1145 692 et
1184 627 1382 691 ceteri
1430 628 1822 695 Umbrorum
1873 632 2094 733 populi
2137 635 2251 699 de-

82 711 405 775 duntur.
502 709 870 776 Ocriculani
899 711 1236 799 sponsione
1267 713 1338 777 in
1365 715 1712 781 amicitiam
1740 732 2004 805 accepti.

197 797 484 874 Fabius,
503 796 746 861 alienae
777 798 960 863 sortis
987 798 1190 863 victor
1215 799 1387 877 belli,
1412 802 1482 865 in
1512 824 1691 867 suam
1713 804 2103 889 provinciam
2131 829 2245 872 ex·
2358 810 2466 869 42.

82 883 413 947 ercitum
433 882 709 947 reduxit.
799 883 1027 971 Itaque
1051 885 1132 963 ei,
1157 886 1241 950 ob
1269 908 1368 951 res
1399 900 1529 952 tam
1549 884 1817 954 feliciter
1832 904 2057 977 gestas,
2080 893 2247 959 sicut
2265 908 2333 958 U.
2356 908 2417 959 c.
2440 909 2555 971 446.

82 970 350 1069 priore
367 992 538 1035 anno
559 969 834 1057 populus
849 971 1331 1037 continuaverat
1351 974 1769 1053 consulatum,
1790 976 1880 1041 ita
1900 991 2157 1043 senatus
2174 980 2244 1044 in
2262 973 2323 1021 A.
2356 974 2416 1023 0·
2442 972 2553 1035 30⁶·

82 1068 588 1143 insequentem
617 1078 878 1134 annum,
903 1080 1034 1143 quo
1055 1056 1184 1143 Ap.
1215 1056 1547 1137 Claudius,
1573 1060 1649 1123 L.
1677 1059 2061 1129 Volumnius
2089 1087 2244 1130 con·
2259 1036 2360 1159 ἐξ
2374 1038 2564 1151 {¹⁸37}

83 1142 304 1207 sules
331 1142 613 1219 fuerunt,
644 1143 1025 1230 prorogavit,
1055 1144 1332 1208 maxime
1365 1144 1585 1232 Appio
1618 1146 2009 1227 adversante,
2040 1150 2245 1237 impe-
2260 1164 2449 1213 lumnio

83 1229 320 1293 rium.
411 1229 526 1316 Ap
569 1229 706 1293 ium
749 1252 1077 1293 censorem
1119 1230 1350 1315 petisse
1395 1232 1817 1310 consulatum,
1858 1236 2241 1323 comitiaque
2258 1227 2397 1278 Coss.

82 1314 266 1379 eius
291 1315 376 1380 ab
407 1314 484 1379 L.
505 1251 570 1379 F)
560 1316 700 1380 urio
721 1314 975 1379 tribuno
991 1314 1198 1402 plebis
1217 1316 1637 1403 interpellata,
1661 1319 1867 1384 donec
1890 1344 1957 1385 se
1976 1345 2243 1388 censura

86 1401 472 1477 abdicavit,
491 1402 562 1465 in
583 1401 963 1488 quibusdam
985 1402 1317 1467 annalibus
1335 1404 1613 1469 invenio.
1707 1404 1979 1472 Creatus
1996 1410 2239 1488 consul,
2258 1419 2519 1494 Sallentini

86 1510 338 1572 quum
359 1487 640 1575 collegae
671 1510 908 1552 novum
929 1486 1191 1565 bellum,
1220 1488 1555 1554 Sallentini
1584 1491 1797 1557 hostes
1817 1492 2242 1560 decerneren-
2258 1489 2391 1535 mu.

91 1587 246 1650 tur,
289 1574 540 1639 Romae
569 1574 820 1651 mansit,
853 1586 926 1639 ut
955 1574 1211 1639 urbanis
1231 1576 1470 1641 astibus
1497 1598 1653 1663 opes
1680 1593 1962 1665 augeret,
1982 1582 2241 1668 quando

89 1660 284 1723 belli
317 1660 514 1725 decus
535 1682 734 1747 penes
763 1660 920 1725 alios
949 1673 1132 1725 esset.
1223 1660 1647 1727 Volumnium
1674 1664 2036 1765 provinciae
2066 1666 2243 1733 haud

93 1746 472 1832 poenituit.
563 1745 778 1811 Multa
804 1746 1086 1811 secunda
1113 1747 1354 1834 proelia
1373 1749 1561 1815 fecit:
1609 1750 1855 1839 aliquot
1875 1753 2066 1819 urbes
2092 1753 2241 1819 hos-

95 1832 296 1897 tium
321 1834 384 1897 vi
413 1832 600 1920 cepit.
692 1832 976 1898 Praedae
999 1848 1136 1899 erat
1157 1833 1434 1935 largitor,
1458 1848 1527 1901 et
1542 1836 2003 1925 benignitatem
2033 1863 2149 1929 per
2168 1864 2239 1907 se

95 1932 378 2005 gratam
400 1919 698 1984 comitate
717 1918 1087 1985 adiuvabat:
1137 1920 1533 2009 militemque
1553 1923 1631 1987 iis
1652 1924 1891 1989 artibus
1906 1925 2143 1993 fecerat
2172 1940 2241 1993 et

97 2004 402 2091 periculi
429 2019 498 2071 et
523 2005 754 2071 laboris
787 2005 1062 2071 avidum.
1159 2005 1242 2083 Q.
1267 2007 1500 2073 Fabius
1528 2010 1868 2107 proconsul
1896 2012 1981 2075 ad
2014 2015 2239 2079 urbem
2254 2026 2501 2101 Samnites

103 2092 366 2157 Allifas
411 2113 558 2157 cum
617 2090 1002 2157 Samnitium
1047 2093 1336 2157 exercitu
1385 2094 1581 2179 sigms
1632 2095 1877 2160 collatis
1932 2100 2185 2185 confligi
2194 2113 2237 2165 t.
2257 2091 2389 2141 ’'¹⁰¹5-

103 2176 412 2242 Minime
432 2178 732 2264 ambigua
755 2201 858 2243 res
875 2178 1016 2242 fuit.
1107 2177 1258 2242 Fusi
1281 2178 1514 2255 hoste8‚
1533 2190 1727 2264 atque
1749 2180 1819 2243 in
1842 2194 2047 2246 castra
2065 2207 2241 2249 com-

153 2264 320 2328 ulsi.
397 2264 541 2329 Nec
587 2278 792 2329 castra
822 2264 1032 2329 forent
1071 2276 1336 2342 retenta,
1379 2264 1449 2328 ni
1483 2264 1790 2351 exiguum
1828 2266 2239 2353 superfuisset

161 2350 256 2414 'ei
269 2374 290 2415 z
330 2362 478 2415 ante
495 2362 750 2416 noctem
769 2363 987 2415 tamen
1001 2362 1151 2414 sunt
1169 2350 1594 2428 circumsessa,
1606 2364 1675 2416 et
1690 2366 1879 2417 nocte
1898 2354 2237 2434 custodita,

107 2458 202 2500 ne
239 2437 392 2523 quis
425 2436 592 2503 elabi
631 2448 858 2523 posset.
949 2435 1217 2502 Postero
1251 2436 1380 2513 die,
1411 2437 1679 2501 vixdum
1717 2438 1859 2503 luce
1897 2452 2090 2519 certa,
2122 2441 2239 2507 de—

109 2521 294 2588 ditio
323 2522 466 2587 fieri
501 2535 764 2610 coepta:
821 2534 888 2589 et
924 2522 1115 2609 pacti,
1147 2522 1261 2609 qui
1300 2522 1683 2589 Samnitium
1712 2524 1939 2603 forent,
1970 2539 2045 2592 ut
2086 2550 2237 2594 cum

109 2608 399 2696 singulis
442 2609 836 2675 vestimentis
881 2608 1340 2675 emitterentur.
1434 2607 1530 2673 Hi
1576 2631 1799 2675 omnes
1846 2611 1967 2677 sub
2012 2612 2237 2701 iugum

109 2696 326 2759 missi.
395 2694 598 2761 Sociis
619 2694 1005 2761 Samnitium
1021 2694 1186 2758 nihil
1201 2707 1488 2760 cautum:
1536 2694 1621 2760 ad
1638 2709 1885 2795 septem
1902 2697 2103 2763 millia
2116 2700 2236 2765 sub

112 2803 368 2847 corona
393 2782 668 2847 veniere.
763 2781 900 2857 Qui
927 2802 996 2845 se
1026 2780 1231 2845 civem
1263 2780 1622 2847 Hernicum
1652 2782 1921 2861 dixerat,
1952 2807 2235 2851 seorsum

113 2866 188 2931 in
221 2867 520 2934 custodia
534 2867 804 2934 habitus.
897 2866 1028 2932 Eos
1043 2890 1264 2932 omnes
1282 2867 1515 2933 Fabius
1547 2867 1824 2935 Romam
1840 2870 1925 2936 ad
1940 2884 2233 2939 senatum

115 2955 336 3019 misit:
384 2968 470 3033 et,
501 2976 704 3042 quum
732 2954 1090 3041 quaesitum
1119 2967 1302 3032 esset,
1334 2952 1610 3034 delectu,
1634 2978 1717 3021 an
1747 2956 2085 3023 voluntarii
2114 2982 2231 3047 pro

119 3039 546 3121 Samnitibus,
597 3040 897 3107 adversus
969 3040 1297 3107 Romanos
1359 3041 1719 3120 bellassent,
1778 3066 1895 3131 per
1964 3044 2232 3111 Latinos

117 3127 400 3215 populos
442 3127 846 3193 custodiendi
887 3126 1155 3191 dantur:
1219 3127 1503 3216 iussique
1550 3151 1693 3193 eam
1736 3129 1806 3193 in
2091 3154 2229 3195 rem
2250 3146 2319 3199 U.
2341 3146 2403 3199 c.
2425 3158 2537 3211 447·

116 3215 281 3279 novi
319 3213 628 3291 consules,
661 3214 735 3279 P.
767 3211 1108 3279 Cornelius
1136 3214 1402 3291 Arvina,
1438 3212 1522 3290 Q.
1549 3214 1835 3279 Marcius
1958 3216 2227 3294 emulus,
2246 3212 2309 3261 A.
2342 3212 2402 3262 0·
2427 3224 2537 3276 305·

119 3299 202 3386 (ii
247 3300 424 3365 enim
467 3300 596 3365 iam
639 3300 836 3366 creati
867 3297 1083 3385 erant)
1121 3298 1205 3363 ad
1241 3310 1536 3363 senatum
1576 3298 1827 3365 referre.
1919 3299 1999 3365 Id
2041 3324 2227 3389 aegre
2246 3276 2511 3398 ffifssfnsp

119 3388 296 3472 passi
341 3386 651 3452 Hernici:
699 3385 1043 3452 concilium
1172 3384 1468 3471 pulcrum
1516 3384 1803 3449 omnium
1848 3384 2229 3453 habentibus
2246 3402 2438 3453 Mucio

82 3472 492 3559 sAnagninis
518 3473 590 3537 in
617 3473 807 3552 circu,
832 3493 1028 3559 quem
1159 3470 1480 3536 aritimum
1510 3483 1758 3548 vocant,
1789 3485 2040 3558 praeter
2070 3472 2228 3539 Ala-
2244 3466 2385 3520 ⁰⁰⁸⁸·

82 3576 103 3619 4
123 3559 448 3639 trinatem,
489 3559 1113 3645 Ferentinatemque,
1144 3570 1212 3621 et
1251 3555 1667 3635 Verulanum,
1698 3580 1920 3623 omnes
1956 3556 2228 3627 Hernici

121 3645 404 3711 nominis
430 3646 672 3748 populo
701 3645 998 3710 Romano
1023 3642 1262 3709 bellum
1291 3642 1681 3708 indixerunt.

215 3731 296 3797 In
350 3732 610 3799 Sammo
653 3754 932 3819 quoque,
977 3730 1132 3817 quia
1179 3728 1535 3795 decesserat
1578 3729 1731 3797 inde
1778 3730 2031 3812 Fabius,
2075 3736 2225 3801 novi
2345 3746 2451 3805 43.

201 3999 220 4031 1
255 3986 465 4035 Alienae
495 3986 637 4035 sortis
669 3986 822 4033 victor
851 3984 990 4043 belli]
1025 3981 1075 4032 h.
1097 3996 1140 4031 e.
1207 3982 1460 4031 concilium
1491 3981 1786 4045 populorum
1811 3982 2137 4033 Hernicorum
2162 3984 2225 4032 de

129 4044 303 4096 Victor
335 4048 384 4097 in
424 4064 484 4098 eo
515 4048 669 4109 bello,
701 4047 832 4111 quod
870 4052 999 4096 sorte
1033 4061 1142 4095 eve-
1207 4059 1343 4095 more
1358 4046 1695 4107 habetatum&
1712 4046 1951 4095 Niebuhr.
1965 4044 2225 4094 audiamus

131 4118 267 4160 uerat
287 4114 518 4175 collegae.
1208 4109 1258 4158 ii.
1281 4126 1332 4159 n.
1356 4123 1434 4171 53.

199 4188 225 4222 2
259 4176 575 4239 Proroyavt‘t]
625 4175 702 4225 Ut
742 4190 873 4237 supr.
919 4172 1018 4223 viii.
1066 4187 1140 4236 23.
1272 4192 1302 4233 4
1336 4174 1517 4223 Omnes
1538 4175 1749 4223 Hernici
1776 4174 1987 4221 nominis
2009 4174 2219 4235 populo]

135 4234 346 4287 Publilio
370 4240 588 4297 Philoni,
603 4239 687 4301 qui
711 4238 896 4301 primus
917 4252 1006 4299 pro
1029 4254 1138 4286 con·
1207 4239 1386 4285 Omnes
1413 4270 1424 4283 .
1450 4271 1462 4284 .
1487 4272 1500 4285 .
1532 4238 1707 4298 populi
1749 4236 2012 4299 legendum
2057 4244 2221 4287 censet

135 4302 237 4349 sule
257 4318 356 4351 rem
377 4305 590 4366 gerebat.
1207 4299 1259 4349 N
1259 4299 1414 4349 iebhr.
1437 4299 1486 4349 ii.
1511 4316 1559 4351 n.
1588 4314 1607 4348 1
1620 4312 1694 4361 70.
2136 4306 2145 4317 ‘

201 4380 228 4425 3
257 4369 540 4429 Anauninis
561 4369 616 4417 in
637 4368 790 4427 circo]
829 4366 893 4415 In
915 4365 1008 4415 hoc
1032 4366 1140 4413 loco
