3000 4784
688 224 816 285 294
1456 214 1686 282 ΤῙΤῙ
1738 212 2015 282 LIVII

363 364 434 416 U.
455 364 516 415 c.
541 376 652 427 35²·
691 362 713 393 ⁶
733 354 1070 420 missuros:
1117 364 1430 439 qnantum
1463 351 1535 415 in
1564 350 1687 417 illis
1720 364 1839 429 est,
1870 374 1949 417 ca
2028 374 2097 416 re
2140 348 2337 415 Veios
2362 348 2539 413 licet.
2644 344 2815 421 Quis

359 431 424 480 A.
455 430 520 480 Ο·
539 442 658 489 4⁰⁰⁹
692 449 713 479 ⁶
727 454 842 519 est,
887 441 1000 529 qui
1047 437 1378 527 spondeat,
1425 438 1725 515 eundem,
1770 438 1825 502 si
1865 437 1936 502 di
1984 451 2161 503 ermr
2202 436 2462 513 bellum,
2510 433 2816 499 animum

689 536 712 567 ⁶
731 540 956 615 postea
998 526 1182 591 fore?
1239 546 1461 613 quum,
1512 526 1567 589 si
1611 524 2047 589 laxamentum
2097 523 2370 601 dederis,
2420 521 2637 587 maior
2688 520 2819 584 fre-

692 620 714 652 ⁶
779 613 1158 698 nentiorque
1186 610 1422 699 legatio
1443 611 1615 675 itura
1640 611 1747 677 sit:
1796 634 1997 698 quum
2019 610 2109 690 id,
2132 609 2311 698 quod
2330 631 2511 673 nunc
2528 605 2819 703 offendit

692 708 713 738 ⁶
793 712 1054 777 trasone,
1077 720 1192 763 rex
1213 710 1462 763 creatus
1477 697 1679 775 Veiis,
1698 698 1903 786 spatio
1932 694 2562 785 interpositomutari
2584 704 2821 781 pont,

694 793 717 824 ⁶
733 786 834 851 vel
861 808 1176 850 consensu
1219 785 1511 864 civitatis,
1544 797 1617 848 ut
1644 807 1723 849 eo
1757 784 2171 849 reconcilient
2205 782 2505 847 Etruriae
2536 780 2819 855 animos,

695 880 717 910 ⁶
736 872 837 936 vel
867 872 1064 958 ipsius
1091 870 1418 935 voluntate
1449 871 1634 957 regis,
1666 872 1781 957 qui
1809 871 2055 937 obstare
2086 892 2357 959 regnum
2391 890 2589 933 suum
2616 865 2821 931 saluti

697 966 716 997 ⁶
737 959 974 1023 civium
1010 957 1188 1022 nolit.
1280 956 1538 1036 Videte,
1570 970 1729 1044 quot
1760 980 1881 1037 res,
1914 979 2106 1044 quam
2134 955 2417 1033 inutiles,
2446 964 2825 1041 sequantur
2842 984 2861 1017 1

698 1051 719 1083 ⁶
735 1044 908 1108 illam
937 1043 1106 1109 viam
1134 1043 1409 1108 consilii:
1457 1043 1703 1107 iactura
1728 1064 1993 1130 operum
2024 1056 2202 1107 tanto
2224 1042 2438 1106 labore
2464 1041 2819 1114 factorum,

700 1138 723 1169 ⁶
737 1132 1002 1197 vastatio
1021 1130 1362 1195 imminens
1381 1129 1611 1193 finium
1640 1142 2021 1207 nostrorum,
2048 1128 2389 1195 Etruscum
2412 1128 2661 1192 bellum
2694 1146 2821 1212 pro

700 1226 719 1255 ⁶
739 1217 1016 1282 Veiente
1063 1217 1468 1281 concitatum.
1561 1214 1745 1281 Haec
1780 1228 1947 1293 sunt,
1979 1216 2238 1292 tribuni,
2268 1214 2543 1280 consilia
2581 1226 2819 1286 vestm,

701 1312 722 1341 ⁶
739 1327 889 1384 non,
909 1303 1190 1381 hercule,
1209 1302 1555 1379 dissimilia,
1586 1324 1661 1366 ac
1688 1302 1743 1367 si
1772 1303 1917 1389 quis
1946 1325 2154 1389 aegro,
2179 1302 2313 1388 qui,
2342 1300 2557 1365 curari
2586 1322 2655 1365 se
2680 1298 2821 1363 for-

702 1399 723 1429 ⁶
739 1392 888 1456 titer
915 1412 1151 1478 passus,
1176 1402 1390 1454 extem
1436 1388 1500 1453 lo
1530 1388 1965 1454 convalescere
1992 1389 2209 1476 possit,
2232 1387 2359 1453 cibi
2386 1388 2602 1473 gratia
2628 1408 2819 1474 prae-

701 1484 722 1515 ⁶
735 1479 934 1541 sentis
963 1490 1074 1541 aut
1099 1477 1376 1563 potionis
1392 1412 1817 1563 fonginquum
1834 1488 1903 1540 et
1922 1475 2183 1541 forsitan
2204 1473 2627 1539 insanabilem
2645 1494 2821 1537 mor-

499 1563 556 1623 6·
702 1571 725 1602 ⁶
743 1564 898 1629 bum
929 1563 1178 1627 efficiat.
1273 1562 1363 1639 Si,
1395 1584 1499 1626 me
1531 1562 1678 1626 dius
1706 1562 1918 1639 fidius,
1938 1562 2023 1626 ad
2050 1562 2173 1626 hoc
2202 1559 2444 1626 bellum
2466 1560 2639 1624 nihil
2666 1580 2861 1646 per-2

702 1658 721 1687 ⁶
741 1650 995 1725 tineret,
1023 1648 1107 1713 ad
1151 1647 1550 1735 disciplinam
1578 1659 1750 1712 certe
1790 1649 2051 1713 militiae
2090 1648 2439 1735 plurimum
2478 1646 2814 1720 intererat,

703 1744 722 1774 ⁶
743 1736 1101 1799 insuescere
1125 1734 1393 1798 militem
1415 1746 1724 1811 nostrum,
1747 1756 1879 1799 non
1902 1734 2107 1799 solum
2126 1748 2348 1821 parata
2368 1731 2811 1807 victoriafrui3

705 1830 724 1860 ⁶
744 1820 876 1897 sed,
908 1820 962 1884 si
990 1842 1090 1884 res
1121 1820 1315 1885 etiam
1348 1819 1585 1885 lentior
1612 1822 1712 1898 sit,
1740 1821 1876 1907 pati
1904 1820 2187 1885 taedium
2214 1833 2283 1886 et
2308 1820 2609 1907 quamvis
2636 1840 2814 1885 serae

705 1916 725 1946 ⁶
745 1907 881 1994 spei
899 1906 1143 1970 exitum
1173 1918 1559 1992 exspectare,
1584 1918 1671 1983 et,
1694 1908 1746 1971 si
1770 1930 1901 1971 non
1930 1908 2013 1972 sit
2035 1920 2271 1974 aestate
2292 1906 2655 1994 perfectum
2676 1904 2817 1969 bel·

706 2002 725 2031 ⁶
746 1993 900 2072 lum,
932 1992 1192 2057 hiemen
1222 1993 1518 2080 opperiri,
1550 2015 1692 2070 nec,
1722 1994 1888 2058 sicut
1920 1994 2185 2059 aestivas
2212 2016 2379 2071 aves»,
2410 1992 2630 2057 statim
2664 2014 2817 2056 aue-

705 2088 724 2119 ⁶
747 2092 974 2145 tumno
1003 2090 1173 2143 tecta
1201 2100 1274 2144 ac
1303 2100 1619 2144 recessum
1648 2080 2149 2167 circumspicere.
2232 2080 2517 2145 Obsecro
2548 2100 2687 2157 vos,
2706 2100 2817 2142 ve-

705 2174 728 2205 ⁶
747 2166 946 2231 nandi
967 2165 1250 2231 studium
1280 2188 1353 2230 ac
1375 2166 1667 2253 voluptas
1686 2166 1979 2231 homines
2007 2188 2124 2253 per
2142 2166 2323 2231 nives
2352 2188 2427 2229 ac
2446 2166 2719 2252 pruinas
2742 2164 2815 2227 in

706 2262 725 2289 ⁶
745 2265 996 2316 montes
1017 2252 1329 2339 silvasque
1358 2252 1525 2338 rapit
1542 2275 1560 2329 3
1606 2252 1758 2316 belli
1775 2254 2251 2317 necessitatibus
2272 2274 2415 2317 eam
2429 2251 2815 2341 patientiam

707 2347 727 2379 ⁶
749 2361 882 2402 non
911 2338 1373 2415 adhibebimus,
1397 2360 1591 2424 quam
1612 2338 1718 2402 vel
1737 2338 1911 2405 lusus
1940 2362 2013 2403 ac
2035 2339 2325 2426 voluptas
2354 2338 2586 2403 elicere
2610 2338 2815 2403 solet?

709 2433 727 2463 ⁶
750 2424 1024 2489 Adeone
1055 2423 1420 2489 effeminata
1447 2446 1714 2511 corpora
1752 2426 2025 2490 militum
2055 2438 2411 2489 nostrorum
2452 2446 2592 2489 esse
2624 2438 2815 2511 puta—

705 2519 726 2549 ⁶
745 2532 906 2589 mus,
939 2510 1100 2577 adeo
1129 2511 1351 2575 molles
1381 2511 1643 2587 animos,
1674 2524 1749 2577 ut
1782 2512 2059 2577 hiemem
2091 2534 2285 2576 unam
2314 2512 2543 2575 durare
2575 2511 2649 2574 in
2680 2532 2815 2574 cas-

706 2606 726 2635 ⁶
747 2598 877 2674 trie,
923 2598 1138 2662 abesse
1191 2599 1272 2663 ab
1321 2598 1517 2663 domo
1560 2620 1693 2663 non
1742 2598 1984 2685 possint
1998 2599 2029 2662 ἲ
2087 2610 2178 2676 ut,
2227 2611 2532 2683 tanquam
2586 2596 2814 2661 navale

707 2692 726 2722 ⁶
747 2683 1006 2761 bellum,
1053 2685 1535 2771 tempestatibus
1580 2684 1909 2771 captandis
1962 2697 2029 2749 et
2072 2684 2463 2749 observando
2518 2696 2812 2834 temEore

707 2776 728 2807 ⁶
748 2770 919 2845 anni,
957 2782 1200 2856 gerant,
1241 2792 1373 2833 non
1415 2782 1643 2846 aestus,
1685 2791 1817 2834 non
1856 2770 2090 2857 fiigora
2130 2772 2263 2858 pati
2302 2770 2547 2857 possint
2564 2771 2596 2833 ἰ’
2708 2792 2812 2833 ru-

707 2862 730 2893 ⁶
749 2856 1011 2918 bescant
1033 2854 1341 2955 profecto,
1373 2856 1424 2919 si
1455 2856 1599 2942 quis
1628 2856 1705 2920 iis
1733 2855 1893 2921 haec
1921 2857 2214 2933 obiiciat3
2258 2855 2809 2943 contendantque,

708 2948 730 2979 ⁶
751 2952 817 3003 et
857 2940 1084 3004 animis
1113 2952 1180 3003 et
1213 2942 1583 3027 corporibus
1626 2943 1755 3005 suis
1782 2942 2027 3007 virilem
2062 2943 2439 3029 patientiam
2483 2943 2716 3021 inesse,
2748 2954 2813 3005 et

708 3033 729 3063 ⁶
749 3046 816 3089 se
846 3024 1027 3089 iuxta
1068 3025 1278 3089 hieme
1307 3038 1500 3113 atque
1544 3040 1781 3097 aestate
1824 3028 1993 3093 bella
2032 3052 2251 3116 gerere
2289 3050 2507 3115 posset
2574 3051 2702 3093 nec
2744 3050 2811 3091 se

710 3119 731 3151 ⁶
745 3110 1168 3197 patrocinium
1213 3110 1519 3177 mollitiae
1578 3113 1971 3202 inertiaeque
2023 3115 2351 3181 mandasse
2396 3116 2692 3193 tribunis,
2746 3126 2813 3177 et

707 3206 730 3237 ⁶
749 3198 1133 3276 meminisse,
1165 3198 1330 3263 hanc
1371 3198 1574 3287 ipsam
1614 3212 1993 3286 potestatem
2034 3222 2167 3266 non
2196 3201 2265 3265 in
2303 3202 2529 3265 umbra
2568 3224 2699 3266 nec
2742 3201 2809 3265 in
2826 3226 2851 3274 3

711 3293 732 3323 ⁶
753 3285 940 3349 tectis
965 3285 1236 3349 maiores
1265 3298 1410 3349 su'os
1439 3308 1699 3350 creasse.
1792 3286 1975 3353 Haec
2004 3288 2237 3351 virtute
2270 3288 2547 3351 militum
2566 3300 2811 3353 vestro-

712 3379 730 3407 ‘
752 3392 914 3447 rum,
934 3371 1092 3435 haec
1124 3370 1418 3436 Romano
1445 3372 1707 3436 nomine
1737 3384 1889 3436 sunt
1916 3372 2129 3459 digna,
2150 3396 2285 3437 non
2307 3372 2503 3437 Veios
2533 3386 2806 3451 tantum,

713 3464 733 3495 ⁶
753 3478 872 3521 nec
903 3455 1024 3523 hoc
1054 3456 1295 3522 bellum
1323 3458 1578 3535 intueri,
1604 3458 1779 3544 quod
1808 3459 2003 3525 instat
2018 3483 2036 3536 ;
2082 3459 2198 3524 sed
2224 3460 2456 3524 famam
2484 3472 2553 3523 et
2583 3461 2671 3525 ad
2690 3460 2809 3525 alia

711 3551 732 3581 ⁶
751 3542 920 3607 bella
961 3556 1028 3608 et
1071 3543 1155 3607 ad
1197 3558 1440 3609 ceteros
1483 3543 1754 3631 populos
1796 3545 1865 3608 in
1910 3558 2232 3631 posterum
2323 3566 2603 3609 uaerere.
2700 3548 2807 3610 An

711 3636 732 3666 ⁶
754 3628 1071 3693 mediocre
1094 3629 1432 3695 discrimen
1455 3630 1773 3717 opinionis
1788 3644 2153 3696 secuturum
2184 3654 2266 3695 ex
2332 3654 2407 3695 ac
2425 3654 2493 3695 re
2524 3633 2809 3721 putatis?

714 3721 732 3751 ‘
756 3712 992 3777 Utrum
1053 3715 1311 3779 tandem
1368 3717 1625 3781 finitimi
1680 3716 1987 3804 populum
2043 3717 2409 3781 Romanum
2460 3740 2613 3781 eum
2674 3742 2805 3784 esse

713 3806 733 3837 6
755 3809 1000 3883 putent,
1021 3799 1202 3863 cuius
1225 3802 1278 3864 si
1301 3826 1430 3888 qua
1451 3804 1601 3867 urbs
1674 3804 1903 3867 rimum
1928 3802 2107 3867 illum
2130 3803 2481 3868 brevissimi
2506 3806 2807 3891 temporis

713 3892 733 3923 6
751 3882 1122 3948 sustinuerit
1147 3884 1478 3973 impetum,
1503 3888 1641 3951 nih1
1686 3888 1920 3952 deinde
1952 3890 2218 3955 timeat?
2262 3912 2345 3953 an
2374 3890 2479 3953 hic
2497 3889 2581 3953 sit
2610 3904 2809 3955 terror

713 3978 733 4009 ⁶
753 3970 1030 4033 nominis
1087 3973 1306 4051 nostri,
1361 3987 1435 4037 ut
1491 3974 1842 4039 exercitum
1904 3974 2271 4041 Romanum
2330 3998 2463 4040 non
2522 3976 2805 4041 taedium

779 4164 798 4197 ι
825 4150 984 4207 Quam
1003 4152 1229 4212 inutiles]
1255 4151 1424 4207 Quam
1443 4151 1721 4197 damnosae.
1852 4164 1880 4213 3
1902 4152 2053 4200 Hanc
2072 4154 2230 4215 ipsam
2246 4156 2557 4217 potestatem]
2586 4154 2803 4204 Potesta-

708 4212 790 4263 Sic
833 4228 980 4274 saepe
1033 4214 1188 4262 utitur
1239 4215 1330 4264 illa
1371 4228 1489 4261 voce
1534 4212 1719 4261 Cicero.
1786 4220 1887 4263 tem
1932 4215 2255 4275 tribunitiam,
2296 4222 2511 4266 creatam
2560 4218 2613 4266 in
2662 4220 2804 4270 Sam

709 4278 870 4325 Casv.
1789 4283 1971 4328 monte.
2006 4280 2167 4329 Cam,

774 4353 801 4387 α
835 4342 927 4388 Me
947 4342 1250 4403 diusfidiuaej
1288 4342 1348 4391 cf.
1373 4340 1516 4401 Supr.
1539 4338 1588 4388 ii.
1614 4348 1690 4402 3⁶1.
