3000 4784
703 191 780 251 14
1477 181 1701 248 ΤΙΤΙ
1756 179 2025 247 LIVII

699 324 894 389 animi
953 321 1372 399 dissimulans,
1434 320 1617 385 ludos
1684 343 1765 384 ex
1834 319 2144 384 industria
2254 329 2408 394 arat,
2483 313 2829 404 Neptuno

370 420 650 471 Consualia.
702 411 1002 497 Equestri
1039 408 1392 474 sollennes:
1453 406 1799 473 Consualia
1836 420 2035 470 vocat.
2128 339 2337 469 1ηὲἰοί
2372 403 2611 468 deinde
2654 404 2827 466 fini·
2860 429 2881 462 e

701 496 872 562 timis
899 494 1327 583 spectaculum
1357 495 1569 558 iubet:
1604 507 1969 580 quantoque
1994 503 2298 579 apparatu
2319 503 2458 555 tum
2488 489 2827 564 sciebant,

701 594 811 649 aut
838 595 1151 671 poterant,
1183 581 1664 656 concelebrant3
1708 592 1781 645 ut
1810 601 1945 644 rem
1976 579 2207 643 claram
2236 590 2669 665 exspectatam
2724 599 2829 641 ue

699 671 996 734 facerent.
1069 668 1267 733 Multi
1297 667 1593 732 mortales
1622 688 1994 742 convenere,
2018 664 2229 728 studio
2258 664 2450 728 etiam
2479 663 2677 728 viden
2734 687 2831 727 ae

701 779 902 821 novae
935 756 1143 833 urbis;
1186 755 1460 819 maxime
1490 753 1766 840 proximi
1846 753 2060 839 nique,
2100 749 2557 828 Caeninenses,
2598 749 2832 814 Crus-

703 843 953 919 tumini,
1004 842 1442 906 Antemnates.
1503 839 1672 921 ⁴Iam
1736 777 2112 903 Seilwinorum
2172 838 2378 902 omnis
2429 836 2827 912 multitudo,
2852 849 2891 898 8

701 951 848 993 cum
878 928 1092 992 liberis
1121 951 1194 992 ac
1232 927 1627 1013 coniugibu8‚
1662 925 1855 989 venit.
1948 923 2207 988 Invitati
2250 923 2649 1011 hospitaliter
2686 945 2835 1009 per

701 1015 944 1092 dom08‚
968 1037 1169 1101 quum
1199 1015 1390 1079 situm
1421 1014 1800 1099 moeniaque
1832 1026 1899 1075 et
1926 1010 2328 1098 frequentem
2359 1010 2544 1074 tectis
2573 1011 2832 1074 urbem

701 1101 1024 1178 vidissent,
1085 1101 1411 1176 mirantur,
1473 1112 1601 1164 tam
1660 1100 1834 1163 brevi
1892 1120 2027 1161 rem
2091 1096 2447 1161 Romanam
2507 1095 2825 1160 crevisse.

467 1190 526 1238 C·
551 1207 597 1250 4-
707 1187 840 1253 Ubi
883 1186 1226 1276 spectaculi
1271 1199 1522 1274 tempus
1562 1185 1759 1262 venit,
1806 1184 2188 1270 deditaeque
2234 1207 2313 1248 eo
2358 1195 2608 1247 mentes
2654 1205 2829 1246 cum

505 1289 519 1302 ·
639 1289 654 1302 ·
703 1275 901 1340 oculis
953 1288 1153 1352 erant,
1203 1286 1340 1339 tum
1387 1296 1468 1337 ex
1517 1272 1863 1358 composito
1916 1284 2053 1334 orta
2098 1270 2231 1334 vis:
2287 1270 2599 1357 signoque
2648 1269 2831 1333 dato

460 1365 660 1428 piuntm·
702 1363 998 1426 iuventus
1032 1360 1325 1425 Romana
1353 1360 1434 1424 ad
1472 1358 1803 1446 rapiendas
1839 1358 2114 1457 virgines
2153 1356 2466 1420 discurrit.
2560 1354 2834 1442 Magna

586 1465 600 1480 ·
786 1471 847 1511 rs
876 1448 1057 1524 forte,
1091 1461 1165 1512 ut
1194 1448 1260 1510 in
1291 1469 1484 1533 quem
1515 1467 1805 1532 quaeque
1836 1443 2164 1519 inc1derat‚
2196 1455 2451 1530 raptae3
2493 1441 2830 1528 quasdam

728 1556 904 1598 orma
942 1533 1313 1609 excellente,
1401 1532 1735 1595 timoribus
1772 1530 2036 1594 Patrum
2077 1529 2443 1606 destinam,
2486 1551 2570 1592 ex
2660 1528 2827 1593 lebe

703 1619 1012 1696 homines,
1053 1619 1284 1704 quibus
1323 1556 1546 1682 digmm
1584 1617 1911 1702 negotium
1950 1628 2104 1692 erat,
2146 1616 2369 1680 domos
2409 1614 2625 1678 desere
2674 1629 2823 1679 ant.

709 1705 942 1781 Unam,
975 1704 1163 1790 longe
1195 1717 1340 1768 ante
1371 1703 1523 1766 alias
1551 1703 1759 1790 specie
1790 1725 1863 1766 ac
1892 1701 2367 1788 pulchritudine
2398 1702 2745 1787 insignem,
2784 1725 2832 1765 a

705 1791 895 1878 globo
937 1789 1207 1854 Talassii
1251 1789 1579 1853 cuiusdam
1626 1802 1867 1875 raptam
1908 1787 2160 1864 ferunt3
2204 1787 2550 1874 multisque
2592 1787 2828 1852 scisci-

709 1877 1008 1953 tantibus,
1041 1876 1295 1940 cuinam
1325 1898 1466 1939 eam
1493 1876 1751 1952 ferrent,
1792 1874 2163 1951 identidem,
2206 1897 2289 1938 ne
2375 1874 2474 1938 uis
2518 1872 2826 1952 violaret,

707 1961 992 2027 Talassio
1055 1963 1203 2026 ferri
1253 1961 1681 2026 clamitatum:
1743 1959 1894 2025 inde
1937 1959 2302 2048 nuptialem
2493 1982 2529 2024 c
2581 1983 2827 2025 vocem
2847 1983 2885 2032 9

707 2049 954 2112 factam.
1019 2048 1306 2112 Turbato
1333 2069 1450 2133 per
1477 2061 1720 2112 metum
1748 2046 2012 2123 ludicr0,
2046 2049 2267 2111 maesti
2296 2061 2593 2134 parentes
2614 2047 2829 2134 virgi-

707 2157 865 2199 num
894 2134 1282 2222 profugiunt,
1305 2134 1667 2198 incusantes
1688 2131 1903 2196 violati
1932 2132 2188 2219 hospitii
2209 2133 2455 2211 foedus,
2482 2132 2829 2220 deumque

709 2221 1095 2298 invocante3‚
1142 2221 1322 2284 cuius
1363 2220 1448 2283 ad
1489 2219 1769 2284 sollenne
1814 2217 2144 2304 ludosque,
2280 2243 2313 2283 r
2354 2220 2447 2284 fas
2492 2243 2567 2284 ac
2610 2220 2830 2286 fidem

708 2306 982 2393 decepti,
1012 2306 1350 2370 venissent.
1444 2304 1514 2369 N
1515 2328 1589 2370 ec
1628 2304 1822 2404 raptis
1860 2316 1970 2368 aut
2008 2327 2149 2391 spes
2184 2243 2277 2370 di}
2310 2329 2377 2372 se
2418 2307 2666 2384 melior,
2700 2321 2829 2373 aut
2854 2337 2875 2369 1

709 2392 1064 2478 indignatio
1110 2405 1208 2456 est
1250 2393 1497 2457 minor:
1550 2391 1662 2455 sed
1706 2413 1839 2478 lpse
1883 2389 2197 2456 Romulus
2248 2393 2645 2471 circumibat,
2698 2394 2831 2460 do-

707 2479 1061 2565 cebatque:
1127 2487 1147 2517 ‘
1167 2491 1419 2565 patrum
1477 2477 1546 2542 id
1596 2477 1889 2564 superbia
1936 2477 2193 2555 factum,
2247 2479 2361 2564 qui
2414 2481 2831 2546 connubium

711 2573 733 2602 ‘
754 2564 1040 2628 finitimis
1057 2577 1416 2652 negassent:
1453 2565 1591 2628 illas
1620 2576 1831 2628 tamen
1860 2563 1928 2627 in
1951 2564 2373 2642 matrimonio,
2406 2567 2476 2629 in
2507 2566 2827 2633 societate

711 2659 732 2688 ‘
752 2651 1148 2714 fortunarum
1177 2651 1462 2714 omnium
1492 2649 1908 2735 civitatisque,
1944 2663 2028 2726 et,
2070 2672 2201 2736 quo
2240 2651 2402 2715 nihil
2442 2653 2654 2717 carius
2694 2654 2831 2719 hu-

713 2745 734 2774 ‘
755 2758 943 2799 mano
971 2736 1193 2822 generi
1233 2736 1334 2810 sit,
1371 2734 1642 2799 liberum
1670 2734 1821 2800 fore.
1916 2734 2248 2801 Mollirent
2283 2737 2478 2803 modo
2518 2740 2683 2816 iras3
2729 2755 2828 2819 et,

715 2830 734 2859 ‘
756 2820 986 2906 quibus
1031 2820 1159 2883 fors
1203 2842 1468 2905 corpora
1514 2819 1807 2896 dedisset,
1850 2820 2075 2885 darent
2120 2823 2381 2888 animos·
2480 2823 2689 2913 Saepe
2735 2851 2831 2892 ex

715 2914 736 2942 ⁶
757 2905 990 2968 iniuria
1016 2903 1420 2990 postmodum
1449 2905 1715 2990 gratiam
1744 2918 1981 2969 ortam:
2020 2929 2225 2994 eoque
2263 2909 2635 2976 melioribus
2666 2937 2832 2978 usu-

715 2997 736 3026 ‘
757 3009 856 3052 ras
905 2990 1074 3066 viris,
1122 2988 1298 3076 quod
1347 2991 1680 3056 annisurus
1728 3013 1845 3090 pro
1892 3015 1957 3056 se
2009 2994 2279 3082 quisque
2326 2997 2429 3074 sit,
2468 3011 2559 3076 ut,
2612 3023 2829 3087 quum

716 3083 738 3113 ‘
759 3097 937 3138 suam
965 3075 1169 3139 vicem
1196 3075 1449 3140 functus
1478 3077 1684 3142 officio
1713 3089 1813 3155 Slt,
1850 3092 2186 3166 parentum
2215 3081 2410 3147 etiam
2439 3085 2827 3174 patriaeque

717 3169 740 3198 ‘
760 3159 1014 3246 expleat
1080 3160 1504 3226 desiderium?
1621 3163 2035 3229 Accedebant
2097 3167 2445 3234 blanditiae
2510 3171 2826 3252 virorum,

715 3246 950 3310 factum
967 3247 1390 3345 ’purgantium
1435 3247 1783 3336 cupiditate
1813 3261 2006 3336 atque
2036 3275 2283 3320 amore:
2329 3279 2495 3342 quae
2528 3261 2823 3326 maxime

717 3331 802 3395 ad
831 3329 1135 3397 muliebre
1163 3333 1493 3419 ingenium
1523 3333 1804 3434 efficaces
1831 3357 2049 3434 preces
2076 3353 2240 3404 sunt.

501 3423 597 3482 10.
804 3415 940 3479 Iam
982 3416 1324 3483 admodum
1359 3420 1631 3520 mitigati
1667 3443 1861 3484 ammi
1901 3423 2095 3508 raptis
2129 3440 2345 3491 erant:
2394 3444 2461 3493 at
2489 3445 2831 3518 raptarum

715 3515 1011 3650 parentes
1053 3515 1188 3568 tum
1233 3527 1507 3605 maxime
1542 3505 1796 3570 sordida
1837 3521 2009 3608 veste
2045 3508 2466 3615 lacrimisque·
2488 3532 2557 3581 et
2587 3541 2829 3604 quere-

763 3609 793 3650 s
821 3601 1105 3654 civitates
1133 3591 1552 3656 conc1tabant.
1646 3591 1714 3655 N
1714 3613 1787 3657 ec
1824 3591 1997 3656 dom1
2043 3607 2293 3660 tantum
2332 3600 2826 3689 ludignationes

2856 415 2887 430 1

717 3849 728 3862 ·
783 3797 808 3848 7
826 3787 1129 3862 ‘Gon-unalia]
1187 3791 1232 3838 A
1265 3791 1428 3839 Conso
1459 3792 1553 3840 deo
1573 3809 1585 3840 :
1626 3793 1727 3841 sive
1854 3809 1885 3858 9
1927 3798 2165 3858 Talassio]
2236 3801 2313 3850 Cf.
2352 3803 2488 3853 Plut.
2526 3806 2631 3863 Qu.
2669 3809 2832 3862 Rom.

713 3851 801 3898 1ue
822 3852 950 3926 idem
973 3867 1084 3926 cum
1111 3854 1348 3928 Neptuno
1371 3855 1598 3916 Equestri
1618 3856 1728 3915 fuit,
1794 3871 1869 3918 30.
1936 3859 2111 3909 Festus
2144 3878 2188 3912 v,
2224 3865 2463 3917 Talassio.
2531 3871 2727 3922 Nescio
2762 3891 2831 3924 an

715 3915 846 3988 quod
867 3915 950 3963 hic
969 3929 1171 3988 innuere
1193 3917 1384 3964 videtur
1400 3918 1597 3976 Livium
1628 3920 1729 3967 sive
1793 3920 1995 3970 Aeolica
2014 3924 2103 3972 illa.
2126 3941 2237 3986 vox,
2252 3927 2408 3990 τέλη,
2426 3934 2599 3992 puella
2620 3939 2831 3998 nubilis,

717 3977 906 4026 Genius
935 3979 1134 4038 quidam
1168 3981 1468 4054 occultorum
1506 3982 1727 4031 consilio-
1792 3999 1837 4031 v.
1860 3984 2011 4047 Soph.
2038 3989 2199 4051 Antig.
2236 3993 2329 4054 584
2364 3996 2455 4042 sub
2489 3996 2722 4048 Talassio
2758 4002 2827 4050 la-

715 4055 823 4115 rum
839 4041 942 4088 dux
957 4047 1008 4088 et
1031 4057 1238 4102 praeses,
1253 4058 1336 4103 qm
1358 4059 1408 4091 in
1429 4045 1519 4092 1110
1538 4045 1729 4094 solenni
1791 4053 1910 4105 teat,
1926 4049 2028 4098 sive
2044 4053 2187 4100 malis
2204 4055 2438 4116 virginem
2456 4061 2725 4124 Θαλασσίφ
2758 4081 2827 4116 sc.

715 4109 999 4151 eomunctos
1019 4119 1133 4151 cum
1157 4105 1394 4166 Neptuno
1415 4107 1623 4156 honores
1642 4110 1727 4157 hs-
1794 4111 2049 4173 Neptuno,
2070 4130 2297 4176 sponsam
2321 4120 2447 4170 ferri.
2726 4099 2743 4124 ⁹

715 4169 864 4214 beret.
898 4168 1059 4216 Cam.
1125 4168 1202 4216 Cf.
1222 4169 1366 4243 Ovid.
1384 4170 1515 4219 Fast-
1534 4171 1599 4219 iii.
1624 4187 1727 4234 sqq.
1862 4189 1882 4222 1
1919 4177 2025 4224 Per
2043 4179 2134 4236 sas
2166 4195 2225 4228 ao
2242 4183 2398 4242 fidem
2429 4188 2647 4250 decepti]
2724 4193 2828 4242 De-

779 4229 811 4300 '8
842 4233 1182 4304 Astemnates]
1235 4231 1433 4286 Quibus
1466 4234 1730 4284 Fidenates
1793 4239 1924 4300 cepti
1948 4253 2035 4300 per
2056 4243 2269 4302 speciem
2292 4246 2445 4295 divini
2481 4250 2605 4299 iuris
2638 4261 2692 4302 et
2716 4259 2829 4306 neli-

717 4291 936 4351 adiungit
959 4293 1092 4341 Plut.
1119 4295 1319 4343 Romul.
1350 4309 1421 4357 17.
1790 4300 1990 4361 gionum
2014 4309 2065 4351 et
2087 4305 2201 4354 fidei
2224 4307 2498 4372 hospitalis.
2532 4315 2703 4368 Canv.
