3000 4784
813 236 1004 301 LIB.
1053 235 1179 301 IX.
1247 234 1468 301 CAP.
1516 242 1621 301 41.
2134 241 2257 307 547

94 371 656 457 argentariarum
713 372 798 436 ad
851 371 1061 436 forum
1129 371 1486 436 ornandum
1546 371 2003 437 dividerentur.
2092 372 2255 439 Inde
2279 395 2345 445 U.
2370 396 2428 445 c.
2453 414 2562 457 44⁴·

94 514 96 517 ,
115 471 380 522 natum
400 456 658 521 initium
679 456 914 522 dieitur
933 457 1052 522 fori
1071 457 1342 523 ornandi
1361 459 1442 522 ab
1463 458 1791 536 aedilibuS‚
1815 482 2016 545 quum
2040 470 2254 527 tensae
2278 461 2334 509 A.
2370 462 2431 511 C.
2454 464 2565 522 308-

113 543 559 608 ducerentur.
650 543 740 607 Et
769 544 1047 609 Romani
1081 544 1346 631 quidem
1389 545 1474 609 ad
1517 544 1827 609 honorem
1864 545 2061 609 deum
2099 547 2253 611 insi-

231 630 386 694 ibus
407 630 598 695 armis
620 629 897 695 hostium
915 630 1012 695 usi
1035 642 1210 695 sunt:
1249 630 1584 719 Campani,
1604 632 1684 696 ab
1706 632 2001 719 superbia
2016 644 2083 697 et
2104 633 2252 698 odio
2270 641 2514 717 Samnites

93 764 98 773 .
181 716 562 793 amnitium,
585 716 965 803 gladiatores
985 716 1194 804 (quod
1213 717 1647 804 spectaculum
1662 717 1833 783 inter
1848 717 2067 805 epulas
2088 720 2255 809 erat)
2269 708 2576 769 gladiatores.

93 816 218 867 {eo
253 814 492 885 ornatu
518 816 861 881 armarunt,
897 802 1404 890 Samnitiumque
1441 805 1700 869 nomine
1732 804 2209 893 compellarunt.

231 888 496 953 Eodem
519 912 688 953 anno
709 911 859 953 eum
887 889 1148 977 reliquis
1172 888 1587 955 Etruscorum
1609 891 1692 955 ad
1720 890 2070 970 Perusiam,
2090 915 2255 979 quae

121 988 206 1040 et
241 976 392 1061 ipsa
428 975 818 1040 indutiarum
845 975 1040 1041 fidem
1071 988 1346 1063 ruperat,
1380 975 1615 1041 Fabius
1652 977 1873 1041 consul
1901 999 2022 1043 nec
2060 979 2259 1044 dubia

119 1084 272 1125 nec
329 1061 570 1126 difficili
619 1062 883 1126 victoria
931 1061 1209 1126 dimicat.
1301 1060 1521 1147 Ipsum
1569 1063 1879 1163 oppidum
1935 1064 2115 1149 (nam
2173 1066 2256 1130 ad

119 1146 410 1211 moenia
437 1148 638 1211 victor
681 1146 972 1298 accessilt))
1013 1148 1301 1234 cepisset,
1332 1147 1400 1211 ni
1445 1148 1640 1235 legati
1680 1147 1991 1213 dedentes
2029 1152 2255 1215 urbem

119 1234 450 1298 exissent.
539 1233 865 1299 Praesidio
961 1234 1204 1299 erusiae
1249 1234 1565 1320 imposito,
1596 1234 2017 1321 legationibus
2062 1234 2255 1301 Etru-

121 1320 282 1384 riae
344 1319 686 1384 amicitiam
742 1320 1107 1408 petentibus
1164 1342 1316 1408 prae
1367 1342 1434 1385 se
1485 1319 1760 1385 Romam
1820 1318 1903 1385 ad
1960 1334 2253 1387 senatum

121 1406 376 1484 missis,
415 1406 654 1482 consul,
695 1406 1148 1493 praestantiore
1193 1406 1405 1484 etiam,
1438 1428 1631 1493 quam
1673 1406 1961 1483 dictator,
1992 1407 2256 1473 victoria

125 1492 570 1592 triumphans
601 1494 826 1557 urbem
870 1505 966 1557 est
1001 1494 1308 1557 invectus.
1404 1492 1586 1568 Quin
1624 1492 1815 1559 etiam
1860 1493 2255 1561 devictorum

129 1579 538 1643 Samnitium
568 1579 764 1644 decus
791 1601 1024 1665 magna
1051 1601 1136 1644 ex
1162 1592 1342 1666 parte
1371 1578 1456 1643 ad
1482 1578 1745 1666 legatos,
1776 1580 1851 1644 P.
1878 1579 2157 1645 Decium
2188 1594 2253 1646 et

127 1664 242 1729 M.
273 1665 626 1742 Valerium,
659 1678 756 1730 est
792 1687 1080 1729 versum:
1125 1687 1288 1751 quos
1315 1664 1591 1752 populus
1632 1665 1939 1753 proximis
1980 1667 2255 1732 comitiis

125 1751 408 1903 ἓξὲξ
446 1772 774 1851 ‘consensu
831 1749 1158 1815 consulem
1227 1751 1515 1829 alterum,
1576 1751 1847 1817 alterum
1897 1764 2255 1838 praetorem

403 1852 510 1903 vit.

93 1952 116 1999 τ
229 1924 437 1989 Fabio
503 1926 586 1990 ob
644 1926 897 2013 egregie
1045 1924 1382 1992 rdomitam
1452 1926 1776 1992 Etruriam
1846 1927 2255 1993 continuatur
2366 1944 2473 2005 41,

125 2010 548 2089 consulatus3
597 2011 840 2075 Decius
879 1948 1122 2099 coffiga
1156 2012 1358 2076 datur.
1428 2012 1723 2077 Valerius
1814 2026 2023 2077 raetor
2064 2036 2253 2099 quar-
2275 2030 2340 2080 U.
2364 2032 2423 2080 c.
2448 2042 2560 2093 445·

131 2110 289 2161 tum
319 2110 580 2161 creatus·
685 2096 999 2161 Consules
1027 2098 1244 2185 partiti
1324 2098 1668 2162 rovincias:
1800 2098 1994 2163 truria
2022 2099 2249 2176 Decio,
2268 2096 2331 2143 A.
2366 2096 2425 2143 Ο·
2451 2108 2561 2170 397·

137 2182 715 2248 SamniumFabio
744 2182 977 2248 evenit.
1068 2182 1264 2269 Ispro
1289 2196 1468 2247 ectus
1497 2184 1579 2247 ad
1603 2182 1953 2247 Nuceriam
1970 2184 2251 2250 Alfater-
2272 2158 2581 2273 {lfffssssffi

133 2292 322 2347 nam,
375 2283 514 2334 tum
561 2292 786 2357 pacem
836 2280 1150 2356 petenteS,
1198 2269 1376 2356 quod
1424 2270 1522 2333 uti
1574 2290 1669 2345 ea,
1719 2291 1919 2369 quum
1971 2269 2248 2349 daretur,
2270 2282 2581 2339 cionem.

124 2354 520 2434 noluissent,
703 2368 940 2432 mama,
971 2354 1404 2455 oppugnando
1443 2356 1529 2420 ad
1556 2354 1951 2420 deditionem
1978 2356 2245 2457 subegit.

139 2440 328 2507 Cum
351 2440 620 2507 Samniti
665 2464 740 2506 us
769 2442 902 2505 acie
929 2442 1322 2506 dimicatum.
1415 2440 1615 2507 Haud
1644 2464 1877 2529 magno
1904 2455 2248 2508 certamine
2271 2460 2409 2509 Bene
2432 2476 2509 2511 rea

133 2526 362 2593 hostes
401 2528 588 2593 victi:
637 2550 848 2615 neque
895 2528 1032 2592 eius
1073 2550 1326 2615 pugnae
1357 2528 1663 2593 memoria
1704 2528 1939 2592 tradita
1964 2528 2149 2606 foret,
2178 2530 2247 2593 ni
2266 2530 2402 2585 gesta
2423 2541 2535 2574 con-

137 2612 355 2679 Marsi
383 2638 462 2679 eo
490 2615 768 2701 primum
797 2613 1040 2701 proelio
1061 2635 1211 2678 cum
1243 2614 1553 2678 Romanis
1580 2613 1937 2679 bellassent.
2032 2614 2249 2681 Secuti
2266 2594 2343 2636 π
2366 2589 2504 2638 Sam-

138 2699 510 2766 Marsorum
527 2700 951 2766 defectionem
969 2698 1223 2786 Peligni
1239 2700 1513 2765 eandem
1529 2699 1847 2764 fortunam
1863 2700 2243 2767 habueruut.

139 2784 358 2852 Decio
409 2808 666 2887 quoque
713 2786 896 2851 alteri
953 2784 1199 2851 consuli
1249 2786 1532 2850 secunda
1588 2785 1743 2850 belli
1791 2786 2045 2851 fortuna
2088 2802 2242 2853 erat.

139 2872 680 2960 Tarquimensem
721 2885 898 2937 metu
926 2872 1260 2958 subegerat
1286 2872 1679 2938 frumentum
1724 2873 2035 2938 exercitui
2110 2897 2247 2941 rae·
2265 2894 2452 2943 eontra

139 2959 318 3037 bere,
343 2970 536 3046 atque
566 2958 845 3023 indutias
871 2958 942 3022 in
963 2958 1381 3045 quadraginta
1408 2980 1609 3023 annos
1637 2971 1873 3045 petere.
1965 2959 2069 3025 Vo
2124 2961 2247 3026 ini-
2266 2958 2513 3011 Etruscos.

137 3046 397 3109 ensium
425 3044 684 3110 castella
709 3044 956 3131 aliquot
981 3044 1047 3109 vi
1076 3046 1285 3131 cepit:
1335 3044 1651 3133 quaedam
1680 3067 1762 3110 ex
1808 3045 1886 3109 iis
1913 3046 2131 3125 diruit,
2163 3070 2245 3113 ne

139 3130 547 3217 receptaculo
563 3131 851 3197 hostibus
867 3142 1110 3195 essent:
1159 3130 1621 3196 circumferend
1708 3154 1789 3198 ue
1807 3132 2039 3217 passim
2056 3133 2245 3209 belle,

139 3228 398 3281 tantum
427 3228 731 3283 terrorem
753 3217 854 3281 sui
881 3216 1052 3293 fecit,
1076 3229 1150 3281 ut
1177 3237 1414 3280 nomen
1433 3238 1623 3280 omne
1716 3229 1995 3280 truscum
2024 3216 2247 3281 foedus

142 3302 226 3367 ab
261 3302 524 3387 consule
562 3314 828 3389 peteret.
917 3302 1022 3365 Ac
1051 3301 1134 3365 de
1175 3324 1254 3367 eo
1294 3301 1557 3400 quidem
1587 3299 1743 3363 nihil
1792 3300 2201 3387 impetratum
2221 3328 2241 3367 ε

123 3387 432 3455 indutiae
461 3411 710 3455 annuae
755 3389 958 3453 datae.
1055 3386 1456 3473 Stipendium
1488 3385 1799 3450 exercitui
1841 3385 2136 3451 Romano
2165 3389 2243 3453 ab

2266 2652 2408 2701 nites.

213 3612 240 3659 3
277 3599 716 3661 American-iarum]
757 3598 1092 3659 officinarum,
1111 3598 1162 3647 in
1227 3596 1645 3647 cumveherentur.
1679 3610 1811 3661 supr.
1834 3610 1878 3648 v.
1902 3608 1980 3659 41.

143 3663 326 3721 quibus
355 3669 587 3725 argentea
620 3678 736 3711 vasa
767 3664 1084 3723 fabricantur,
1112 3668 1161 3711 et
1293 3674 1320 3723 5
1357 3663 1689 3721 Gladiatores]
1736 3662 1851 3709 Hoc
1885 3662 2097 3723 primum
2134 3664 2243 3713 loco

149 3727 344 3775 venalia
397 3733 631 3788 prostant.
740 3728 934 3775 Harum
1000 3742 1163 3775 rursus
1225 3725 1519 3787 gladiatores
1538 3730 1779 3774 memorat
1801 3725 1983 3775 Livius.
2018 3727 2178 3778 Cauv,

147 3791 448 3839 mentionem
481 3790 602 3838 facit
638 3790 808 3839 Livius
838 3790 971 3839 xxvi.
1006 3803 1081 3851 27.
1112 3796 1162 3838 et
1292 3788 1323 3838 6
1367 3790 1690 3849 Samnitium]
1774 3790 1925 3852 Apud
1990 3790 2245 3841 Romanos

146 3853 214 3901 xl.
240 3866 316 3915 51.
384 3852 520 3903 Libri
547 3854 732 3902 habent
751 3856 1158 3916 arqentor-iorum.
1226 3866 1422 3915 quoque
1464 3853 1559 3901 hoc
1596 3853 1797 3902 nomine
1830 3852 2123 3916 gladiatores
2160 3857 2241 3903 de-

148 3914 246 3965 Sed
289 3918 564 3979 argentarii
599 3922 712 3965 sunt
744 3917 896 3967 iidem
929 3932 992 3965 ac
1031 3934 1160 3967 men-
1226 3916 1555 3979 signabantur.
1591 3916 1766 3967 Horat.
1791 3918 1887 3991 Ep.
1911 3917 1961 3967 ii.
1987 3933 2031 3967 2.
2075 3918 2243 3969 “Οαοτ

145 3981 286 4039 sarii,
317 3996 441 4043 quos
477 3981 553 4029 vel
585 3996 749 4030 servos
779 3980 945 4040 fuisse,
977 3982 1055 4029 vel
1091 3986 1162 4029 ta-
1227 3980 1407 4039 dimur,
1427 3984 1478 4029 et
1499 3981 1707 4029 totidem
1729 3982 1885 4057 plagis
1912 3980 2243 4028 consumimus

147 4042 320 4093 beruas
382 4044 641 4106 splendido
693 4045 936 4107 fulgentes
988 4050 1161 4093 ornatu
1227 4044 1437 4101 hostem,
1479 4045 1616 4093 lento
1660 4045 1905 4093 Samnites
1944 4043 2009 4089 ad
2054 4044 2242 4091 lumina

147 4103 373 4157 habuisse
409 4109 551 4157 nullo
586 4110 736 4157 modo
777 4108 1031 4170 probabile
1073 4114 1162 4157 est.
1229 4108 1388 4169 prima
1406 4107 1626 4157 duello.''
1659 4109 1821 4157 (ἷκεν.

151 4167 272 4219 Ideo
326 4171 510 4234 perlevi
565 4172 837 4221 mutatione
883 4171 1024 4220 iussit
1067 4171 1162 4232 legi
1297 4184 1322 4233 7
1357 4172 1691 4219 Continuam·
1726 4170 2031 4229 somniatus]
2084 4168 2243 4218 Extra

147 4231 374 4284 Muretus
391 4238 806 4297 &fferam-iarum.
840 4236 1004 4285 Casv,
1225 4235 1464 4292 ordinem,
1507 4248 1659 4297 quum
1712 4232 1915 4290 nemini,
1958 4231 2051 4281 nisi
2094 4234 2240 4281 inter-

213 4314 245 4356 4
275 4301 440 4357 Quum
491 4306 660 4349 emas
711 4301 1036 4358 ducerentur]
1097 4298 1159 4347 In
1225 4297 1396 4359 positis
1426 4298 1597 4346 decem
1632 4296 1789 4355 annis,
1821 4297 2130 4345 consulatum
2168 4313 2238 4347 re—

151 4362 358 4424 pompis‚
369 4377 524 4423 quum
546 4362 805 4411 simulacra
827 4362 1048 4411 Deorum
1071 4361 1162 4409 eir-
1225 4366 1392 4423 petere
1416 4361 1523 4421 lege
1544 4361 1729 4407 liceret.
1748 4414 1755 4421 ⁵
1773 4358 1834 4409 cf.
1856 4374 1987 4422 supr.
2012 4360 2091 4409 vii.
2107 4376 2185 4421 42.

1714 4427 1905 4485 Νῐι2
