3000 4784
350 378 423 429 U.
444 376 504 427 C.
527 388 641 437 443.

351 444 417 493 A.
448 440 509 491 C.
534 454 645 504 309·

356 549 623 602 Duumviri

357 616 559 689 navales

356 685 525 729 creati.

361 974 613 1027 Tibicines

362 1043 563 1091 abeunt.

370 1910 636 1961 3010111111-

368 1982 450 2024 tur
472 1976 573 2024 Ro-

1446 212 1678 287 ΤΙΤΙ
1735 212 1913 281 LIV
1930 213 2012 281 II

678 370 887 433 antea,
916 376 1223 443 perquam
1338 352 1473 418 ucis
1509 352 1807 440 suffragio
1840 350 2064 439 populi
2101 350 2342 415 relictis
2381 350 2576 429 locis,
2611 350 2808 415 dian-

686 458 895 509 torum
938 454 1007 507 et
1050 463 1171 505 con
1272 462 1383 505 um
1421 439 1622 505 ferme
1655 438 1910 503 fuerant
1953 437 2280 503 beneficia.
2375 436 2642 502 Tulere
2675 458 2814 501 enm

684 529 1077 617 rogationem
1100 526 1341 591 tribuni
1362 525 1576 613 plebei
1605 524 1684 589 L.
1700 524 1960 601 Atilius,
1987 522 2066 589 C.
2089 522 2394 588 Marcius.
2477 524 2812 597 Alterum,

685 627 761 681 ut
788 612 1156 679 duumviros
1184 612 1437 679 navales
1464 611 1677 677 classis
1709 610 2032 675 ornandae
2061 610 2596 697 reficiendaeque
2625 630 2816 674 eamn
2829 624 2855 671 s

684 702 857 767 idem
888 698 1163 787 populus
1195 699 1461 763 iuberet.
1553 697 1752 763 Lator
1789 696 1980 763 huius
2017 695 2336 784 plebisciti
2371 696 2508 761 fuit
2547 696 2656 761 M.
2681 696 2817 761 De-

686 788 823 853 cius
850 786 1143 851 tribunus
1170 784 1392 871 plebis.

778 871 1085 937 Eiusdem
1128 871 1281 936 anni
1320 892 1457 935 rem
1494 871 1678 935 dictu
1715 892 1973 957 parvam
2010 870 2452 957 praeterirem,
2485 870 2564 933 ni
2599 869 2694 934 ad
2717 891 2816 934 re-

690 960 993 1047 ligionem
1033 957 1167 1022 visa
1206 970 1373 1022 esset
1413 956 1748 1043 pertinere.
1841 956 2192 1034 Tibicines‚
2221 956 2378 1042 quia
2415 955 2742 1042 prohibiti
2779 978 2818 1019 a
2831 978 2860 1026 9

690 1044 997 1134 proximis
1042 1044 1409 1109 censoribus
1456 1056 1637 1107 erant
1683 1043 1754 1106 in
1799 1042 1958 1107 aede
2007 1041 2178 1107 Iovis
2219 1042 2410 1117 vesci,
2457 1042 2654 1129 quod
2697 1056 2819 1107 tra-

693 1133 903 1197 ditum
968 1130 1103 1195 anti
1150 1131 1320 1194 uitus
1378 1142 1534 1207 erat,
1593 1150 1780 1215 aegre
1839 1129 2024 1215 passi,
2087 1128 2293 1195 Tibur
2349 1150 2493 1192 11110
2555 1128 2818 1215 agmine

695 1219 1026 1283 abierunt:
1076 1154 1235 1281 11300
1278 1228 1351 1280 ut
1388 1236 1580 1279 nemo
1615 1214 1684 1279 in
1725 1216 1880 1280 urbe
1909 1226 2092 1291 esset,
2125 1214 2239 1301 qui
2265 1214 2608 1279 sacrificiis
2789 1250 2822 1263 ·

696 1306 955 1370 cineret.
1034 1302 1193 1367 Eius
1220 1301 1314 1366 rei
1340 1300 1566 1387 religio
1595 1302 1804 1366 tenuit
1831 1314 2159 1378 senatum3
2191 1300 2212 1364 l
2332 1314 2576 1387 tosque
2611 1238 2820 1366 'filant

696 1392 1026 1468 miserunt,
1058 1402 1130 1453 ut
1159 1388 1384 1452 darent
1420 1408 1697 1473 operam,
1729 1400 1804 1451 ut
1839 1386 1910 1451 hi
1948 1386 2240 1451 homines
2333 1387 2598 1451 omanis
2637 1388 2820 1452 resti·

698 1490 1045 1543 tuerentur.
1122 1474 1467 1550 Tiburtini,
1500 1472 1776 1559 benigne
1805 1472 2092 1560 polliciti,
2123 1473 2400 1559 primum
2429 1474 2688 1539 accitos
2715 1496 2822 1538 eos

696 1563 769 1627 in
818 1564 1059 1627 curiam
1110 1559 1344 1625 hortati
1390 1571 1560 1636 sunt,
1605 1560 1703 1623 uti
1749 1572 2216 1623 reverterentur
2263 1558 2550 1623 Romam
2573 1584 2594 1624 t
2647 1574 2824 1647 post·

671 226 801 288 534

698 1671 891 1736 quam
928 1646 1193 1797 Rerpelli
1232 1646 1604 1732 nequibant,
1635 1644 1918 1723 consilio,
1947 1645 2124 1709 haud
2161 1644 2550 1709 abhonente
2593 1648 2684 1711 ab
2723 1648 2824 1709 in·

696 1735 901 1821 geniis
977 1734 1283 1809 ominum,
1314 1754 1425 1796 cos
1453 1731 1924 1819 aggrediuntur.
2017 1730 2148 1796 Die
2176 1731 2338 1797 festo
2367 1730 2480 1795 alii
2509 1732 2678 1798 alios
2705 1754 2824 1819 per

696 1820 975 1906 speciem
1021 1817 1544 1885 celebrandarum
1587 1832 1777 1885 cantu
1825 1817 2158 1904 epularum
2200 1818 2498 1895 invitant,
2533 1831 2610 1883 et
2643 1818 2820 1895 vino,
2843 1844 2862 1877 1

697 1906 879 1971 cuius
908 1904 1165 1969 avidum
1194 1902 1393 1970 ferme
1422 1926 1628 1990 genus
1661 1915 1777 1981 est,
1809 1917 2102 1969 oneratos
2134 1904 2431 1991 sopiunt:
2483 1916 2692 1991 atque
2731 1906 2826 1969 ita

698 1992 768 2057 in
798 1992 1077 2079 plaustra
1102 2010 1325 2055 somno
1354 1990 1602 2055 vinctos
1630 1990 2000 2067 coniiciunt,
2024 2012 2098 2054 ac
2123 1988 2399 2055 Romam
2427 1989 2818 2077 deportant:

700 2100 821 2144 nec
866 2078 1043 2166 prius
1086 2098 1360 2154 sensere,
1391 2098 1604 2163 quam,
1645 2076 1941 2164 plaustris
1985 2076 2056 2141 in
2100 2076 2237 2141 foro
2284 2075 2544 2154 relictis,
2637 2077 2824 2142 lenos

700 2165 994 2255 crapulae
1026 2186 1134 2229 eos
1162 2162 1277 2227 lux
1306 2163 1634 2250 oppressit.
1726 2162 1916 2227 Tunc
1944 2184 2285 2227 concursus
2323 2161 2552 2250 populi
2767 2186 2824 2242 s,

700 2253 1189 2339 impetratoque,
1224 2264 1299 2315 ut
1342 2262 1696 2327 manerent,
1731 2247 1975 2327 datum,-
2017 2262 2092 2313 ut
2136 2248 2422 2313 triduum
2459 2252 2824 2348 quota-nnis
2839 2274 2867 2309 2

702 2339 929 2416 ornati,
966 2360 1115 2401 cum
1158 2350 1352 2401 cantu
1394 2348 1587 2422 atque
1631 2335 1770 2413 hac,
1801 2358 1967 2421 quae
2011 2356 2186 2399 1111110
2227 2334 2533 2400 sollenms
2575 2348 2700 2413 est,
2739 2336 2823 2399 li-

700 2424 915 2489 centia
980 2446 1101 2523 per
1168 2423 1391 2487 urbem
1448 2432 1867 2508 vagarentur=
1943 2422 2436 2508 restitutumque
2503 2421 2579 2485 in
2653 2422 2822 2487 aede

699 2509 1001 2576 vescendl
1064 2510 1163 2574 ius
1228 2508 1324 2587 iis,
1385 2508 1499 2595 qui
1563 2507 1752 2572 sacris
1815 2508 2273 2595 praecinerent.
2395 2506 2584 2573 Haec
2645 2510 2824 2575 inter

700 2595 975 2662 duorum
1003 2595 1361 2683 ingentium
1388 2594 1703 2659 bellorum
1730 2616 1946 2657 curam
1975 2596 2372 2681 gerebantur.

794 2681 1109 2749 Consules
1159 2682 1327 2746 inter
1375 2703 1442 2745 se
1492 2679 1849 2768 provincias
1897 2682 2156 2767 partiti3
2221 2680 2410 2749 Iunio
2465 2678 2820 2760 Samnites

706 2769 986 2835 Aemilio
1015 2790 1253 2833 novum
1282 2766 1522 2831 bellum
1552 2765 1812 2830 Etruria
1848 2780 2015 2831 sorte
2056 2767 2331 2831 obvenit.
2422 2766 2506 2831 In
2548 2765 2820 2833 Samnio

650 2880 663 2894 ·
708 2853 1026 2932 Cluviam,
1114 2852 1455 2917 raesidium
1503 2852 1888 2929 Romanum,
1925 2852 2078 2939 quia
2119 2852 2494 2940 nequiverat
2535 2854 2604 2918 vi
2649 2856 2816 2942 capi,
2835 2876 2864 2925 3

702 2940 1023 3003 obsessum
1079 2960 1219 3001 ame
1249 2938 1319 3003 in
1348 2937 1743 3003 deditionem
1773 2952 2151 3025 acceperant
2171 2938 2508 3015 Samnites,
2527 2941 2818 3007 verberi-

702 3026 949 3111 busque
999 3022 1261 3088 focdum
1312 3023 1382 3087 in
1440 3024 1702 3088 modum
1761 3024 2063 3088 laceratos
2119 3024 2488 3090 occiderant
2535 3025 2814 3092 deditos.

706 3109 882 3176 Huic
922 3108 1204 3174 infensus
1243 3109 1606 3176 crudelitati
1635 3109 1878 3187 IuniuS,
1909 3109 2073 3174 nihil
2110 3110 2435 3197 antiquius
2475 3134 2820 3213 oppugna·

705 3198 879 3263 tione
908 3195 1225 3262 Cluviana
1251 3208 1442 3274 ratus,
1468 3219 1598 3282 quo
1621 3196 1724 3259 die
1755 3218 2084 3295 aggressus
2103 3210 2202 3261 est
2229 3197 2502 3274 moenia,
2525 3222 2594 3263 vi
2617 3200 2815 3301 cepit,

705 3302 897 3373 atque
958 3305 1179 3351 omnes
1244 3283 1516 3375 puberes
1575 3282 1908 3349 interfecit.
2011 3282 2174 3349 Inde
2233 3282 2434 3349 victor
2491 3298 2818 3351 exercitus

702 3519 897 3562 tantum
920 3529 951 3562 a
972 3515 1159 3575 populo
1182 3511 1333 3562 creati
1352 3518 1522 3572 erant3
1545 3512 1627 3561 hic
1649 3529 1720 3563 se-

1857 3528 1877 3562 1
1909 3516 2320 3565 Celebrandamm
2340 3520 2494 3565 cantu
2513 3515 2808 3577 epulas-un]

702 3578 881 3635 decim,
904 3578 975 3626 ita
1004 3583 1059 3625 ut
1088 3582 1201 3625 octo
1227 3584 1419 3625 tantum
1444 3576 1724 3625 consulibus

1785 3578 2071 3640 Epulonem
2091 3594 2242 3627 causa
2274 3578 2326 3626 in
2353 3579 2482 3639 plur.
2505 3578 2622 3626 edd.
2645 3592 2810 3627 000111·

702 3646 790 3687 aut
832 3640 1151 3690 dictatoribus
1193 3641 1437 3703 deligendi
1480 3642 1721 3703 relinque·

668 3744 677 3751 .
700 3707 883 3755 rentur.
921 3705 1037 3754 Vid.
1056 3708 1157 3754 not.
1180 3706 1245 3753 ad
1268 3706 1433 3753 locum
1454 3720 1603 3767 supra
1622 3720 1722 3754 me·

700 3772 963 3815 moratum.
996 3768 1157 3818 Casv.

767 3830 798 3877 8
828 3830 1133 3879 Duumvt’ros
1158 3832 1384 3892 navales]
1435 3834 1722 3882 Nauarchis

702 3892 956 3955 Spartanis
996 3894 1131 3941 haud
1162 3892 1426 3955 absimiles,
1456 3896 1540 3958 qui
1580 3895 1720 3945 classi

702 3957 907 4015 coloniis
922 3956 1179 4011 maritimis
1198 3956 1469 4020 imperatae
1488 3960 1720 4023 praefice-

700 4028 883 4072 rentur.
919 4022 1126 4071 Niebhr.
1148 4020 1215 4075 iii.
1240 4036 1289 4084 p.
1316 4024 1423 4076 282.

761 4100 797 4149 9
831 4088 1095 4147 Tibicines]
1136 4086 1209 4135 Hi
1230 4086 1428 4148 quidem
1448 4086 1721 4149 antiquitus

698 4148 827 4197 inter
842 4150 1050 4199 aerarios
1071 4152 1469 4211 numerabantur,
1490 4153 1622 4199 unde
1641 4168 1719 4201 ve-

698 4211 897 4261 risimile
927 4219 1001 4261 est
1033 4214 1084 4261 in
1116 4214 1209 4262 hac
1238 4229 1291 4261 re
1314 4214 1466 4262 latere
1488 4215 1718 4263 imminu-

1785 3640 1866 3701 rit,
1889 3643 1972 3691 sed
1991 3642 2204 3691 delenda
2221 3642 2401 3690 ultima
2417 3656 2516 3689 vox
2529 3657 2688 3690 eam
2707 3642 2810 3695 he.

1787 3704 2039 3754 Gronov-io
2057 3706 2266 3765 videtur,
2276 3712 2329 3754 et
2342 3705 2542 3767 quidem
2555 3720 2674 3754 enm
2688 3705 2808 3755 omi-

1785 3769 1850 3817 sit
1872 3769 2086 3818 Bekker.

1851 3847 1880 3881 a
1916 3832 2214 3893 Quotaemm‘s]
2257 3832 2432 3881 Idibus
2453 3832 2610 3891 Iunii.
2629 3831 2684 3881 in
2705 3832 2806 3893 qni-

1784 3898 1876 3945 bus
1896 3896 2072 3946 festum
2098 3898 2432 3959 Quinquatria
2459 3898 2660 3946 ninom
2683 3898 2806 3947 cele-

1785 3962 2030 4009 brabatur.
2065 3960 2160 4010 Ov.
2184 3960 2318 4010 Fast.
2343 3960 2404 4009 vi.
2427 3958 2541 4021 651.

1851 4039 1880 4087 3
1914 4026 2158 4084 Cluviani,
2173 4026 2476 4086 praesidium
2495 4024 2800 4085 Βοααπωι]

1784 4088 2018 4139 Cluviam
2043 4088 2214 4137 urbem
2241 4104 2272 4137 a
2299 4087 2541 4137 Romanis
2567 4088 2804 4137 militibus

1784 4152 2048 4201 defensam.
2093 4154 2410 4201 Praesidium
2429 4150 2530 4211 hic,
2546 4156 2606 4201 ut
2621 4158 2676 4201 et
2689 4152 2802 4201 alibi

1783 4214 1995 4277 saepius,
2015 4216 2224 4264 sumitur
2255 4230 2344 4277 pro
2375 4216 2485 4263 loco
2512 4230 2666 4277 quem
2695 4216 2802 4265 insi·

696 4274 879 4321 tionem
920 4276 1166 4335 quandam
1204 4276 1321 4325 iuris
1358 4276 1533 4339 civilis,
1566 4293 1714 4349 quam
1779 4280 1900 4327 dent
1925 4278 2125 4341 milites,
2149 4294 2248 4330 11011
2281 4294 2372 4343 pro
2397 4278 2642 4330 milit-ibus
2673 4279 2800 4344 ipsis.

693 4334 769 4392 illi
788 4336 1181 4399 indignabantur,

1779 4342 1941 4400 cm.

2885 5 2951 440 1,

2934 447 2963 836 5

2956 847 2967 1022 i

2960 1057 2973 1167 {
