3000 4784
846 197 1037 267 LIB.
1084 200 1207 269 ΠΙ.
1276 199 1498 268 OAP.
1547 208 1650 271 69.
2172 208 2300 275 219

198 346 224 377 6
240 339 315 402 in
359 339 503 403 foro
544 340 779 405 vivite:
834 341 1125 426 sequitur
1165 362 1281 405 vos
1328 341 1667 405 necessitas
1717 338 2054 417 militandi,
2103 361 2298 443 quam
2318 360 2386 410 U.
2409 360 2468 410 G.
2493 375 2604 426 309·

198 434 223 461 ‘
242 426 483 513 fugitis.
578 426 791 491 Grave
850 440 987 491 erat
1048 428 1121 491 iu
1172 428 1437 515 Aequos
1492 440 1562 492 et
1611 426 1876 492 Volscos
1931 428 2246 515 proficisci
2266 430 2296 493 Ρ
2315 426 2378 474 A.
2409 426 2470 475 0·
2493 440 2607 488 443·

200 521 222 549 6
242 512 427 577 Ante
470 526 685 600 portas
728 526 825 579 est
864 513 1144 578 bellum:
1206 515 1258 578 si
1302 513 1451 578 inde
1496 538 1629 579 non
1663 514 1940 601 pellitur,
1972 514 2098 578 iam
2128 515 2298 580 intra

198 610 220 637 ‘
240 599 505 664 moenia
532 600 671 678 erit,
703 613 770 665 et
798 622 1005 665 arcem
1035 613 1103 665 et
1136 599 1527 687 Capitolium
1557 601 1837 678 scandet,
1869 615 1936 666 et
1969 602 2038 665 in
2073 601 2296 667 domos
2327 616 2336 625 ‘

195 694 217 723 ‘
238 701 487 751 vestras
522 710 635 751 vos
664 700 1098 773 persequetur.
1191 688 1467 753 Biennio
1504 699 1650 752 ante
1687 702 1944 752 senatus
1975 687 2296 753 delectum

193 781 214 811 ‘
238 772 492 850 haberi,
532 786 597 838 et
638 774 824 838 educi
867 775 1218 839 exercitum
1260 775 1330 838 in
1375 774 1684 861 Algidum
1731 774 1946 839 iussit:
2002 774 2296 840 sedemus

192 868 213 897 ‘
234 859 505 923 desides
534 860 726 937 domi,
757 860 1093 925 mulierum
1130 862 1257 924 ritu
1290 863 1460 926 inter
1491 883 1610 925 nos
1649 861 2062 937 altercantes3
2113 884 2295 962 prae-

191 956 213 985 ‘
234 947 415 1010 senti
445 968 600 1034 pace
629 947 797 1024 laeti,
822 970 942 1012 nec
972 961 1322 1024 cernenteS,
1347 972 1429 1012 ex
1452 949 1584 1013 otio
1613 948 1724 1012 illo
1752 949 1929 1012 brevi
1957 947 2292 1036 multiplex

190 1043 211 1071 ‘
233 1032 491 1097 bellum
520 1034 889 1124 rediturum.
984 1033 1107 1098 His
1136 1058 1255 1121 ego
1283 1035 1559 1135 gratiora
1585 1034 1762 1099 dictu
1796 1034 1920 1099 alia
1953 1058 2087 1099 esse
2121 1035 2294 1100 scios

188 1129 211 1157 ‘
232 1119 360 1183 sed
402 1118 507 1184 me
548 1143 697 1185 vera
740 1144 855 1208 pro
901 1120 1090 1207 gratis
1136 1120 1331 1207 loqur,
1370 1122 1486 1185 etsi
1535 1143 1747 1185 meum
1794 1121 2122 1208 ingenium
2161 1144 2294 1187 nou

186 1216 209 1245 ‘
232 1220 561 1284 moneret,
592 1208 925 1272 necessitas
954 1208 1139 1295 cogit.
1206 1208 1459 1273 Vellem
1490 1207 1791 1293 equidem
1817 1207 1996 1271 vobis
2018 1206 2291 1307 placere,

186 1302 209 1332 ‘
240 1293 582 1370 Quirites3
636 1294 749 1358 sed
796 1293 999 1359 multo
1044 1295 1211 1358 malo
1258 1318 1368 1358 vos
1414 1294 1614 1357 salvos
1662 1316 1815 1369 esse,
1867 1292 2294 1380 qualicunque

184 1390 209 1417 ‘
232 1402 399 1467 erga
430 1403 533 1444 me
564 1380 775 1445 animo
803 1382 997 1445 futuri
1034 1382 1198 1445 estis.
1293 1380 1544 1444 Natura
1577 1380 1698 1443 hoc
1739 1380 1829 1443 ita
1865 1391 2294 1466 comparatum

184 1476 210 1505 6
232 1482 363 1545 est,
394 1479 490 1544 ut,
524 1468 634 1553 qui
666 1467 835 1555 apud
865 1467 1341 1531 multitudinem
1370 1490 1485 1531 sua
1513 1489 1700 1531 causa
1728 1466 2026 1553 loquitur,
2059 1466 2298 1553 gratior

184 1562 207 1591 ‘
233 1577 327 1618 eo
372 1554 477 1631 sit,
526 1555 705 1618 cuius
752 1576 931 1618 mens
976 1554 1156 1631 nihil,
1204 1567 1454 1642 praeter
1498 1553 1820 1640 publicum
1868 1552 2294 1631 commodum,

187 1649 208 1679 ‘
232 1641 462 1704 videt:
496 1642 618 1705 nisi
644 1640 805 1705 forte
837 1653 1251 1705 assentatores
1278 1640 1584 1728 publicoS,
1609 1639 1948 1726 plebicolas
1978 1640 2146 1715 istos,
2179 1640 2294 1726 qui

186 1736 209 1765 ‘
232 1750 359 1791 vos
390 1750 512 1791 nec
540 1727 609 1791 in
640 1728 827 1792 armis
866 1750 985 1791 nec
1024 1728 1094 1791 in
1135 1728 1265 1792 otio
1298 1750 1435 1792 esse
1468 1728 1706 1804 sinunt,
1736 1740 1944 1791 vestra
1967 1749 2080 1791 vos
2109 1750 2298 1792 causa

184 1824 209 1851 ‘
234 1815 517 1878 incitare
562 1828 629 1878 et
670 1814 991 1878 stimulare
1034 1815 1284 1902 putatis.
1381 1813 1724 1891 Concitati,
1756 1826 1866 1877 aut
1907 1813 2152 1891 honori,
2185 1827 2297 1877 aut

132 1924 166 1972 3
188 1910 213 1939 ‘
238 1901 545 1987 quaestui
578 1900 703 1965 illis
738 1902 925 1966 estis:
976 1914 1045 1965 et
1079 1902 1231 1987 quia
1267 1901 1337 1966 in
1384 1900 1722 1966 concordia
1757 1900 2052 1965 ordinum
2087 1900 2298 1965 nullos

189 1998 213 2026 ‘
238 2010 315 2051 se
354 2008 625 2073 usquam
670 2010 804 2053 esse
842 1987 1083 2065 vident,
1124 1988 1325 2053 malae
1366 1988 1459 2052 rei
1507 2010 1592 2065 se,
1632 2010 1824 2074 quam
1871 1986 2124 2064 nulliuS,
2163 2001 2298 2051 tm·-

188 2084 213 2114 ‘
238 2076 477 2138 barum
506 2097 579 2139 ac
607 2074 1012 2151 seditionum,
1044 2074 1237 2139 duces
1266 2096 1401 2139 esse
1429 2073 1670 2139 volunt.
1767 2074 2054 2147 Quarum
2083 2096 2296 2138 rerum

191 2170 215 2199 ‘
239 2162 303 2225 si
342 2182 457 2224 vos
498 2161 777 2225 taedium
822 2160 1081 2225 tandem
1125 2183 1349 2248 capere
1384 2172 1611 2247 potest,
1644 2172 1711 2224 et
1747 2173 2000 2246 patrum
2028 2172 2298 2224 vestros-

191 2258 217 2287 ‘
242 2270 381 2334 que
430 2248 725 2334 antiquos
772 2270 977 2311 mores
1022 2247 1211 2311 vultis
1257 2270 1373 2335 pro
1422 2246 1523 2311 his
1573 2246 1756 2310 novis
1805 2268 2074 2323 sumere,
2120 2246 2298 2311 nulla

192 2344 216 2373 ‘
240 2332 564 2420 supplicia
590 2356 845 2410 recuso3
892 2334 1013 2398 nisi
1042 2335 1259 2421 paucis
1288 2334 1514 2399 diebus
1541 2332 1660 2397 hos
1685 2332 2086 2419 populatores
2115 2354 2296 2419 agro-

193 2431 218 2461 ‘
242 2444 395 2484 rum
426 2434 779 2485 nostrorum
808 2420 978 2484 fusos
1004 2423 1379 2507 fugatosque
1410 2420 1628 2483 castris
1658 2442 1913 2495 exuero,
1937 2432 2004 2483 et
2031 2440 2070 2482 a
2095 2419 2296 2505 portis

194 2517 222 2547 ‘
242 2507 485 2571 nostris
514 2508 971 2593 moenibusque
1001 2507 1083 2569 ad
1112 2506 1363 2569 illorum
1386 2506 1574 2571 urbes
1595 2504 1768 2569 hunc
1789 2504 1941 2570 belli
1971 2517 2293 2582 terrorem,

199 2604 221 2635 ‘
246 2617 387 2680 quo
414 2615 587 2658 nunc
612 2614 726 2658 vos
754 2592 1007 2659 attoniti
1036 2593 1203 2671 estiS,
1235 2589 1651 2656 transtuler0.’

298 2680 475 2744 Raro
502 2680 655 2744 alias
682 2680 920 2746 tribuni
948 2702 1035 2767 po
1079 2678 1269 2744 ularis
1304 2678 1504 2743 oratio
1539 2678 1856 2764 acceptior
1879 2677 2072 2765 plebi,
2103 2700 2296 2764 quam
2411 2682 2514 2745 69.

201 2782 367 2832 tunc
424 2768 797 2831 severissimi
854 2702 1145 2843 confingis,
1198 2766 1338 2831 fuit.
1451 2764 1756 2830 Iuventus
1806 2786 2083 2851 quoque,
2133 2787 2296 2851 quae

196 2856 381 2918 inter
414 2853 571 2917 tales
604 2868 811 2917 metus
838 2853 1361 2918 detrectationem
1389 2852 1652 2917 militiae
1687 2851 1888 2916 telum
1923 2852 2298 2917 acerrimum

198 2941 507 3005 adversus
549 2940 771 3005 Patres
813 2941 1045 3005 habere
1089 2940 1273 3004 solita
1312 2952 1465 3017 erat,
1513 2962 1687 3004 arma
1732 2953 1798 3003 et
1839 2938 2077 3003 bellum
2120 2960 2299 3026 spee-

202 3027 426 3091 tabat:
474 3042 541 3091 et
564 3028 915 3113 agrestium
954 3028 1137 3114 fuga,
1164 3027 1540 3115 spoliatique
1571 3027 1640 3090 in
1679 3026 1843 3113 agris
1872 3039 1937 3090 et
1965 3026 2294 3103 vulnerati,

198 3113 493 3178 foediora
534 3113 629 3191 iis,
669 3136 830 3199 quae
874 3114 1368 3178 subiiciebantur
1410 3113 1627 3189 oculi8,
1667 3113 2050 3190 nuntianteS,
2097 3125 2296 3177 totam

199 3202 436 3263 urbem
465 3201 559 3263 ira
586 3199 945 3286 implevere.
1024 3199 1103 3263 In
1131 3214 1424 3265 senatum
1453 3200 1564 3264 ubi
1593 3212 1854 3263 ventum
1883 3210 1998 3274 est,
2029 3198 2119 3262 ibi
2145 3220 2298 3261 vero
2315 3200 2618 3288 Congesta&

202 3288 280 3351 iu
345 3286 726 3361 Quinctium
788 3308 1009 3351 omnes
1070 3288 1253 3365 versi,
1315 3300 1389 3350 ut
1456 3307 1658 3349 unum
1721 3284 2038 3348 vindicem
2103 3279 2449 3354 maie-¹¹².T·
2465 3281 2624 3338 Quin-

201 3374 391 3438 statis
436 3373 761 3437 Romanae
820 3374 1090 3449 intueri3
1169 3386 1237 3437 et
1292 3373 1598 3459 primores
1641 3371 1905 3435 Patrum
1965 3379 1986 3409 ‘
2003 3370 2264 3458 dignam
2281 3372 2298 3402 '
2315 3348 2500 3459 ffiffiss&

202 3461 425 3524 dicere
478 3468 499 3497 ‘
520 3460 889 3524 concionem
932 3459 1199 3547 imperio
1243 3457 1575 3535 consulari,
1624 3458 1882 3544 dignam
1927 3470 2024 3522 tot
2072 3480 2296 3523 consu-

206 3557 231 3586 ‘
254 3546 487 3611 latibus
516 3560 663 3611 ante
694 3547 867 3623 actis,
891 3546 1151 3633 dignam
1172 3547 1303 3609 vita
1330 3544 1527 3621 omni,
1551 3545 1740 3631 plena
1756 3544 2081 3609 ‘honorum
2109 3568 2296 3633 saepe

208 3645 229 3673 6
252 3648 597 3721 gestorum,
650 3656 753 3697 sae
799 3634 897 3697 ius
948 3635 1334 3698 meritorum.
1428 3630 1612 3695 Alios
1671 3630 1960 3695 consules
2017 3645 2128 3696 aut
2183 3654 2300 3719 per

206 3731 233 3759 ‘
253 3720 682 3807 proditionem
766 3720 1046 3807 1gnitatis
1076 3717 1339 3783 Patrum
1379 3718 1552 3805 plebi
1589 3718 1892 3795 adulatOS,
1925 3731 2035 3783 aut
2073 3721 2296 3785 acerbe

210 3818 233 3847 ‘
254 3806 495 3873 tuendo
554 3807 693 3871 iura
736 3806 974 3871 ordinis
1026 3806 1402 3893 asperiorem
1450 3805 1768 3870 domando
1820 3806 2296 3872 multitudinem

210 3904 232 3933 ‘
251 3894 515 3958 fecisse:
593 3893 669 3957 T.
710 3892 1087 3969 Quinctium
1146 3894 1495 3957 orationem
1553 3916 1898 3959 memorem
1956 3894 2296 3958 maiestatis

210 3992 232 4020 6
252 3981 541 4059 Patrum,
572 3980 1071 4067 concordiaeque
1112 3980 1425 4058 ordinum,
1458 3992 1524 4046 et
1566 3992 1922 4067 temporum
1965 3981 2034 4043 in
2077 3980 2296 4067 primis

212 4079 231 4107 ‘
252 4067 564 4131 habuisse.
660 4066 857 4133 Orare
898 4090 1049 4131 eum
1086 4067 1541 4154 collegamque,
1579 4080 1654 4131 ut
1695 4081 2092 4154 capesserent
2129 4089 2296 4131 rem-

278 4306 307 4352 3
340 4293 518 4339 Nullos
536 4308 587 4339 sa
609 4327 621 4339 .
646 4327 658 4339 .
683 4327 695 4339 .
720 4326 733 4339 .
749 4306 849 4340 esse
869 4290 1059 4348 vident]
1092 4290 1215 4338 Nul-
1280 4286 1479 4337 stimari.
1509 4288 1568 4337 cf.
1585 4288 1694 4335 infr.
1719 4287 1780 4335 vi.
1811 4288 1886 4343 18,
1905 4286 2074 4333 nullus
2094 4292 2294 4346 repente

208 4357 311 4405 lam
346 4355 442 4403 vim
476 4355 671 4415 habere,
692 4354 817 4403 nihil
850 4354 1011 4402 valere
1034 4353 1111 4401 vel
1139 4368 1217 4402 ae-
1270 4354 1379 4413 fun',
1400 4352 1449 4400 h.
1464 4366 1506 4401 e.
1531 4350 1652 4400 nihil
1673 4350 1744 4399 fui
1769 4350 1846 4397 vel
1869 4347 2022 4409 potui.
2059 4348 2188 4397 Bur.
