3000 4784
658 215 666 220 ·
714 196 840 256 594
1478 187 1702 254 ΤΙΤΙ
1763 187 2035 254 LlVII

394 339 463 387 U.
486 338 546 388 c.
570 341 680 398 458.
719 326 1021 390 meritatis
1057 325 1235 404 facit)
1260 329 1475 389 'castra
1515 325 1807 389 Romana
1845 345 2228 412 oppugnare.
2319 322 2408 388 Et
2486 345 2819 409 uanquam

392 405 453 452 A.
488 403 548 452 C.
572 417 680 467 294-
718 436 849 478 non
878 413 1053 478 venit
1080 412 1162 476 ad
1190 412 1385 476 finem
1422 427 1548 476 tam
1591 411 1798 476 audax
1839 411 2182 498 inceptum,
2215 425 2427 474 tamen
2515 409 2650 473 aud
2679 431 2816 474 om-

494 1387 596 1447 33.

718 501 875 564 nino
901 521 1136 564 vanum
1163 499 1301 563 fuit.
1380 497 1637 564 Nebula
1663 513 1800 562 erat
1827 497 1910 562 ad
1939 496 2208 562 multum
2238 496 2366 560 diei
2397 495 2603 562 densa
2630 497 2814 571 adeo,

720 600 793 650 ut
832 585 987 649 lucis
1030 607 1213 648 usum
1254 585 1544 673 eriperet,
1575 607 1708 649 non
1752 595 2088 672 prospectu
2133 583 2324 648 modo
2361 597 2550 648 extra
2576 583 2814 647 vallum

720 671 1035 758 adempte,
1090 671 1201 736 sed
1256 672 1618 758 propinquo
1672 671 1862 736 etiam
1913 669 2460 756 congredientium
2515 669 2696 734 inter
2745 691 2814 733 se

720 769 1080 844 conspectu.
1174 756 1317 822 Hac
1358 757 1536 822 velut
1577 757 1816 822 latebra
1857 757 2225 821 insidiarum
2271 755 2417 820 fneti
2467 754 2814 832 Samnites,

720 843 983 908 vixdum
1010 844 1159 908 satis
1186 857 1357 910 certa
1377 843 1540 922 luce,
1565 857 1632 908 et
1658 867 1798 908 eam
1826 845 2024 930 ipsam
2053 856 2380 930 premente
2409 842 2712 942 caligine,
2735 842 2814 906 ad

720 931 1055 995 stationem
1080 930 1437 996 Romanam
1466 932 1535 994 in
1563 945 1747 1018 porta
1772 930 2050 1016 segniter
2075 943 2370 1017 agentem
2390 929 2646 1078 vffssms
2671 953 2814 1016 per-

722 1017 1004 1082 veniunt.
1095 1017 1443 1119 Improviso
1472 1040 1558 1105 op
1602 1017 1783 1081 ressis
1821 1039 1940 1080 nec
1981 1016 2174 1080 animi
2213 1017 2360 1080 satis
2394 1039 2434 1079 a
2515 1017 2814 1080 resisten-

721 1104 896 1182 dum,
921 1127 1041 1168 nec
1068 1105 1297 1168 vinum
1324 1104 1463 1168 fuit.
1597 1105 1638 1167 b
1668 1115 1843 1190 teigo
1873 1116 2216 1168 castrorum
2245 1103 2606 1167 decumana
2635 1117 2856 1190 porta4
2956 1119 2957 1126 ¹

720 1191 995 1280 impetus
1022 1191 1239 1256 factus·
1330 1190 1558 1276 Itaque
1585 1203 1839 1276 captum
1869 1190 2334 1276 quaestorium:
2381 1205 2812 1276 quaestorque

721 1278 811 1342 ibi
871 1276 946 1342 L.
984 1277 1047 1342 Ο
1094 1278 1278 1341 imius
1336 1277 1546 1342 Pansa
1599 1277 1856 1340 occisus,
1941 1275 2456 1340 -Conclamatum
2513 1275 2676 1342 inde
2735 1276 2812 1340 ad

722 1387 910 1428 arma.
1066 1362 1268 1441 onsul,
1308 1363 1586 1427 tumultu
1631 1363 1894 1439 excitus,
1933 1363 2222 1427 cohortes
2265 1362 2425 1426 duas
2468 1364 2808 1444 sociorum,

723 1451 1049 1516 Lucanam
1094 1449 1614 1537 Suessanamque,
1691 1472 1806 1513 uae
1845 1449 2168 1536 proximae
2208 1449 2367 1512 forte
2408 1461 2616 1525 erant,
2651 1449 2812 1514 tueri

721 1538 1104 1625 praetorium
1146 1537 1360 1601 iubet:
1416 1471 1770 1623 manipulos
1810 1534 2131 1622 legionum
2178 1534 2516 1622 principali
2557 1536 2668 1600 via
2717 1537 2812 1600 in-
2825 1555 2850 1602 5

720 1625 915 1688 ducit.
1006 1623 1293 1687 Vixdum
1342 1624 1491 1687 satis
1541 1622 1766 1709 aptatis
1811 1622 2018 1699 armiS,
2067 1623 2136 1686 in
2181 1621 2434 1686 ordines
2479 1635 2686 1687 eunt:
2749 1637 2812 1686 et

720 1710 991 1774 clamore
1023 1709 1238 1796 magiS,
1262 1731 1455 1795 quam
1484 1709 1702 1784 oculis,
1733 1709 1980 1774 hostem
2011 1721 2314 1772 noscunt:
2357 1730 2498 1784 nec,
2531 1723 2810 1794 quantus

719 1817 1021 1859 numerus
1057 1795 1157 1871 sit,
1186 1795 1499 1858 aestimari
1545 1807 1768 1880 potest.
1863 1794 2126 1860 Cedunt
2163 1795 2366 1882 primo
2411 1794 2644 1860 incerti
2691 1795 2810 1861 for-

718 1894 911 1946 tunae
942 1903 1109 1958 suae,
1139 1893 1209 1954 et
1246 1879 1491 1945 hostem
1531 1881 1870 1946 introrsum
1900 1881 1968 1944 in
1997 1881 2207 1946 media
2235 1894 2436 1945 castra
2463 1882 2805 1968 accipiunt.

721 1967 882 2032 Inde
923 1989 1123 2054 quum
1164 1966 1383 2031 consul
1416 1967 1882 2046 vociferaretur,
1929 1977 1951 2006 ‘
1971 1967 2300 2054 expulsine
2339 1983 2522 2032 extra
2550 1968 2806 2044 vallum,

722 2063 741 2092 ‘
764 2068 964 2119 castra
998 2053 1235 2118 deinde
1274 2077 1388 2119 sua
1426 2055 1849 2141 oppugnaturi
1887 2055 2132 2132 essent,’
2168 2055 2486 2153 rogitans3
2531 2054 2808 2119 clamore

720 2141 967 2207 sublato
1018 2141 1263 2206 connisi
1306 2140 1512 2228 primo
1559 2141 1893 2206 resistunt:
1959 2140 2192 2206 deinde
2244 2139 2526 2206 mferunt
2575 2141 2808 2229 pedem

720 2243 1096 2317 urgentque,
1145 2242 1211 2292 et
1258 2227 1560 2314 impulsos
1611 2226 1802 2292 semel
1855 2241 2088 2292 terrom
2141 2227 2366 2292 eodem
2411 2242 2632 2314 agunt,
2681 2251 2806 2315 quo

721 2327 1083 2402 coeperunt.
1194 2313 1546 2401 Expellunt
1603 2327 1782 2378 extra
1843 2327 2092 2402 portam
2151 2312 2532 2402 vallumque.
2645 2313 2804 2378 Inde

718 2423 979 2489 pergere
1024 2424 1099 2465 ac
1144 2401 1458 2488 persequi,
1503 2401 1660 2487 quia
1702 2401 1956 2465 turbida
1998 2400 2112 2464 lux
2159 2415 2400 2464 metum
2446 2401 2616 2466 circa
2657 2401 2807 2466 insi-

720 2487 968 2552 diarum
1010 2487 1295 2565 faciebat,
1335 2510 1467 2552 non
1511 2487 1666 2564 ausi,
1706 2487 1983 2552 liberatis
2026 2487 2244 2552 castris
2287 2487 2593 2564 contenti,
2635 2509 2806 2554 rece·

804 2589 953 2640 runt
1009 2597 1075 2639 se
1133 2575 1300 2639 intra
1348 2572 1584 2638 vallum
1643 2574 1938 2639 trecentis
1986 2574 2182 2638 ferme
2233 2573 2510 2638 hostium
2563 2561 2802 2640 occisis.

788 2683 1157 2726 omanorum
1214 2661 1499 2725 stationis
1551 2660 1789 2746 primae
1841 2658 2230 2747 vigilumque
2283 2673 2348 2724 et
2398 2682 2640 2738 eorum,
2695 2662 2806 2748 qui

718 2747 883 2812 circa
904 2748 1328 2846 quaestorium
1360 2747 1658 2835 oppressi,
1681 2746 1924 2833 periere
1955 2745 2038 2810 ad
2063 2747 2498 2834 septingentos
2525 2747 2801 2834 triginta.

806 2833 1077 2897 Animos
1112 2833 1261 2897 inde
1304 2833 1690 2898 Samnitibus
1730 2856 1862 2898 non
1905 2832 2124 2898 infelix
2169 2833 2431 2898 audacia
2474 2835 2696 2911 auxit3
2741 2849 2804 2900 et

718 2941 849 2982 non
878 2919 1069 2982 modo
1096 2919 1373 3005 proferre
1409 2919 1560 2984 inde
1597 2932 1798 2984 castra
1827 2918 2211 2997 Romanum,
2243 2919 2358 2984 sed
2395 2942 2478 2984 ne
2518 2921 2803 3006 pabulari

718 3003 979 3090 quidem
1016 3027 1129 3092 per
1168 3027 1349 3091 agros
1386 3027 1552 3083 ειιοε,
1582 3006 2019 3092 patiebantur:
2067 3019 2233 3071 retro
2258 3006 2332 3070 in
2360 3021 2658 3093 pacatum
2691 3006 2802 3072 So-

718 3113 943 3156 ranum
993 3113 1214 3179 agrum
1272 3091 1669 3179 pabulatores
1719 3093 1912 3157 ibant.
2007 3092 2294 3168 Quarum
2355 3114 2566 3157 rerum
2619 3093 2802 3168 fama,

721 3177 1163 3244 tumultuosior
1190 3179 1401 3256 etiam,
1426 3202 1619 3266 quam
1649 3201 1747 3244 res
1776 3193 1974 3258 erant,
2003 3179 2244 3266 perlata
2273 3178 2566 3256 Romam,
2598 3183 2804 3267 coegit

718 3265 793 3330 L.
828 3265 1225 3330 Postumium
1283 3265 1627 3342 consulem,
1680 3264 1942 3330 vixdum
2001 3265 2300 3344 validum,
2350 3265 2669 3353 proficisci
2723 3290 2802 3332 ex

716 3353 889 3418 urbe.
982 3351 1167 3417 Prius
1212 3364 1442 3430 tamen,
1474 3375 1667 3440 quam
1713 3351 1935 3430 exiret,
1979 3352 2282 3418 militibus
2323 3352 2535 3417 edicto
2583 3351 2798 3418 Soram

712 3439 897 3502 iussis
924 3439 1281 3517 convenire,
1314 3440 1447 3526 ipse
1476 3439 1698 3503 aedem
1729 3438 2072 3517 Victoriae,
2096 3461 2289 3526 quam
2318 3438 2540 3503 aedilis
2567 3440 2840 3504 curulis6

715 3547 796 3588 ex
827 3524 1175 3592 multaticia
1212 3525 1483 3614 pecunia
1515 3524 1865 3592 faciendam
1906 3539 2248 3623 curaverat,
2278 3524 2614 3590 dedicavit.
2706 3525 2798 3592 Ita

775 3767 808 3810 4
828 3752 1115 3800 Decumaema
1130 3755 1301 3814 porta]
1326 3752 1642 3801 Atrei-sissima
1661 3753 1724 3800 ab
1789 3753 2003 3814 legiones
2043 3753 2094 3801 in
2141 3753 2219 3801 via
2259 3753 2522 3816 principali
2565 3755 2794 3803 instruere

712 3815 869 3874 hoste,
902 3815 963 3864 cf.
992 3829 1121 3876 supr.
1160 3814 1227 3864 iii.
1264 3831 1307 3876 5.
1387 3819 1726 3874 Quaestor-ium
1789 3816 1892 3865 sive
1923 3817 1975 3865 in
1999 3817 2192 3866 ordines
2211 3819 2440 3868 inducere
2461 3825 2686 3878 conatur,
2706 3835 2794 3881 quo

713 3879 977 3943 quaestoris
997 3877 1282 3927 tentorium:
1318 3878 1367 3926 in
1391 3878 1484 3927 hoc
1510 3895 1620 3928 vero
1643 3895 1725 3942 pe-
1789 3881 1944 3942 magis
1985 3881 2204 3930 hostibus
2243 3897 2490 3932 accessum
2535 3882 2590 3930 in
2643 3884 2794 3932 medin

714 3945 859 3993 cunia
888 3945 953 3993 ad
986 3942 1229 4005 stipendia
1256 3942 1471 3990 militum
1492 3944 1727 3992 solvenda
1791 3950 1949 3993 castra
1969 3946 2200 3994 obstruat.

712 4011 1057 4058 mervabatur.
1405 4007 1437 4032 ·’
1857 4007 1890 4058 6
1925 4012 2108 4058 Aedem
2156 4010 2408 4068 Victoriae,
2441 4027 2586 4084 qum
2631 4013 2794 4060 aedilis

779 4087 806 4136 5
840 4073 1120 4135 principali
1140 4074 1225 4120 via
1244 4071 1455 4130 inducit]
1503 4070 1554 4120 Si
1576 4073 1724 4120 modo
1787 4075 1975 4125 merulis
1989 4109 2000 4121 .
2017 4110 2030 4122 .
2045 4109 2059 4122 .
2073 4075 2336 4134 dedicavit]
2371 4074 2432 4122 cs.
2450 4089 2482 4122 1.
2499 4090 2576 4136 55.
2645 4077 2793 4138 Supra

705 4139 1003 4200 principalis
1031 4139 1111 4186 via
1150 4136 1321 4184 eadem
1356 4141 1446 4194 est,
1480 4151 1607 4197 quae
1641 4140 1724 4185 via
1789 4135 1932 4210 huius
1953 4137 2374 4212 aedilitatisnuila
2401 4138 2586 4186 mentio
2609 4139 2696 4188 fit:
2729 4147 2791 4188 ent

706 4205 1723 4326 ffffiffimffiffissfflfflfflfi
1786 4201 2790 4338 53:2152201332‘353233252313333552‘521

710 4335 852 4387 ports
884 4329 947 4375 ad
978 4329 1183 4376 alteram
1212 4328 1532 4390 pertingebat,
1552 4329 1721 4399 consul
1788 4328 2001 4390 Oppiae,
2021 4344 2167 4391 quam
2187 4331 2470 4392 abrogatam
2500 4337 2699 4382 tantum
2728 4346 2790 4382 re-
