3000 4784
474 336 535 451 ,οφ

558 351 653 465 ἐξ

438 1102 443 1109 .
482 1018 583 1079 68.

710 198 837 260 218
1476 193 1706 260 ΤῙΤΙ
1757 192 2032 259 LIVII

656 374 669 388 -
712 334 732 365 ‘
754 330 939 395 titulo
978 331 1453 418 aequandarum
1491 331 1730 419 legum,
1767 342 1986 395 nostra
2025 330 2166 395 iura
2207 351 2504 417 oppressa
2541 327 2832 394 tulimus

658 436 673 453 ·
711 422 730 453 ‘
752 430 819 481 et
876 417 1153 482 ferimus,
1266 418 1401 493 Qui
1458 418 1604 483 finis
1663 418 1786 483 erit
1841 417 2344 483 discordiarum?
2451 416 2829 504 Ecquando

711 510 731 539 ‘
752 526 948 569 unam
998 506 1221 570 urbem
1272 505 1526 583 habere,
1587 504 1922 592 ecquando
1980 526 2386 569 communem
2445 503 2608 568 hanc
2669 525 2828 567 effe

711 597 732 626 ‘
751 591 1019 677 patriam
1061 591 1330 657 licebit?
1418 591 1596 656 Victi
1639 614 1756 656 nos
1797 592 2096 679 aequiore
2141 592 2354 656 animo
2397 590 2826 677 quiescimm,

712 682 731 713 ‘
752 699 945 763 quam
995 700 1107 742 vos
1158 677 1441 743 victores·
1539 677 1785 743 Satisne
1845 691 1960 754 est,
2013 678 2198 743 nobis
2257 699 2369 741 vos
2427 676 2828 742 metuendos

709 770 729 799 ‘
750 766 936 828 esse?
1026 763 1351 831 Adversus
1395 788 1514 830 nos
1553 765 1954 829 Aventinum
1999 764 2284 864 capitur:
2347 764 2644 829 adversus
2691 786 2828 829 nos

709 857 729 886 ‘
754 849 947 916 Sacer
974 865 1322 938 occupatur
1350 874 1548 916 mons.
1643 850 1960 939 Esquilias
2035 850 2252 915 uidem
2287 851 2366 915 ab
2395 851 2575 915 hoste
2603 872 2824 937 prope
2847 868 2873 919 7

708 944 728 973 ⁶
748 953 984 1025 captae,
1016 952 1083 1002 et
1110 938 1521 1003 scandentem
1561 939 1632 1001 in
1671 960 1964 1025 aggerem
2053 937 2296 1001 olscum
2329 938 2580 1003 hostem
2613 960 2826 1001 nemo
2843 954 2872 999 8

708 1030 728 1059 ‘
748 1026 1129 1090 summovit:
1187 1026 1255 1089 in
1302 1048 1419 1089 nos
1456 1026 1596 1102 viri,
1636 1026 1706 1089 in
1745 1048 1864 1089 nos
1903 1025 2127 1089 armati
2167 1024 2334 1089 estis.
2425 1024 2822 1111 Agitedum‚

709 1118 729 1149 ‘
750 1112 863 1175 ubi
908 1112 1013 1177 hic
1060 1112 1299 1176 curiam
1348 1111 1895 1188 circumsederitiS‚
1937 1125 2003 1176 et
2041 1111 2249 1175 forum
2295 1110 2596 1175 infestum
2633 1110 2826 1175 fece-

708 1205 729 1235 ‘
748 1199 905 1275 ritis,
954 1212 1021 1264 et
1071 1222 1389 1264 carcerem
1440 1199 1852 1286 impleveritis
1903 1198 2336 1285 principibus;
2391 1196 2618 1261 iisdem
2669 1197 2822 1261 istis

707 1291 727 1322 ‘
746 1286 1061 1351 ferocibus
1118 1287 1347 1351 animis
1404 1285 1784 1373 egredimini
1831 1298 2012 1349 extra
2059 1296 2306 1371 portam
2357 1283 2772 1371 Esquilinam
2795 1308 2816 1347 ε

707 1381 726 1410 ‘
746 1387 877 1450 aut,
926 1374 981 1437 si
1028 1396 1113 1438 ne
1172 1374 1294 1438 hoc
1346 1373 1610 1461 quidem
1667 1372 1936 1448 audetiS,
1985 1394 2068 1436 ex
2129 1370 2326 1435 muris
2375 1371 2560 1435 visite
2619 1392 2818 1459 agros

705 1466 726 1496 ‘
748 1474 984 1525 vestros
1040 1461 1209 1525 ferro
1272 1461 1536 1547 ignique
1595 1471 1887 1536 vastatOS,
1946 1456 2247 1546 praedam
2305 1458 2496 1543 abigi,
2554 1456 2816 1521 fumare

706 1546 1008 1610 ‘incensa
1049 1546 1281 1632 passim
1322 1560 1506 1611 tecta.
1599 1546 1694 1610 At
1737 1548 1910 1611 enim
1955 1544 2308 1610 communis
2351 1566 2452 1609 res
2574 1567 2610 1609 r
2645 1544 2866 1615 haec9

708 1632 889 1696 ‘loco
933 1646 1031 1697 est
1071 1632 1327 1719 peiore:
1376 1656 1528 1720 ager
1571 1633 1792 1710 uritur,
1831 1633 1980 1697 urbs
2023 1630 2366 1707 obsidetur,
2405 1632 2484 1695 be
2533 1632 2558 1694 i
2601 1631 2818 1719 gloria

708 1726 729 1755 ‘
748 1740 945 1805 penes
978 1718 1191 1783 hostes
1223 1732 1337 1783 est.
1435 1718 1614 1793 Quid
1649 1719 1955 1783 tandem?
1996 1717 2278 1804 privatae
2317 1740 2419 1781 res
2446 1730 2698 1783 vestrae
2739 1719 2816 1782 in

708 1812 729 1841 ‘
750 1826 881 1903 quo
910 1816 1079 1868 statu
1106 1806 1305 1870 sunt?
1380 1804 1517 1870 Iam
1549 1806 1894 1893 unicuique
1925 1828 2008 1869 ex
2037 1804 2202 1892 agris
2229 1828 2344 1869 sua
2371 1804 2606 1869 damna
2635 1828 2816 1869 nun-

708 1898 727 1929 ‘
750 1892 1085 1956 tiabantur.
1181 1890 1360 1966 Quid
1406 1904 1506 1956 est
1550 1890 1809 1956 tandem
1853 1891 2049 1968 domi,
2099 1891 2272 1956 unde
2319 1914 2396 1955 ea
2439 1890 2760 1979 expleatis
2782 1892 2814 1955 ’ἓ

709 1986 729 2015 ‘
752 1976 1024 2041 Tribuni
1054 1978 1231 2043 vobis
1270 1977 1497 2042 amissa
1533 1977 1806 2043 reddent
1843 2002 1918 2043 ac
1961 1978 2344 2044 restituent?
2432 1977 2630 2043 Vocis
2663 2002 2813 2044 ver-

709 2072 729 2103 ‘
750 2065 1104 2151 horumque
1165 2078 1474 2151 quantum
1533 2064 1776 2143 voletis,
1831 2066 2144 2153 ingerent,
2203 2077 2272 2129 et
2327 2065 2674 2129 criminum
2737 2067 2812 2129 in

710 2158 729 2189 ‘
794 2150 1087 2239 rincipes‚
1138 2164 1205 2216 et
1254 2151 1467 2239 legum
1520 2152 1786 2217 aliarum
1831 2174 2020 2239 super
2065 2151 2237 2231 alias,
2285 2163 2353 2216 et
2396 2152 2806 2217 concionum.

709 2246 729 2275 ‘
750 2174 885 2302 ¹§ed
918 2260 1001 2303 ex
1040 2238 1167 2303 illis
1204 2238 1616 2303 concionibus
1655 2262 1988 2326 nunquam
2021 2250 2302 2303 vestrum
2336 2238 2676 2339 quisquam
2711 2262 2808 2316 re,
2834 2261 2854 2295 ι

709 2334 729 2363 ‘
750 2324 1023 2402 fortuna,
1056 2325 1319 2390 domum
1348 2324 1594 2389 auctior
1621 2326 1829 2390 rediit.
1923 2324 2163 2412 Ecquis
2198 2324 2418 2390 retulit
2443 2324 2690 2411 ahquid
2717 2326 2810 2389 ad

705 2418 726 2449 ‘
744 2411 1084 2500 coniugem
1127 2436 1200 2478 ac
1238 2412 1469 2477 liberos
1509 2425 1764 2500 praeter
1807 2412 1971 2489 odia,
2009 2412 2410 2489 offensiones,
2447 2411 2807 2476 simultates

705 2508 725 2537 ‘
746 2500 1031 2587 publicas
1060 2500 1512 2587 privatasque?
1555 2522 1596 2564 a
1621 2500 1853 2586 quibus
1887 2520 2138 2586 semper
2169 2522 2304 2564 non
2329 2510 2540 2563 vestra
2565 2498 2806 2563 virtute

704 2595 726 2623 ‘
746 2588 1260 2674 innocentiaque,
1292 2586 1405 2651 sed
1432 2585 1672 2651 auxilio
1701 2586 1910 2651 alieno
1941 2586 2064 2649 tuti
2091 2585 2244 2651 sitis.
2322 2585 2436 2662 At,
2461 2583 2804 2662 Hercule&

706 2682 727 2711 ‘
748 2696 949 2759 quum
992 2674 1327 2761 stipendia,
1366 2673 1550 2738 nobis
1593 2670 1974 2749 consulibua,
2015 2694 2147 2736 non
2192 2671 2464 2737 tribunis
2505 2670 2799 2749 ducibus,
2823 2700 2850 2734 α

706 2769 727 2799 ‘
748 2772 815 2824 et
860 2761 929 2823 in
975 2761 1210 2837 castriS‚
1252 2782 1384 2824 non
1430 2760 1499 2823 in
1544 2759 1702 2836 foro,
1743 2758 2084 2835 faciebatis,
2128 2770 2194 2822 et
2237 2758 2306 2822 in
2353 2757 2488 2823 acie
2517 2770 2805 2823 vestrum

705 2855 726 2883 ‘
746 2845 1086 2910 clamorem
1123 2845 1353 2921 hosteS,
1392 2868 1524 2910 non
1562 2846 1631 2909 in
1672 2846 1978 2910 concione
2009 2845 2230 2911 Patres
2262 2844 2542 2909 Romani
2580 2844 2806 2911 horre-

705 2941 724 2970 ‘
746 2932 919 3006 bant,
951 2932 1189 3018 praeda
1209 2944 1414 3031 parta,
1558 2955 1597 2996 o
1632 2955 1716 2997 ex
1750 2933 1932 2997 hoste
1961 2942 2166 3019 capto,
2197 2930 2372 3019 pleni
2399 2931 2806 2997 fortunarum

704 3026 725 3056 ‘
787 3016 1130 3103 lorioeque,
1176 3015 1362 3081 81111111
1406 3040 1497 3104 pu
1542 3018 1720 3095 licae,
1761 3018 1948 3083 simul
1989 3020 2292 3106 privatae,
2334 3018 2806 3105 triumphantes

706 3114 725 3143 ⁶
744 3040 1009 3168 {omum
1044 3103 1129 3167 ad
1162 3116 1425 3190 penates
1458 3102 1800 3170 redibatis:
1849 3129 2022 3170 nunc
2060 3118 2391 3171 oneratum
2420 3105 2646 3170 vestris
2673 3107 2808 3172 for-

706 3202 725 3231 ‘
748 3192 919 3257 tunis
953 3191 1200 3257 hostem
1234 3190 1407 3257 abire
1444 3191 1664 3257 sinitis.
1760 3192 2042 3257 Haerete
2078 3191 2250 3257 affixi
2283 3191 2704 3257 concionibus
2737 3208 2806 3259 et

772 3400 801 3449 7
834 3388 1085 3449 Esquilias
1114 3424 1126 3436 .
1151 3422 1164 3436 .
1188 3422 1200 3435 .
1226 3420 1238 3436 .
1264 3402 1420 3449 prope
1449 3392 1635 3449 captas,
1667 3394 1716 3436 ee
1841 3402 1874 3450 9
1907 3389 1978 3435 At
1997 3388 2126 3435 enim
2145 3387 2433 3445 communis]
2469 3387 2656 3435 Omnia
2677 3388 2804 3437 haec

704 3486 719 3501 .
744 3487 755 3500 .
780 3486 793 3501 .
816 3453 1445 3512 lnoetemnemommmovu]
1493 3451 1716 3500 Verbum
1779 3466 1932 3512 usque
1974 3451 2040 3499 ad
2083 3450 2314 3499 orationis
2363 3451 2512 3499 finem
2547 3466 2578 3499 e
2614 3452 2804 3501 Demo

702 3518 938 3565 submovit
970 3515 1019 3563 in
1052 3521 1311 3577 utrumque
1344 3530 1443 3563 non
1472 3513 1713 3564 convenit.
1779 3515 1952 3563 sthene
1963 3516 2328 3563 adumbrantur.
2360 3514 2455 3562 vid.
2469 3514 2690 3564 Dobraei
2705 3516 2802 3565 Ad-

705 3580 803 3629 Sed
845 3594 991 3641 saepe
1040 3580 1181 3642 plura
1227 3578 1456 3627 orationis
1497 3580 1719 3627 membra
1782 3594 1902 3627 vers.
1929 3580 2021 3627 vol.
2051 3578 2083 3627 i.
2119 3594 2167 3641 p.
2206 3592 2313 3642 349.
2358 3578 2419 3626 cf.
2444 3578 2709 3628 Demoah.
2737 3581 2802 3629 0-

704 3658 804 3692 uno
826 3646 1096 3705 eodemque
1120 3645 1263 3692 verbo
1290 3643 1451 3692 claudi
1476 3643 1717 3703 videntur,
1782 3643 1940 3705 lynth.
1957 3642 1989 3691 i.
2012 3658 2061 3705 p.
2086 3656 2158 3705 13.
2179 3656 2254 3692 22.
2291 3642 2372 3691 01.
2395 3642 2462 3691 iii.
2481 3658 2530 3704 p.
2551 3656 2630 3705 34.
2667 3644 2803 3693 Phil.

702 3722 855 3769 quum
893 3710 958 3757 ad
994 3724 1161 3757 verum
1194 3724 1389 3756 sensum
1432 3708 1568 3756 aliud
1603 3722 1714 3770 sup-
1778 3708 1812 3757 i.
1833 3708 1899 3757 ad
1923 3707 2004 3755 fin.
2041 3706 2173 3756 Phil.
2194 3706 2262 3755 iii.
2286 3722 2335 3769 p.
2357 3721 2461 3769 127.

704 3772 942 3835 plendum
975 3772 1051 3819 sit.
1118 3772 1199 3821 Sic
1226 3772 1329 3821 Cic.
1358 3772 1424 3819 ad
1457 3772 1562 3820 Att.
1591 3788 1638 3819 x.
1668 3789 1714 3831 4.
1851 3786 1869 3819 1
1895 3772 1987 3830 Re,
1997 3772 2238 3832 fortuna]
2265 3770 2406 3819 Livio
2428 3769 2551 3819 nihil
2573 3772 2804 3835 frequen·

702 3838 991 3895 Fortunam,
1013 3852 1109 3899 qua
1138 3838 1213 3884 illi
1233 3838 1605 3895 florentissima,
1629 3850 1716 3883 nos
1777 3834 1877 3883 tius
1907 3841 1997 3894 est,
2030 3850 2176 3897 quam
2219 3834 2501 3897 particulas,
2533 3850 2664 3897 quae
2697 3852 2802 3885 ora·

701 3900 899 3950 ‹im-iore
961 3902 1221 3961 conflictati
1284 3902 1518 3949 videmur.
1597 3900 1714 3947 vid.
1779 3899 1964 3948 tionem
1987 3906 2302 3959 connectunt,
2323 3899 2562 3949 omittere.
2593 3900 2776 3949 Dant.

702 3965 886 4013 Sanctii
910 3964 1034 4013 Min.
1057 3964 1119 4013 iv.
1144 3965 1187 4012 8.
1216 3969 1265 4013 et
1301 3964 1540 4013 Perizonii
1573 3970 1714 4012 notas
1843 3978 1869 4013 2
1903 3964 2160 4026 Stipendia
2183 3998 2195 4013 .
2219 3999 2232 4012 .
2256 3999 2270 4013 .
2293 3965 2610 4025 .faciebatis]
2659 3964 2802 4014 Non-

700 4028 899 4077 ibidem.
948 4029 1048 4077 Hic
1070 4028 1216 4091 igitur
1236 4028 1285 4075 in
1308 4028 1466 4090 priore
1484 4028 1714 4076 emtionis
1778 4028 1894 4076 dum
1929 4026 2173 4090 stipendia
2205 4027 2352 4076 militi
2379 4028 2607 4075 Romano
2641 4030 2801 4078 solve-

700 4094 919 4142 membro
947 4093 1277 4155 supplendum
1300 4098 1373 4140 est
1394 4108 1531 4141 nmo
1551 4094 1714 4153 desen-
1779 4094 1968 4142 bantur.
2035 4092 2134 4141 Sed
2155 4091 2236 4140 hic
2259 4090 2428 4139 Livius
2451 4098 2550 4139 tem
2556 4092 2691 4153 poris
2725 4094 2800 4141 sui

698 4161 789 4215 dit,
810 4164 899 4206 aut
918 4157 1055 4205 aliud
1077 4155 1193 4217 quid
1214 4155 1389 4204 simile.
1422 4157 1586 4205 Caav.
1777 4172 1964 4204 morem
2017 4154 2068 4205 in
2119 4156 2370 4204 scribendo
2421 4155 2658 4217 sequitur,
2699 4173 2801 4218 quo

764 4224 796 4269 8
830 4224 1092 4283 Ayyerem]
1134 4219 1420 4281 Esquilinus
1452 4220 1593 4268 collis
1625 4220 1714 4269 illa
1776 4222 2019 4282 stipendia
2027 4222 2204 4281 jacere
2219 4226 2270 4269 et
2285 4222 2498 4269 militare
2519 4220 2800 4281 promiscue

700 4289 841 4395 gatte
859 4285 1087 4394 gdibatur
1108 4298 1195 4345 per
1211 4298 1433 4345 aggerem
1456 4282 1713 4345 Tarquinii
1777 4286 2147 4347 usurpabantur.
2183 4285 2344 4334 Cam.
2391 4284 2452 4333 cf.
2475 4284 2584 4333 infr.
2608 4283 2677 4333 iv.
2703 4298 2780 4349 59.

738 4362 861 4407 uper
892 4348 924 4396 i.
959 4349 1120 4396 0111111.
