3000 4784
806 233 993 298 LIB.
1052 233 1103 298 Ι.
1174 233 1392 298 CAP.
1455 239 1551 299 15.
2142 241 2218 301 19

113 369 354 433 tulisse
396 369 746 434 Romulum
780 369 1024 434 ferunt:
1069 393 1180 434 seu
1215 371 1296 434 ob
1337 370 1599 434 infidam
1628 370 1990 436 societatem
2018 373 2217 458 regni,

115 479 238 519 seu
303 457 468 543 quia
523 455 696 521 haud
751 457 980 520 iniuria
1036 479 1286 520 caesum
1345 456 1659 522 credebat.
1773 458 1996 546 Itaque
2052 457 2219 522 bello

113 543 404 628 quidem
433 543 766 607 abstinuit:
811 555 885 606 ut
912 555 1123 607 tamen
1145 553 1226 607 e‘x
1272 544 1553 608 iarentur
1580 543 1927 632 legatorum
1954 545 2219 608 iniuriae

113 629 433 716 regisque
475 629 717 706 caedeS,
755 629 978 693 foedus
1017 631 1184 693 inter
1225 565 1496 694 Romam
1533 631 1994 717 Laviniumque
2033 632 2219 695 urbes

115 730 514 780 renovatum
543 727 653 780 est.

207 801 308 866 Et
341 825 492 866 cum
521 802 620 865 his
649 801 907 889 quidem
935 803 1252 889 insperata
1277 825 1404 890 pax
1433 816 1601 868 erat:
1646 804 1819 869 aliud
1846 803 2047 868 multo
2074 827 2219 891 pro-

113 889 292 975 piuS,
328 901 528 975 atque
557 888 625 951 in
654 889 802 975 ipsis
829 910 1026 975 prope
1056 889 1271 975 portiS,
1303 889 1537 954 bellum
1566 903 1789 955 ortum.
1863 889 2215 968 Fidenates,
2238 903 2433 952 Bellum
2473 903 2491 916 ‘

111 975 324 1038 nimis
367 974 606 1038 vicinas
649 997 845 1061 prope
893 998 958 1039 se
1008 975 1438 1040 convalescere
1487 997 1637 1062 opes
1676 977 1813 1053 rati,
1853 977 2215 1063 priusquam
2235 983 2345 1043 ω’.)
2364 969 2507 1018 Fide-

113 1075 390 1126 tantum
419 1061 662 1126 roboris
689 1075 869 1138 esset,
895 1075 1202 1147 quantum
1224 1061 1509 1126 futurum
1530 1063 1884 1163 apparebat,
1909 1077 2219 1150 occupant
2234 1034 2439 1081 ¹¹²an

112 1148 378 1212 bellum
424 1147 645 1211 facere.
737 1145 1074 1212 Iuventute
1121 1159 1358 1212 armata
1403 1149 1697 1226 immissa,
1744 1161 2020 1214 vastatur
2064 1151 2217 1237 agri,

163 1235 310 1298 uod
333 1235 505 1298 inter
525 1236 746 1298 urbem
769 1257 841 1298 ac
860 1233 1132 1298 Fidenas
1153 1246 1262 1298 est.
1319 1233 1481 1298 Inde
1506 1235 1586 1298 ad
1610 1235 1849 1300 laevam
1868 1236 2049 1312 versi,
2071 1237 2220 1336 quia

165 1335 368 1386 extra
397 1321 646 1385 Tiberis
675 1323 943 1398 arcebat,
976 1343 1122 1385 cum
1159 1343 1388 1407 magna
1421 1320 1841 1407 trepidatione
1883 1334 2219 1407 agrestlum

117 1407 549 1494 populantur:
601 1407 1033 1495 tumultusque
1063 1429 1306 1493 repenS‚
1333 1429 1414 1471 ex
1443 1408 1609 1494 agris
1636 1407 1705 1470 in
1734 1410 1959 1473 urbem
1985 1406 2213 1485 illatus,

117 1517 244 1580 pro
275 1494 512 1558 nuntio
531 1494 667 1558 fuit.
761 1493 1024 1558 Excitus
1056 1493 1368 1558 Romulus
1388 1491 1627 1594 (neque
1651 1494 1821 1558 enim
1850 1492 2217 1558 dilationem

119 1581 264 1667 pati
295 1593 430 1645 tam
461 1581 738 1644 vicinum
767 1581 1004 1644 bellum
1032 1579 1308 1667 poterat)
1335 1593 1685 1645 exercitum
1724 1580 1972 1645 educit:
2020 1596 2221 1645 castra

123 1689 164 1730 a
193 1667 466 1731 Fidenis
487 1667 657 1732 mille
680 1689 976 1754 passuum
999 1667 1179 1731 locat.
1258 1666 1357 1731 Ibi
1377 1667 1626 1731 modico
1649 1666 1959 1755 praesidio
1979 1667 2217 1753 relicto,

124 1777 423 1840 egressus
458 1755 749 1818 omnibus
788 1753 1003 1840 copiiS‚
1034 1766 1278 1840 partem
1317 1753 1593 1818 militum
1628 1754 1782 1818 locis
1822 1753 1987 1818 circa
2023 1754 2221 1818 densa

127 1841 340 1905 obsita
384 1841 656 1928 virgulta
701 1840 981 1906 obscuris
1027 1840 1348 1904 subsidere
1392 1841 1460 1904 in
1512 1840 1755 1905 insidiis
1800 1841 2012 1917 iussit3
2074 1864 2218 1906 cum

128 1941 312 2014 parte
345 1928 582 1992 maiore
613 1940 802 2013 atque
833 1927 1006 1990 omni
1037 1927 1323 2013 equitatu
1355 1927 1692 2013 profectus,
1724 1927 1793 1992 id
1866 1927 1995 1991 uod
2028 1950 2219 2015 quae-

129 2016 335 2091 rebat,
389 2013 774 2079 tumultuoso
819 2027 886 2078 et
930 2013 1162 2077 minaci
1205 2035 1436 2100 genere
1526 2035 1751 2100 ugnae,
1796 1951 2219 2101 :aequitando

131 2101 290 2200 ipsis
337 2123 533 2187 prope
579 2101 794 2188 porti8‚
843 2099 1089 2164 hostem
1141 2099 1392 2164 excivit.
1540 2121 1695 2186 ugae
1741 2122 2016 2187 quoque,
2057 2123 2218 2200 quae

135 2185 500 2250 simulanda
566 2199 718 2264 erat,
778 2186 1000 2250 eadem
1058 2185 1366 2272 equestris
1433 2209 1649 2272 pugna
1706 2209 1955 2251 causam
2012 2209 2219 2251 mmus

135 2272 492 2338 mirabilem
513 2273 724 2338 dedit:
757 2285 823 2337 et
841 2295 1062 2359 quum,
1082 2272 1258 2336 velut
1273 2273 1440 2336 inter
1461 2295 1713 2360 pugnae
1734 2273 2047 2359 fugaeque
2069 2297 2220 2338 con-

139 2360 351 2425 silium
385 2360 740 2446 trepidante
775 2358 1080 2458 equitatu,
1111 2358 1306 2445 pedes
1347 2379 1601 2445 quoque
1642 2358 1901 2423 referret
1932 2359 2216 2444 gradum,

139 2447 345 2532 plenis
387 2459 648 2534 repente
691 2458 888 2532 portns
931 2445 1113 2509 effusi
1157 2444 1387 2521 hosteS,
1427 2445 1698 2531 impulsa
1734 2444 2023 2509 Romana
2064 2447 2217 2522 acie,

141 2532 350 2598 studio
371 2532 650 2597 instandi
671 2530 1102 2632 sequendique
1133 2531 1470 2594 trahuntur
1491 2530 1573 2594 ad
1593 2530 1802 2594 locum
1830 2530 2216 2596 insidiarum.

145 2618 302 2683 Inde
331 2620 540 2683 subito
579 2631 782 2684 exorti
823 2617 1098 2681 Romani
1142 2629 1553 2680 transversam
1595 2615 1903 2679 invadunt
1944 2615 2223 2681 bostium

143 2706 358 2770 aciem.
450 2705 724 2770 Addunt
761 2725 1056 2804 pavorem
1086 2714 1259 2767 mota
1295 2725 1332 2767 e
1373 2702 1589 2766 castris
1626 2703 1805 2789 signa
1838 2723 2076 2778 eorum,
2152 2703 2220 2766 ui

147 2793 208 2856 in
283 2791 548 2856 raesidio
585 2791 788 2856 relictl
821 2791 1086 2854 fuerant.
1179 2789 1279 2854 Ita
1317 2789 1651 2876 multiplici
1689 2803 1923 2853 terrore
1952 2725 2220 2875 perciilsi

148 2878 220 2942 Fi
263 2891 500 2955 enateS,
523 2879 697 2965 prius
724 2899 924 2965 paene
948 2898 1138 2964 quam
1165 2875 1492 2954 Romulus,
1518 2877 1755 2962 quique
1778 2897 1923 2940 cum
1942 2897 2019 2940 eo
2041 2876 2221 2962 equis

149 2965 364 3041 ierant,
387 2965 886 3052 circumagerent
905 2963 1098 3028 frenis
1120 2985 1336 3050 equos,
1367 2975 1543 3050 terga
1562 2975 1843 3028 vertunt:
1890 2961 2219 3050 multoque

151 3052 418 3127 effusius,
465 3049 732 3138 (quippe
789 3073 936 3115 vera
989 3049 1170 3137 fuga)
1221 3050 1334 3136 qui
1379 3049 1743 3114 simulantes
1800 3049 2013 3136 paullo
2070 3060 2217 3114 ante

151 3137 342 3202 secuti
371 3151 568 3214 erant,
599 3137 904 3225 oppidum
933 3137 1320 3224 repetebant.
1412 3135 1567 3200 Non
1596 3149 1807 3201 tamen
1835 3137 2121 3223 eripuere
2150 3157 2216 3200 se

154 3224 345 3289 hosti:
393 3223 657 3288 haerens
699 3224 768 3287 in
802 3241 978 3311 terga
1022 3223 1366 3309 Romanus
1397 3223 1571 3308 prius
1605 3245 1795 3310 quam
1823 3222 1985 3287 fores
2010 3235 2219 3310 porta-

154 3333 286 3376 rum
313 3311 754 3387 obiicerentur,
784 3309 958 3374 velut
983 3309 1234 3410 agmine
1263 3331 1392 3372 uno
1420 3307 1727 3396 irrumpit.

238 3397 397 3462 Belli
446 3395 764 3461 Fidenatis
815 3418 934 3460 con
1063 3418 1184 3460 one
1229 3394 1452 3460 irritati
1485 3393 1855 3460 Veientium
1899 3397 2109 3473 animi,
2154 3409 2221 3461 et
2345 3405 2439 3468 15.

160 3508 228 3550 co
469 3484 705 3561 nitate,
747 3481 923 3570 (nam
1023 3482 1306 3547 idenates
1393 3504 1603 3569 uoque
1644 3481 1893 3546 Etrusci
1935 3481 2220 3570 fuerunt)
2238 3489 2457 3566 Bellum·

161 3585 222 3636 et
251 3595 336 3658 qu
460 3571 595 3670 ipsa
631 3569 1064 3670 propinquitas
1103 3569 1246 3646 loci,
1286 3569 1338 3632 si
1348 3505 1677 3632 qRomana
1718 3591 1887 3632 arma
1931 3569 2219 3634 omnibus
2234 3554 2541 3668 tegra-Vexen-

161 3657 373 3723 infesta
407 3657 690 3736 fimtimis
729 3667 954 3732 essent,
991 3655 1362 3720 stimulabat.
1453 3651 1534 3717 In
1574 3654 1734 3717 fines
1764 3654 2082 3719 Romanos
2109 3677 2221 3720 ex·-

163 3745 575 3820 'cucurrerunt‚
623 3741 1056 3843 populabundi
1105 3741 1321 3830 magis,
1374 3762 1566 3828 quam
1622 3739 1770 3804 iusti
1828 3762 1997 3805 more
2048 3742 2215 3808 belli.

163 3831 370 3918 Itaque
399 3853 532 3895 non
560 3843 772 3894 castris
800 3828 1033 3916 positi3‚
1065 3851 1195 3894 non
1224 3839 1585 3915 exspectato
1614 3827 1889 3894 hostium
1919 3828 2217 3907 exercitu,

167 3931 388 4006 raptam
418 3939 498 3981 ex
527 3916 688 4003 agris
727 3915 1022 4004 praedam
1061 3927 1398 4004 portantes,
1429 3914 1625 3978 Veios
1662 3914 1935 3978 rediere:
1988 3914 2221 3980 Roma-

168 4027 273 4070 nus
299 4017 531 4080 contra,
563 4015 894 4092 postquam
933 4001 1178 4066 hostem
1207 4002 1276 4066 in
1313 4002 1474 4089 agris
1500 3995 1635 4065 non
1671 4001 1932 4077 invenit,
1962 4000 2219 4066 dimica-

169 4083 310 4156 tioni
326 4090 582 4155 ultimae
603 4089 940 4153 instructus
955 4089 1380 4175 intentusque,
1400 4087 1684 4153 Tiberim
1707 4089 1941 4152 transit.
2009 4087 2219 4164 Quem

168 4190 482 4266 postquam
509 4188 708 4241 castra
744 4197 1000 4262 ponere,
1031 4188 1098 4239 et
1126 4175 1207 4239 ad
1235 4176 1454 4240 urbem
1489 4197 1883 4240 accessurum
1919 4172 2220 4238 Veientes

170 4265 480 4342 audivere3
527 4263 772 4328 obviam
802 4261 1047 4349 egressi,
1079 4275 1151 4327 ut
1178 4262 1386 4351 potius
1413 4262 1546 4326 acie
1569 4262 1998 4336 decernerent,
2030 4281 2217 4346 quam

172 4350 376 4415 inclusi
432 4350 512 4416 de
572 4350 751 4414 tectis
809 4349 1258 4435 moenibusque
1316 4349 1703 4414 dimicarent.
1812 4345 1929 4421 Ibi,
1988 4345 2223 4416 viribus

1771 4453 1808 4495 c
1838 4439 1877 4495 2
