3000 4784
833 194 1021 260 LIB.
1067 194 1155 259 IL
1226 195 1446 262 cA‘P.
1504 201 1561 258 3.
2160 195 2238 258 75

171 332 336 396 nium
391 332 670 418 primum
727 331 1165 396 iusiurandum
1220 329 1439 418 populi
1497 331 1739 396 recitat.
1854 338 1874 367 ‘
1894 329 2239 395 Neminem
2259 348 2326 399 U.
2348 349 2409 400 c,
2434 362 2544 412 245-

175 427 190 454 ‘
206 441 456 504 regnare
485 440 793 505 passuroS,
823 441 944 483 nec
979 441 1112 482 esse
1151 416 1414 494 Romae,
1447 417 1620 482 unde
1660 416 2013 503 periculum
2050 416 2240 482 liber-
2256 415 2317 462 A·
2352 416 2412 466 0·
2437 425 2546 477 507·

175 505 314 568 ‘tati
353 504 534 570 foret.
628 504 706 569 Id
755 527 1002 570 summa
1043 528 1163 591 ope
1209 503 1521 569 tuendum
1564 525 1733 568 esse:
1789 525 2001 589 neque
2046 501 2241 568 ullam

175 601 192 628 ‘
207 614 349 667 rem,
453 615 577 656 uae
635 615 712 656 eo
769 589 1100 678 pertineat,
1161 590 1711 656 contemnendam.
1830 588 2113 654 Invitum
2171 612 2239 654 se

174 677 406 742 ‘dicere
492 678 722 742 ominis
751 701 970 743 causa:
1017 701 1138 742 nec
1167 678 1487 742 dicturum
1527 675 1736 753 fuisse,
1766 676 1837 740 ni
1864 676 2089 740 caritas
2118 677 2242 742 rei-

176 773 192 800 ‘
249 763 484 830 ublicae
513 765 813 830 vinceret.
881 763 1036 830 Non
1067 764 1320 829 credere
1351 787 1436 851 po
1480 763 1661 827 ulum
1691 763 2076 840 Romanum,
2096 762 2242 827 soli-

134 880 156 912 ‘2
175 787 342 914 ‘gam
362 850 724 917 libertatem
747 864 1177 940 recuperatam
1199 873 1352 917 esse.
1435 787 1723 937 {Regium
1752 873 1973 938 genua,
1997 850 2241 937 regium

175 945 447 1015 ‘nomen,
479 961 613 1002 non
657 938 861 1004 solum
886 939 956 1003 in
989 939 1261 1017 civitate,
1291 939 1406 1004 sed
1444 937 1637 1002 etiam
1665 938 1736 1001 in
1774 936 2041 1023 imperio
2087 959 2239 1001 esse.

175 1023 281 1088 ‘Id
320 1025 592 1102 officere,
636 1025 704 1090 id
747 1025 993 1091 obstare
1035 1025 1330 1090 libertati.
1420 1024 1618 1090 Hunc
1668 1024 1773 1102 tu,’
1816 1023 2045 1110 inquit,
2095 1031 2115 1062 ‘
2137 1035 2247 1088 tua

175 1119 192 1147 ‘
206 1111 544 1190 voluntate,
606 1112 684 1177 L.
747 1111 1078 1198 Tarquini,
1138 1135 1391 1177 remove
1449 1123 1711 1176 metum.
1805 1109 2243 1187 Meminimus,

177 1199 484 1276 ‘fatemun
516 1199 758 1266 eiecisti
787 1220 982 1286 reges,
1058 1197 1334 1264 Absolve
1364 1197 1748 1264 beneficium
1778 1209 1977 1262 tuum.
2042 1195 2247 1261 Aufer

177 1285 346 1358 ‘hinc
395 1287 646 1386 regium
689 1305 941 1351 nomen.
1035 1285 1167 1350 Res
1211 1297 1350 1350 tuas
1393 1283 1511 1348 tibi
1554 1306 1685 1349 non
1728 1283 1933 1348 solum
1974 1282 2249 1348 reddent

177 1380 194 1408 ‘
207 1372 364 1436 cives
393 1385 510 1450 tm,
545 1384 801 1438 auctore
843 1395 984 1449 me3
1030 1371 1164 1448 sed,
1196 1371 1248 1434 si
1288 1370 1446 1457 quid
1483 1369 1682 1449 deest,
1714 1369 2015 1434 munifice
2057 1391 2250 1455 auge-

175 1459 372 1524 ‘bunt.
449 1459 722 1524 Amicus
749 1459 886 1524 abi:
934 1480 1213 1524 exonera
1239 1456 1557 1522 civitatem
1585 1479 1749 1521 vano
1769 1457 2029 1522 forsitan
2050 1469 2245 1520 metu.

176 1544 302 1610 ‘Ita
338 1568 710 1633 persuasum
749 1559 846 1610 est
883 1545 1126 1623 animis,
1173 1567 1322 1609 cum
1354 1555 1547 1632 gente
1586 1543 1939 1629 Tarquinia
1980 1564 2048 1607 re
2139 1566 2249 1608 um

177 1631 346 1696 ‘hinc
373 1631 736 1697 abiturum.⁹
827 1631 1094 1696 Consuli
1132 1631 1338 1719 primo
1367 1645 1496 1695 tam
1536 1653 1735 1695 novae
1764 1631 1860 1695 rei
1888 1653 1961 1694 ac
2004 1652 2080 1694 su
2122 1630 2247 1694 itae

177 1717 487 1784 admiratio
547 1718 890 1783 incluserat
939 1741 1177 1784 vocem.
1267 1718 1500 1784 Dicere
1555 1716 1789 1782 deinde
1836 1716 2248 1804 incipientem

177 1805 460 1888 primores
519 1805 791 1870 civitatis
849 1806 1332 1882 circumsistunt,
1391 1803 1617 1870 eadem
1675 1803 1891 1868 multis
1955 1803 2249 1890 precibus

179 1904 355 1955 orant.
447 1891 536 1957 Et
565 1891 764 1958 ceteri
793 1891 1058 1978 quidem
1086 1892 1422 1958 movebant
1449 1891 1678 1956 minus.
1755 1889 2103 1976 Postquam
2136 1887 2243 1975 Sp.

141 1989 165 2034 3
179 1974 514 2056 LucretiuS,
547 1977 750 2042 maior
777 1991 984 2044 aetate
1013 2001 1088 2043 ac
1115 1978 1444 2066 dignitate,
1475 1999 1654 2043 socer
1680 1989 2007 2064 praeterea
2031 1976 2248 2064 ipsiuS,

179 2083 344 2148 agere
374 2065 566 2143 varie,
599 2064 882 2152 rogando
911 2063 1167 2129 alternis
1203 2064 1679 2151 suadendoque,
1710 2064 1940 2151 coepit,
1970 2077 2045 2128 ut
2081 2063 2252 2128 vinci

179 2171 236 2212 se
261 2172 570 2217 consensu
599 2151 872 2216 civitatis
913 2163 1274 2239 pateretur3
1324 2151 1553 2216 timens
1592 2150 1831 2227 consul,
1860 2173 1945 2216 ne
1972 2163 2252 2237 postmo-

179 2234 316 2300 dum
342 2238 590 2323 privato
617 2237 739 2304 sibi
766 2237 990 2303 eadem
1019 2236 1130 2302 illa
1155 2259 1302 2302 cum
1329 2238 1639 2302 bonorum
1681 2237 2034 2314 amissione,
2066 2236 2247 2301 addi-

183 2335 351 2471 tffilue
381 2323 503 2389 alia
545 2325 810 2411 insuper
841 2323 1208 2410 ignominia,
1239 2324 1617 2402 acciderent,
1650 2323 1965 2388 abdicavit
1992 2346 2058 2388 se
2094 2346 2247 2388 con·
2263 2333 2471 2382 Abdicat
2492 2349 2545 2382 se

181 2429 207 2470 s
265 2421 395 2474 atu:
442 2413 760 2498 rebusque
789 2411 919 2476 suis
947 2410 1239 2475 omnibus
1269 2410 1608 2476 Lavinium
1637 2409 1971 2486 translatiS,
1994 2409 2245 2474 civitate
2264 2398 2531 2446 consulatu.

183 2496 364 2561 cessit.
453 2497 696 2562 Brutus
753 2519 834 2562 ex
881 2496 1424 2562 senatusconsulto
1472 2496 1559 2560 ad
1602 2495 1909 2583 populum
1960 2495 2128 2573 tulit,
2176 2507 2251 2558 ut

182 2603 381 2648 omnes
437 2584 828 2672 Tarquiniae
887 2584 1096 2671 gentis
1153 2582 1404 2648 exsules
1460 2594 1703 2646 essent:
1768 2581 2075 2668 collegam
2131 2579 2251 2644 sibi

145 2695 171 2736 4
184 2669 431 2735 comitiis
457 2671 827 2738 centuriatis
855 2670 1090 2736 creavit
1119 2669 1191 2734 P.
1225 2669 1573 2746 Valerium,
1597 2690 1727 2755 quo
1756 2667 2045 2732 adiutore
2073 2687 2251 2754 reges
2270 2676 2517 2754 Sufficituf

184 2754 446 2825 eiecerat
2270 2741 2331 2790 P.
2342 2742 2582 2793 Valerius.

263 2841 474 2917 Quum
494 2843 671 2909 haud
693 2844 796 2908 cui
843 2867 990 2910 uam
1010 2845 1079 2909 in
1095 2843 1292 2909 dubio
1309 2855 1492 2919 esset,
1518 2841 1755 2906 bellum
1776 2843 1857 2906 ab
1888 2839 2255 2928 Tarquiniis
2396 2835 2451 2896 3·

185 2927 514 3009 imminere,
561 2931 633 2996 id
675 2931 788 3031 qui
833 2954 936 2997 em
979 2953 1088 3018 spe
1133 2930 1418 2996 omnium
1455 2929 1653 2993 serius
1690 2927 1828 2992 fuit.
1924 2927 2253 3006 Ceterum,

185 3011 246 3076 id
283 3018 450 3102 quod
493 3041 628 3083 non
681 3019 1004 3094 tunebant,
1050 3039 1166 3105 per
1208 3016 1427 3081 dolum
1471 3039 1545 3080 ac
1588 3014 2015 3102 proditionem
2100 3036 2254 3101 rope

185 3097 418 3168 libertas
463 3105 691 3170 amissa
739 3117 850 3169 est.
945 3101 1144 3168 Erant
1187 3104 1258 3166 in
1303 3103 1597 3168 Romana
1638 3102 1968 3166 iuventute
2096 3099 2257 3166 oles-

149 3203 171 3248 5
186 3201 382 3255 centes
430 3191 693 3278 aliquot,
747 3213 866 3256 nec
917 3190 964 3254 ii
1015 3189 1194 3255 tenui
1240 3188 1381 3254 loco
1427 3189 1570 3266 orti,
1622 3210 1895 3275 quorum
1939 3188 2009 3251 in
2058 3209 2258 3274 regno

187 3269 366 3341 libido
409 3277 676 3344 solutior
719 3275 943 3354 fiierat,
996 3275 1290 3362 aequales
1339 3275 1712 3363 sodalesque
1758 3272 2257 3339 adolescentium

189 3355 682 3448 Tarquiniorum,
742 3363 975 3428 assueti
1041 3385 1216 3427 more
1287 3363 1461 3450 regio
1518 3361 1747 3428 vivere.
1868 3359 2030 3426 Eam
2098 3375 2255 3437 tum,

191 3465 436 3533 aequato
497 3451 632 3516 iure
694 3450 998 3526 omnium,
1067 3449 1387 3514 licentiam
1447 3463 1841 3536 quaerentes,
1901 3448 2257 3513 libertatem

250 3703 273 3736 2
305 3691 504 3754 Reyt'um
519 3696 701 3756 penus]
745 3693 860 3742 Hoc
883 3698 974 3752 est,
989 3699 1181 3755 θωτέρω
1244 3694 1352 3756 819.
1387 3695 1420 3718 “
1438 3694 1538 3741 duo
1559 3692 1707 3740 creati
1740 3697 1854 3741 sunt
1874 3693 2113 3750 consules,
2134 3691 2257 3740 Bru-

195 3750 559 3815 Tarquiniorum.
603 3758 706 3808 Cic.
747 3759 808 3806 de
849 3758 978 3819 Rep.
1015 3756 1065 3805 ii.
1103 3769 1180 3818 25.
1245 3763 1325 3804 tus
1361 3762 1412 3805 et
1446 3755 1777 3831 Tricipitinus,
1810 3761 1949 3818 pater
1985 3754 2256 3814 Lucretiae,

195 3817 268 3889 ned
287 3820 512 3871 rationem
531 3821 687 3886 magis
707 3821 1008 3884 probabilem
1023 3821 1184 3869 adfert
1246 3819 1326 3882 qui
1350 3826 1402 3869 et
1423 3821 1715 3883 Tarquinius
1736 3821 2012 3870 dicebatur:
2045 3821 2109 3868 ob
2128 3821 2259 3881 quod

199 3877 329 3932 Dlon.
347 3901 387 3934 v.
435 3922 451 3945 ‚
474 3901 544 3936 ιο.
568 3892 618 3935 et
641 3886 890 3935 Plutarch.
912 3885 964 3933 in
988 3884 1182 3934 Public.
1245 3885 1402 3934 solum
1435 3891 1511 3934 est
1540 3887 1659 3934 urbe
1692 3886 1949 3947 depulsus:
1991 3890 2041 3933 et
2070 3884 2123 3934 in
2156 3884 2260 3932 eius

201 3953 240 4002 7,
258 3961 316 3994 sc.
338 3949 408 3997 Co
425 3949 631 3998 latinum
660 3951 778 3999 urbe
799 3951 996 4013 pulsum
1017 3948 1182 4008 fuisse,
1244 3950 1408 3997 locum
1445 3950 1729 4012 subrogatus
1765 3954 1839 3998 est
1869 3949 2095 3998 Valerius
2128 3948 2259 4012 Pub-

201 4015 431 4080 postquam
454 4015 696 4076 Aquinios
723 4014 895 4063 sororis
926 4014 1054 4062 filios
1083 4029 1182 4061 me-
1247 4013 1424 4071 licola;
1450 4030 1549 4076 quo
1569 4019 1760 4062 mortuo
1782 4013 1899 4060 item
1920 4015 2046 4062 alter
2065 4019 2139 4062 est
2159 4013 2257 4060 fac-

203 4079 280 4120 nto
299 4078 528 4140 supplicio
549 4078 733 4141 eripere
755 4084 958 4128 conatus
978 4083 1065 4126 cst.
1248 4082 1356 4126 tus:
1407 4085 1458 4126 et
1499 4080 1625 4127 alter
1666 4078 1936 4126 similiter.''
2000 4079 2097 4128 Sed
2138 4075 2259 4124 mire

257 4152 283 4210 3
319 4143 480 4192 Maior
514 4150 672 4192 aetate
701 4160 760 4192 ao
790 4143 1052 4206 άίψιίέαεσ]
1109 4141 1186 4190 Ut
1249 4140 1525 4204 discrepant
1543 4147 1777 4191 auctores.

203 4214 274 4259 qm
303 4205 516 4280 princeps
547 4212 742 4256 senatus
773 4213 824 4258 et
855 4223 916 4255 ex
948 4207 1186 4256 maiorum
1314 4217 1342 4270 5
1370 4209 1551 4266 Tenui]
1604 4205 1829 4256 Duravit.
1867 4207 1927 4256 cf.
1946 4205 2011 4255 iii.
2035 4218 2105 4266 19.
2124 4200 2257 4252 xxiii.

200 4273 394 4322 verutum
447 4271 641 4321 ati-ibus.
1249 4287 1326 4334 44.
1360 4270 1531 4320 xxxiii.
1560 4286 1631 4320 12.

260 4347 286 4387 4
317 4288 667 4395 Pagala-ium]
714 4335 846 4386 Serv.
879 4333 930 4384 in
964 4335 1087 4384 Aen.
1123 4332 1181 4383 vi.
