3000 4784
736 215 930 280 LIB.
994 213 1117 281 111.
1185 214 1409 279 CAP.
1480 222 1576 280 11.
2089 224 2212 285 159

79 361 267 419 ‘esse.
367 351 673 418 cavisse
712 352 867 418 deos
908 354 1117 441 priore
1162 374 1353 431 anno,
1384 366 1459 418 ut
1493 366 1634 419 tuto
1671 352 1930 419 libertas
1956 355 2217 422 defendi
2241 372 2308 422 Π.
2332 338 2526 439 &⁹²93-

79 439 367 525 ‘posset’
468 438 684 503 Haec
722 439 994 540 tribuni..
1070 440 1163 503 At
1196 462 1299 542 ‘ex
1567 439 1766 505 altera
1813 442 2104 507 consules
2147 444 2218 508 in
2237 440 2298 487 A.
2332 439 2528 566 01·14⁵9·

78 548 435 677 {currunt
488 548 777 688 ἓξὶυαιιῗῖ,
808 524 1326 698 Ροίἱιὲᾬηῗέιῗῗιε
1352 526 1630 677 effi
1641 527 2220 680 Πξῗὶῗιεηδεῃιῦίἓέ

79 697 279 783 pauci,
336 696 539 762 velut
594 696 699 760 rei
740 697 1173 784 experiundae
1214 720 1435 763 causa:
1483 711 1552 763 et
1595 700 1818 764 statim·
1842 700 1936 764 vis
1981 713 2214 765 coorta.

84 781 589 869 Quemcunque
645 782 830 849 lictor
874 783 1051 847 iussu
1091 784 1366 849 consulis
1408 785 1872 872 prehendisset,
1927 787 2220 851 tribunus

79 868 239 931 mitti
267 869 565 934 iubebat
585 893 606 932 z
650 892 863 956 neque
892 891 1079 933 suum
1110 870 1341 957 cuique
1369 870 1470 935 ius
1498 872 1762 936 modum
1789 872 2080 950 faciebat,
2101 872 2218 937 sed

84 953 306 1017 virium
336 978 463 1041 spe
498 967 579 1019 et
610 977 809 1019 manu
836 954 1261 1019 obtinendum
1290 970 1443 1035 erat,
1476 957 1652 1043 quod
1679 958 2063 1023 intenderes·

166 1040 775 1113 Quemadmodum
810 1063 877 1105 se
917 1041 1157 1105 tribuni
1198 1042 1537 1128 gessissent
1574 1044 1644 1107 in
1679 1044 2078 1130 prohibendo
2107 1043 2222 1109 de-

84 1122 269 1202 lectu,
310 1126 409 1190 sic
458 1126 711 1191 Patres
754 1128 823 1189 in
864 1125 1028 1213 lege,
1072 1149 1235 1213 quae
1274 1150 1392 1213 per
1428 1150 1650 1192 omnes
1691 1128 2060 1193 comitiales·
2083 1130 2220 1195 dies

84 1210 429 1289 ferebatur,
456 1212 894 1299 impedienda
920 1213 1243 1299 gerebant.
1335 1212 1602 1277 Initium
1632 1228 1768 1277 erat
1791 1214 1984 1291 rixae,
2017 1238 2218 1301 quum

90 1293 415 1362 discedere
460 1298 795 1385 populum
840 1298 1165 1363 iussissent
1194 1298 1456 1376 tribuni,
1486 1298 1662 1385 quod
1689 1298 1914 1363 Patres
1941 1322 2008 1363 se
2047 1324 2221 1364 sum-

90 1384 320 1446 moveri
366 1383 567 1449 hand
618 1385 929 1448 sinebant.
1021 1384 1089 1448 N
1092 1407 1167 1448 ec
1207 1384 1337 1449 fere
1380 1385 1660 1449 seniores
1701 1386 1796 1449 rei
1831 1386 2216 1463 intererant3

90 1467 193 1551 qui
234 1490 319 1554 pe
351 1493 539 1555 quae
586 1492 725 1535 non
760 1470 1025 1535 consilio
1052 1470 1350 1557 regenda,
1382 1470 1497 1535 sed
1534 1471 1838 1556 permissa
1873 1472 2218 1535 temeritati

92 1490 389 1619 παίζω
390 1579 537 1643 que
572 1569 763 1621 esset.
854 1555 1141 1621 Multum
1170 1568 1237 1621 et
1266 1557 1556 1621 consules
1583 1578 1650 1620 se
1682 1557 2101 1633 abstinebant,
2135 1580 2218 1622 ne

92 1638 189 1701 cui
244 1640 317 1704 in
380 1642 769 1707 colluvione
826 1664 1042 1706 rerum
1100 1642 1495 1707 maiestatem
1553 1665 1731 1706 suam
1792 1644 2216 1708 contumeliae

99 1724 409 1791 offerrent.
514 1728 745 1793 Kaeso
774 1740 911 1792 erat
943 1727 1305 1806 Quinctius,
1328 1730 1509 1793 ferox
1537 1728 1804 1805 iuveniS,
1828 1752 1958 1816 qua
1985 1730 2218 1794 nobili·
2235 1746 2403 1795 Kaeso

96 1820 215 1873 tate
256 1814 503 1898 gentis,
556 1837 695 1901 qua
734 1814 1014 1899 corporis
1055 1815 1493 1901 magnitudine
1538 1828 1605 1879 et
1638 1816 1894 1880 viribus·
1987 1816 2098 1880 Ad
2139 1839 2218 1880 ea
2235 1810 2517 1868 Quinctius

102 1914 377 1975 munera,
410 1899 579 1964 data
620 1923 659 1964 a
696 1900 837 1976 diis,
880 1912 949 1963 et
985 1900 1121 1985 ipse
1160 1900 1493 1965 addiderat
1533 1900 1736 1965 multa
1771 1901 1923 1966 belli
1963 1902 2215 1981 decora,

102 1978 611 2073 facundiamque
653 1986 723 2049 in
768 1986 946 2061 foro;
1002 1999 1075 2049 ut
1115 2008 1326 2064 nemo,
1366 2009 1499 2051 non
1541 1986 1779 2074 lingua,
1820 2011 1952 2052 non
1999 2011 2215 2067 manu,

104 2072 453 2212 promptior
514 2073 596 2135 in
654 2071 909 2135 civitate
968 2071 1323 2137 haberetur.
1416 2072 1566 2149 Hic,
1617 2096 1818 2160 quum
1875 2074 1946 2137 in
2003 2075 2217 2139 medio

158 2164 363 2219 atrum
436 2158 709 2245 agmine
767 2157 1169 2235 constitisset,
1228 2158 1518 2223 eminens
1583 2159 1754 2223 inter
1809 2158 1983 2237 alica,
2043 2160 2221 2224 velut

110 2257 317 2304 omnes
358 2242 725 2309 dictamnus
764 2242 1251 2330 consulatusque
1292 2266 1520 2332 gerens
1558 2244 1628 2308 in
1670 2266 1824 2309 voce
1865 2268 1939 2309 ac
1982 2246 2220 2311 viribus

112 2323 247 2419 Sflis,
289 2348 463 2393 unus
508 2330 795 2416 impetus
839 2328 1209 2393 tribunicios
1243 2330 1704 2417 popularesque
1787 2329 2048 2395 rocellas
2087 2354 2222 2396 sus—

114 2410 363 2477 tinebat.
462 2414 625 2480 Hoc
654 2414 838 2491 duce,
870 2436 1059 2501 saepe
1087 2414 1253 2501 pulsi
1280 2416 1418 2481 foro
1448 2416 1708 2492 tribuni,
1737 2354 1878 2479 Risu
1903 2439 1976 2479 ac
2003 2418 2224 2503 filgata

116 2491 283 2575 plebs
310 2510 427 2563 est.
531 2502 673 2577 Qui
694 2501 917 2566 obvius
944 2500 1167 2577 fuerat,
1198 2500 1514 2565 mulcatus
1541 2500 1946 2586 nudatusque
1969 2502 2182 2566 abibat
2197 2526 2216 2564 z

116 2590 183 2639 ut
235 2586 386 2649 satis
448 2600 810 2675 appareret,
859 2586 913 2650 si
958 2586 1050 2651 sic
1178 2586 1193 2600 '
1243 2587 1482 2663 liceret,
1532 2586 1762 2650 victam
1809 2585 2018 2672 legem
2062 2609 2214 2651 esse.

120 2660 301 2743 Tum,
340 2692 547 2760 prope
596 2674 725 2736 iam
762 2671 1067 2759 perculsis
1096 2608 1243 2736 ffiis
1286 2671 1574 2749 tribuniS,
1615 2672 1700 2735 A.
1741 2670 2090 2758 Virginius,
2135 2694 2218 2736 ex
2239 2696 2302 2744 Ei
2325 2696 2435 2746 dien

80 2748 109 2799 ⁶
122 2748 377 2839 collegio
406 2781 603 2836 unus,
630 2758 914 2823 Kaesoni
946 2758 1169 2858 capitis
1186 2758 1359 2823 diem
1388 2757 1563 2822 dicit.
1655 2758 1864 2822 Atrox
1887 2758 2216 2844 ingenium
2237 2760 2430 2811 dieitur.

124 2841 493 2909 accenderat
530 2868 613 2910 eo
656 2845 824 2908 fiicto
869 2867 933 2907 m
1132 2866 1325 2931 quam
1362 2856 1829 2909 conterruerat:
1893 2845 1970 2909 eo
2016 2845 2221 2908 acrius

126 2918 357 2990 obstare
415 2929 573 3018 legi,
634 2926 872 3017 agitare
931 2952 978 3016 p
1036 2931 1203 3007 bem,
1264 2931 1552 2995 tribunos
1608 2930 1786 2994 velut
1850 2929 2018 2995 iusto
2073 2954 2221 3017 per-

89 3010 295 3093 'lssequi
320 3012 513 3083 bello.
609 3016 964 3081 Accusator
990 3016 1122 3104 pati
1160 3038 1341 3082 reum
1368 3038 1574 3095 ruere,
1606 3016 2012 3103 invidiaeque
2039 3016 2221 3081 flam·

190 3203 215 3249 3
244 3194 347 3243 Per
376 3214 545 3251 onum
574 3202 839 3251 comitiales
868 3202 994 3260 dies]
1035 3202 1140 3250 Per

135 3264 281 3322 Q
314 3265 573 3313 nminat
608 3264 786 3314 melius
823 3264 1023 3313 dixisset
1059 3263 1138 3312 Li-

136 3326 247 3375 ”m’
278 3324 365 3381 qui
401 3329 677 3377 comitiales
712 3327 814 3376 sive
850 3329 1001 3375 fastos
1036 3328 1142 3376 dies

136 3388 1142 3517 ffiesffimmsffi

138 3512 185 3574 Ψ
219 3510 381 3561 urbem
416 3520 639 3567 tributim
672 3518 1010 3577 conveniebat,
1047 3517 1141 3565 dis-

138 3568 341 3643 ²¹¹¹8¹Jere
357 3580 539 3631 omisit.
585 3582 683 3631 Sed
704 3588 875 3643 postea
890 3584 997 3644 lege
1012 3582 1143 3629 Hor-

326 3642 559 3694 effectum
602 3650 660 3693 ut
701 3646 949 3695 nundinae
990 3646 1147 3693 festae

143 3704 300 3800 {Gent-
345 3704 819 3759 maanusaxtumi.
839 3708 912 3759 16.
940 3708 1147 3758 Niebhr.

177 3790 190 3803 ·
210 3773 256 3820 p.
278 3777 383 3828 ²¹3·

150 3836 407 3951 1¹¹⁴·eptum
428 3836 851 3961 qu‘iffafflffiffiodfl
869 3902 993 3949 ovito
1014 3837 1143 3948 &⁶022

148 3942 293 4011 bam,
321 3972 643 4025 unaquaeque
672 3964 828 4011 tribus
860 3978 922 4011 ex
956 3963 1143 4020 ordine,

156 4019 285 4065 9¹⁰⁰*-
308 4026 583 4091 vocabatur,
604 4042 693 4089 per
724 4031 915 4088 pontes,
936 4026 1038 4074 sive
1056 4041 1141 4074 an-

154 4079 303 4129 m
342 4084 441 4135 vias
478 4090 709 4149 intrabat,
752 4095 809 4138 ut
861 4089 1143 4151 suffiuffl'um

156 4130 291 4190 ‘¹⁸¹²‘-
322 4146 478 4202 Ouv.
520 4155 583 4203 cf.
605 4169 737 4217 supr.
760 4153 812 4203 ii.
838 4152 915 4216 56.

214 4212 244 4271 ‚⁵
275 4206 332 4275 βο
370 4220 649 4267 amovere
700 4218 841 4266 tuma
889 4216 1141 4275 ambone]

162 4254 389 4321 Nimirum
408 4279 635 4330 obstinati
666 4280 718 4329 in
746 4282 921 4330 eodem
944 4278 1147 4341 vestigio

162 4332 419 4388 lambuit
448 4358 559 4394 cum
591 4344 845 4395 clientium
882 4358 1053 4404 manu,
1084 4356 1149 4392 ne

1202 3202 1419 3263 populus
1458 3216 1512 3250 se
1561 3200 1615 3250 in
1657 3216 1771 3251 mas
1811 3201 1966 3251 tribus
2009 3203 2224 3265 digerere

1204 3272 1380 3327 posset.
1422 3266 1585 3315 emur.
1662 3264 1934 3314 Comitium
1977 3266 2127 3325 enim,
2170 3267 2222 3315 in

1205 3343 1303 3389 quo
1341 3329 1557 3389 populus
1593 3328 1696 3377 sive
1738 3328 1930 3390 patricii
1970 3330 2230 3390 convenieg

1203 3393 1341 3450 bant,
1379 3406 1491 3452 pars
1527 3393 1769 3453 quaedam
1808 3398 1912 3439 erat
1949 3392 2057 3451 fori,
2094 3400 2145 3441 et
2182 3395 2223 3443 si

1206 3455 1401 3515 quando
1429 3456 1570 3517 plebs
1599 3456 1652 3503 in
1684 3456 1914 3517 suffragia
1933 3456 2227 3516 mitteretur,

1204 3524 1313 3566 tum
1348 3517 1538 3580 patricii
1564 3534 1677 3567 cum
1701 3518 1962 3567 clientibus
1981 3520 2098 3578 suis,
2119 3520 2224 3581 qui-

1206 3583 1300 3629 bus
1326 3582 1427 3628 iam
1447 3581 1500 3629 in
1523 3582 1769 3641 centuriis,
1791 3582 1876 3629 sed
1897 3588 2014 3630 ante
2033 3584 2225 3632 decem·

1211 3644 1419 3694 virutum
1452 3660 1552 3693 non
1585 3646 1636 3692 in
1667 3645 1908 3703 tribubus,
1937 3651 2041 3693 erat
2071 3647 2227 3706 loeus,

1212 3708 1264 3757 in
1286 3706 1540 3756 comitium
1560 3724 1614 3757 se
1627 3709 2000 3769 submovebant,
2016 3715 2073 3757 ut
2093 3710 2228 3771 plebi

1205 3772 1414 3820 liberum
1440 3772 1694 3819 arbitrium
1716 3778 1843 3820 esset
1874 3772 1926 3820 in
1958 3772 2110 3822 ovilia
2131 3774 2225 3821 dis-

1206 3835 1427 3884 cedendi.
1492 3834 1497 3839 ’

1277 3896 1309 3948 6
1349 3900 1539 3961 Capitis
1571 3900 1721 3960 diem]
1781 3898 1862 3947 Ex
1909 3901 2018 3961 lege
2065 3900 2228 3959 Icilia,

1208 3977 1335 4023 quae
1386 3962 1639 4010 tribunum
1694 3962 1996 4025 interpellari
2055 3963 2228 4011 vetuit.

1207 4040 1339 4087 supr.
1364 4024 1413 4074 ii.
1435 4024 1514 4075 61.
1551 4025 1698 4075 Dion.
1724 4025 1804 4075 vii.
1833 4036 1906 4087 17.
1973 4027 2112 4085 Qua,
2142 4026 2230 4086 qui

1208 4088 1459 4137 tribunum
1509 4088 1872 4150 interpellasset
1920 4104 2034 4137 eum
2086 4089 2234 4136 vades

1208 4153 1325 4201 dare
1346 4158 1548 4201 cautum
1571 4157 1661 4211 est,
1683 4158 1740 4199 ut
1761 4152 1813 4200 in
1833 4152 2074 4201 iudicium
2097 4150 2230 4210 capi-

1208 4214 1273 4263 tis
1294 4220 1427 4264 certo
1448 4215 1530 4264 die
1549 4230 1604 4264 se
1623 4215 1828 4265 sisteret.

1278 4290 1305 4341 7
1342 4280 1502 4327 Reum
1535 4280 1710 4338 ruere]
1763 4278 1870 4327 Cic.
1909 4275 2010 4326 Off.
2048 4272 2117 4324 iii.
2157 4288 2234 4337 13.

1213 4342 1507 4405 Emptorem
1531 4341 1638 4403 pati
1659 4355 1815 4389 ruere.
