3000 4784
913 249 1547 315 PRAEFATIO.
2213 253 2298 316 vii

187 410 438 485 faciles
475 411 876 486 inventutis
910 413 1133 487 animi
1166 415 1622 501 luderentur,
1643 413 2021 510 reliquisse
2058 414 2303 488 existi-

189 535 458 600 metur.
589 529 750 600 Imo
821 552 1018 602 nunc
1089 529 1402 626 vestigiis
1469 529 1871 602 Annalium
1938 529 2303 616 insistenS,

189 667 392 717 nunc
453 667 588 741 per
647 643 1078 717 latissimum
1143 643 1458 717 liberalis
1522 644 1901 718 doctrinae
1962 667 2303 741 campum

189 758 462 832 mentis
514 758 748 832 aciem
803 759 878 831 in
930 783 1188 832 omnes
1221 767 1468 856 partes
1519 759 1935 847 intendens,
1976 761 2306 834 membra

197 872 549 947 Veritatis
610 872 913 948 disiecta
971 873 1093 972 pia
1154 882 1230 947 et
1289 874 1630 970 religiosa
1696 899 1921 948 manu
1980 873 2343 970 collegit,-

191 997 449 1088 atque,
481 999 568 1064 ut
601 991 824 1064 verba
855 988 1080 1088 ipsius
1115 989 1483 1086 loquentis
1519 991 1855 1077 referam,
1892 992 2301 1064 eburneum

189 1106 354 1203 ipse
370 1105 764 1179 humerum
789 1105 1091 1193 addidit,
1113 1130 1262 1203 quo
1287 1106 1521 1203 magis
1542 1105 1853 1204 effigiem
1878 1107 2143 1181 veteris
2164 1107 2303 1179 rei-

189 1219 556 1318 publicae,
591 1220 685 1295 ad
722 1221 964 1295 vivum
1001 1245 1450 1319 expressam,
1478 1223 1573 1296 ob
1611 1222 1866 1297 oculos
1902 1222 2303 1318 legentium

195 1345 531 1434 poneret.
613 1337 833 1420 Quod
859 1346 944 1411 ut
973 1337 1435 1436 aliquatenus
1469 1363 1604 1436 pro
1638 1347 1847 1436 parte
1882 1363 2049 1412 mea
2072 1338 2307 1424 fieret,

193 1452 716 1526 annotationes
799 1452 956 1528 illas
1039 1454 1529 1552 interpretum
1615 1452 2029 1542 doctorum,
2114 1479 2303 1552 quae

193 1567 448 1666 potius
487 1568 580 1641 ad
631 1592 748 1641 res
797 1576 1151 1657 narrataS,
1187 1594 1406 1668 quam
1463 1569 1559 1644 ad
1603 1569 1958 1644 lectiones
2004 1569 2307 1644 inusita-

194 1683 424 1756 tiores
473 1692 831 1781 spectent,
875 1685 1229 1782 excerpsi,
1267 1693 1342 1758 et
1394 1709 1564 1757 cum
1616 1685 1825 1760 novis
1866 1683 2305 1782 quibusdam

197 1822 337 1896 pro
375 1797 759 1872 occasione
795 1799 1110 1874 breviter
1145 1799 1449 1873 intexui.

307 1914 588 1988 Vereor
653 1913 1018 2010 equidem,
1079 1938 1173 1987 ne
1225 1913 1404 1988 mihi
1463 1914 1838 1990 interdum
1901 1914 2309 1988 irascantur

197 2028 448 2103 Latini
502 2030 860 2103 sermonis
905 2029 1158 2116 critici,
1199 2030 1397 2127 quod
1450 2030 1653 2106 locos
1706 2030 2064 2127 quosdam
2110 2029 2308 2127 apud

195 2155 538 2220 nostrum
573 2146 980 2220 salebrosos
1015 2146 1511 2244 neglexerim:
1565 2169 1753 2244 quos
1788 2155 2038 2219 tamen
2072 2153 2157 2217 ut
2191 2169 2309 2218 ac-

199 2261 525 2336 curatius
571 2262 1038 2360 explicarem,
1074 2263 1260 2337 ratio
1294 2285 1594 2360 prorsus
1639 2261 1781 2335 alia
1816 2285 2081 2360 operae
2124 2268 2312 2334 tem-

199 2377 571 2475 porisque,
633 2402 855 2475 quam
916 2403 1106 2477 quae
1175 2379 1555 2476 proposito
1621 2402 1790 2451 meo
1858 2377 2312 2463 conveniret,

199 2492 530 2568 ineunda
559 2491 770 2567 foret.
879 2493 1073 2567 Illud
1122 2503 1370 2566 tamen
1405 2493 1717 2566 lectores
1752 2516 1959 2565 meos
1993 2491 2312 2566 monitos

200 2607 450 2696 velim,
497 2609 710 2707 plura
761 2609 952 2707 apud
1006 2616 1342 2682 nostrum
1395 2607 1726 2693 inveniri,
1773 2630 1963 2703 quae
2014 2630 2163 2678 non
2218 2606 2311 2679 de

201 2723 489 2797 Latinis
567 2724 891 2798 fontibus
970 2724 1304 2809 derivari,
1387 2723 1512 2796 sed
1598 2722 1965 2796 Graecum
2041 2711 2316 2817 aliquid

202 2864 460 2938 sapere
487 2839 851 2926 videntur,
879 2849 953 2914 et
980 2864 1192 2938 quae,
1223 2849 1309 2914 ut
1345 2837 1583 2913 verbis
1612 2835 2085 2921 Quinctiliani
2120 2845 2311 2923 utar,

204 2965 254 2997 “
279 2980 429 3030 non
483 2957 889 3031 orationem
928 2957 1366 3044 Romanam,
1407 2954 1538 3029 sed
1591 2954 1885 3028 civitate
1922 2953 2313 3028 donatam”

203 3070 581 3159 referunt;
639 3081 862 3170 atque
922 3071 1105 3146 haec
1170 3095 1286 3145 res
1341 3070 1521 3144 mihi
1584 3069 1901 3144 maxime
1956 3069 2033 3141 in
2094 3092 2318 3143 causa

203 3186 428 3261 fuisse
479 3187 789 3276 videtur,
843 3213 973 3262 cur
1024 3188 1469 3262 Patavinitas
1527 3186 1667 3260 ista
1719 3196 1971 3259 nostro
2025 3185 2313 3259 obiecta

201 3302 446 3388 fuerit,
499 3311 575 3376 et
610 3301 932 3376 Velleius
979 3303 1348 3400 ceterique
1387 3302 1856 3376 historiarum
1911 3300 2308 3399 scriptores

209 3417 500 3492 Livium
561 3420 892 3517 quamvis
961 3418 1637 3516 eloquentissimum
1700 3417 2182 3502 deseruerint,
2239 3425 2317 3489 et

211 3543 260 3574 “
283 3557 449 3636 sese
535 3536 869 3609 certatim
957 3535 1050 3609 ad
1127 3534 1555 3610 Sallustium
1634 3533 2068 3607 imitandum
2142 3556 2319 3606 con-

211 3649 518 3723 tulerint
534 3652 640 3723 *3⁹

317 3765 436 3837 Ne
506 3773 750 3838 tamen
825 3766 1094 3841 diutius
1163 3775 1261 3853 te,
1333 3765 1614 3840 erudite
1688 3764 1982 3849 Lector,
2052 3786 2319 3848 morer,

215 3881 732 3954 annotationes
758 3905 984 3968 meas,
1013 3882 1070 3954 si
1098 3881 1298 3955 nulla
1323 3880 1465 3954 alia
1497 3906 1601 3967 re,
1631 3889 1827 3953 certe
1855 3877 1996 3953 hoc
2023 3877 2320 3952 nomine

213 3995 414 4069 haud
474 3996 794 4092 ingratas
847 3996 976 4070 tibi
1029 3996 1309 4071 futuras
1370 4020 1610 4094 sper0,
1664 3993 1865 4092 quod
1920 3995 1990 4066 in
2057 3993 2321 4067 Latino

433 4243 464 4275 ⁸
506 4242 590 4296 Cf.
619 4242 926 4296 Ruhnkenii
954 4242 1127 4297 Praef.
1154 4243 1224 4296 ad
1249 4243 1314 4296 C.
1347 4243 1540 4298 Velleii
1569 4242 1840 4299 Paterculi
1865 4242 2127 4298 historias.
