3000 4784
349 311 544 362 Foedus

348 391 460 423 cum

351 440 553 490 Latinis.

461 2205 563 2268 53.

356 2388 555 2437 Bellum

356 2468 468 2526 cum
493 2454 608 2502 Vol-

354 2531 458 2566 scis.

673 169 758 231 60
1446 166 1668 236 ΤΙΤΙ
1721 164 1991 231 LIVII

674 300 1077 401 Tarquinius,
1109 301 1622 390 collaudatisque,
1654 302 1766 389 qui
1795 302 2091 367 Turnum
2130 312 2471 365 novantem
2506 319 2607 363 res
2634 319 2755 384 pro

673 388 1003 453 manifesto
1023 389 1358 488 parricidio
1379 391 1607 454 merita
1626 411 1833 489 poena
1852 388 2223 464 affecissent,
2248 389 2337 451 ita
2357 387 2553 452 verba
2570 385 2751 450 fecit:

675 483 694 512 ‘
715 474 907 539 Posse
945 475 1204 561 quidem
1239 498 1304 540 se
1344 487 1592 540 vetusto
1636 498 1770 539 iure
1810 498 2014 562 agere,
2106 473 2252 550 uod,
2290 495 2489 560 quum
2532 491 2759 535 omnes

674 569 695 598 ‘
710 561 927 626 Latini
957 565 1039 628 ab
1075 561 1246 626 Alba
1285 561 1537 626 oriundi
1576 563 1721 639 sint,
1752 562 1817 624 in
1848 585 1926 626 eo
1954 498 2207 625 foedere
2238 571 2594 634 teneantur,
2625 579 2757 644 quo

673 655 694 684 ‘
709 648 788 711 ab
819 647 1010 712 Tullo
1040 670 1139 713 res
1173 649 1375 713 omnis
1406 648 1663 714 Albana
1689 671 1835 713 cum
1864 648 2103 712 colonis
2128 647 2256 710 suis
2282 647 2351 710 in
2388 645 2759 709 Romanum

675 741 695 770 ‘
711 734 964 798 cesserit
990 735 1341 821 imperium.
1408 733 1713 799 Ceterum
1742 756 1808 798 se
1832 733 2117 798 utilitatis
2146 732 2213 796 id
2242 732 2439 818 magis
2466 730 2759 796 omnium

675 827 695 856 ‘
712 842 900 884 causa
925 843 1198 897 censere,
1231 833 1305 886 ut
1331 834 1669 886 renovetur
1696 820 1762 884 id
1796 820 2051 885 foedus:
2098 819 2499 904 secundaque
2544 815 2763 903 potius

676 915 695 943 ‘
712 906 964 971 fortuna
1099 907 1236 994 puli
1297 907 1573 972 Romani
1638 919 1711 970 ut
1772 905 2107 994 participes
2170 905 2384 970 Latini
2444 903 2759 978 stuannu,

678 1000 697 1029 ‘
715 1015 904 1078 quam
935 1015 1010 1056 ur
1052 994 1184 1057 ium
1215 992 1464 1058 excidia
1499 993 2001 1079 vastationesque
2032 1013 2341 1078 agrorum,
2378 1012 2537 1078 quas
2568 989 2761 1053 Anco

677 1086 698 1116 ‘
714 1079 904 1164 prius,
950 1092 1126 1166 patre
1170 1079 1402 1144 deinde
1457 1103 1571 1144 suo
1624 1093 1946 1166 regnante,
2184 1078 2266 1142 ssi
2318 1077 2461 1153 sint,
2506 1097 2763 1162 semper

678 1173 698 1202 ‘
719 1178 828 1228 aut
857 1177 1241 1252 exspectent,
1273 1180 1383 1232 aut
1410 1165 1767 1252 patiantur.’
1810 1101 2363 1230 Haufedffimlter
2386 1183 2763 1250 persuasum
2778 1175 2807 1224 5

675 1251 941 1329 Latinis,
973 1275 1338 1339 quanquam
1366 1253 1434 1317 in
1463 1274 1542 1317 eo
1570 1251 1823 1317 foedere
1852 1251 2137 1339 superior
2160 1250 2449 1314 Romana
2476 1271 2579 1313 res
2598 1261 2757 1312 erat.

680 1336 984 1402 Ceterum
1033 1351 1102 1404 et
1151 1340 1358 1426 capita
1401 1339 1674 1403 nominis
1722 1337 1939 1402 Latini
1998 1351 2160 1402 stare
2209 1359 2281 1401 ac
2331 1335 2564 1400 sentire
2608 1357 2763 1398 cum

673 1445 821 1510 rege
851 1425 1170 1502 videbant,
1201 1439 1268 1490 et
1297 1425 1555 1490 Turnus
1582 1425 1679 1488 sui
1710 1424 1941 1512 cuique
1979 1422 2261 1512 periculi,
2299 1423 2351 1486 si
2392 1421 2763 1486 adversatus

676 1524 858 1586 esset,
909 1532 1130 1575 recens
1185 1523 1321 1575 erat
1375 1511 1846 1575 documentum.
1937 1509 2038 1575 Ita
2091 1521 2460 1574 renovatum
2509 1507 2759 1583 foeduS,

675 1595 988 1660 indictum
1036 1619 1116 1660 ue
1144 1597 1493 1661 iunioribus
1523 1596 1916 1674 Latinorum,
1956 1610 2030 1660 ut
2058 1618 2141 1662 ex
2167 1595 2419 1660 foedere
2449 1594 2554 1659 die
2586 1607 2764 1658 certa

677 1680 760 1744 ad
787 1682 1002 1746 lucum
1085 1683 1404 1747 erentinae
1435 1684 1657 1747 armati
1688 1683 2051 1770 frequentes
2077 1683 2383 1747 adessent.
2478 1679 2613 1756 Qui
2648 1679 2763 1744 ubi

677 1767 760 1831 ad
795 1767 1076 1832 edictum
1106 1767 1382 1834 Rotnani
1420 1771 1587 1856 regis
1628 1791 1711 1834 ex
1746 1771 2037 1834 omnibus
2074 1767 2325 1857 populis
2362 1788 2757 1842 convenere3

677 1877 760 1918 ne
790 1853 1020 1918 ducem
1049 1877 1252 1932 suum,
1283 1877 1442 1920 neve
1473 1869 1787 1920 secretum
1815 1856 2168 1943 imperium,
2208 1854 2535 1943 propriave
2576 1853 2762 1940 signa

677 1939 1002 2018 haberent,
1033 1941 1282 2005 miscuit
1311 1942 1667 2027 manipulos
1692 1965 1775 2008 ex
1806 1941 2050 2006 Latinis
2090 1941 2541 2026 Romanisque,
2574 1953 2647 2003 ut
2674 1961 2760 2004 ex
2776 1947 2809 1997 6

677 2025 842 2090 binis
871 2026 1148 2114 singulos
1184 2027 1433 2104 faceret,
1465 2028 1775 2115 binosque
1803 2051 1885 2092 ex
1922 2027 2201 2116 singulis.
2292 2027 2395 2092 Ita
2420 2025 2761 2113 geminatis
2781 2037 2809 2088 7

678 2112 1014 2199 manipulis
1043 2114 1444 2178 centuriones
1472 2114 1791 2201 imposuit.

769 2197 930 2276 Nec,
972 2211 1046 2264 ut
1083 2201 1352 2264 iniustus
1392 2201 1460 2264 in
1495 2223 1652 2287 pace
1696 2223 1829 2278 rex,
1866 2201 1955 2265 ita
1993 2201 2125 2265 dux
2158 2200 2309 2265 belli
2348 2221 2575 2287 pravus
2616 2197 2757 2262 fuit.

686 2283 864 2360 Quin
893 2308 968 2350 ea
993 2299 1126 2350 arte
1156 2297 1482 2373 aequasset
1510 2287 1859 2387 superiores
1887 2309 2083 2374 reges,
2112 2287 2181 2350 ni
2209 2287 2659 2372 degeneratum
2690 2285 2761 2348 in
2778 2295 2809 2342 8

680 2369 816 2435 aliis
872 2372 1022 2436 huic
1073 2395 1326 2460 quoque
1385 2373 1599 2438 decori
1656 2374 1981 2439 offecisset.
2093 2373 2159 2438 Is
2213 2373 2452 2460 primus
2510 2371 2763 2436 Volscis

678 2457 916 2524 bellum
937 2460 1005 2523 in
1035 2458 1339 2525 ducentos
1367 2459 1634 2547 amplius
1659 2472 1805 2560 post
1826 2482 1999 2524 suam
2018 2473 2288 2524 aetatem
2310 2481 2509 2523 annos
2538 2457 2760 2534 movit,

683 2543 1098 2633 Suessamque
1127 2546 1479 2612 Pometiam
1516 2570 1596 2612 ex
1628 2547 1725 2611 h1s
1753 2547 1816 2611 vi
1850 2547 2033 2634 cepit.
2128 2545 2258 2610 Ubi
2296 2567 2495 2633 quum
2535 2544 2765 2608 diven-

677 2631 890 2696 denda
909 2633 1144 2731 praeda
1163 2633 1582 2720 quadraginta
1610 2633 1847 2697 talenta
1866 2633 2110 2719 argenti
2126 2632 2387 2732 aurique
2410 2631 2757 2706 refecisset3
2778 2649 2807 2697 9

677 2732 969 2805 conceplt
995 2719 1208 2783 animo
1229 2743 1370 2784 eam
1393 2718 1875 2806 amplitudinem
1907 2718 2071 2785 Iovis
2092 2717 2331 2805 templi,
2363 2741 2525 2805 quae
2564 2717 2763 2804 digna

743 2971 770 3021 5
804 2961 1103 3007 Persuasum
1124 2960 1341 3018 Latinis]
1382 2959 1462 3007 Ita
1495 2957 1682 3022 Diony-
1745 2960 2016 3020 appellatio
2048 2960 2163 3010 inde
2185 2962 2333 3009 ducta
2351 2960 2461 3018 fuit,
2482 2959 2765 3009 auctoribus

679 3021 776 3070 sius
807 3022 869 3070 iv.
894 3033 970 3082 47.
1036 3023 1221 3070 Contra
1251 3022 1426 3071 Cicero
1459 3023 1520 3070 de
1554 3022 1681 3084 Rep.
1750 3023 1880 3071 Plut.
1916 3024 1967 3071 in
2001 3025 2233 3084 Romu10,
2262 3031 2312 3074 et
2341 3023 2483 3074 Ovid.
2524 3025 2655 3073 Fast.
2687 3024 2761 3073 iii.

679 3085 726 3134 ii.
769 3100 844 3146 24.
910 3087 943 3111 ‘⁸
962 3085 1123 3134 Omne
1163 3085 1392 3134 Latinum
1431 3087 1563 3134 bello
1602 3088 1682 3135 de-
1746 3089 1877 3148 quod
1914 3087 1948 3136 ii
1982 3089 2065 3150 qui
2100 3090 2369 3137 Romulum
2408 3088 2563 3150 primo
2603 3088 2763 3136 secuti

681 3149 845 3198 vicit.”
925 3149 986 3198 In
1032 3149 1188 3212 primo
1232 3150 1688 3212 Carthaginiensum
1750 3157 1881 3211 sunt,
1902 3167 1989 3214 pro
2018 3151 2164 3214 signis
2192 3152 2478 3202 militaribus
2498 3152 2763 3202 habuerint

679 3229 791 3262 cum
836 3213 1074 3263 Romanis
1117 3214 1308 3264 foedere
1363 3216 1496 3277 apud
1542 3215 1687 3278 Poly-
1753 3216 1975 3277 perticas,
1992 3231 2116 3278 quae
2131 3217 2405 3278 manipulos
2418 3216 2611 3265 foeniin
2628 3232 2759 3265 sum-

677 3277 812 3326 bium
832 3277 897 3326 iii.
918 3292 992 3326 22.
1012 3278 1214 3340 legimus
1223 3278 1329 3336 μηδ’
1351 3277 1504 3326 ἄλλον
1516 3277 1691 3338 μηδένα
1752 3294 1834 3327 mo
1856 3279 2095 3340 praefixos
2114 3285 2370 3343 gestarent.
2402 3281 2564 3330 Cusv.

677 3339 901 3399 Aua-ivm,
923 3341 1098 3404 ὅσοιάν
1134 3341 1336 3398 ὑπήκοοι.
1371 3341 1454 3390 ἐὰν
1484 3341 1539 3390 δέ
1567 3360 1691 3391 τινες
1816 3344 1847 3391 8
1883 3345 2241 3406 Deyenoramm
2276 3347 2332 3392 ὗη
2364 3346 2501 3404 aliis]
2544 3345 2597 3392 Ν
2598 3343 2656 3392 isi
2687 3343 2760 3403 id,

678 3405 744 3464 μὴ
773 3403 887 3453 ὦσιν
917 3404 1124 3466 ὑπήκοοι,
1145 3407 1240 3454 τῶν
1268 3403 1452 3454 πόλεων
1483 3405 1688 3468 &rato-—
1752 3407 1883 3468 quod
1904 3407 1955 3455 in
1976 3407 2084 3456 aliis
2099 3410 2243 3457 rebus
2256 3409 2597 3471 degeneratum
2614 3414 2761 3468 emet,

681 3473 846 3518 θωσαν.
1752 3471 2001 3520 offecisset.
2082 3471 2165 3520 Ita
2211 3473 2387 3536 passim
2435 3471 2602 3520 Livius
2648 3487 2759 3534 par-

743 3531 776 3582 6
806 3534 1017 3582 Miscuit
1050 3535 1348 3595 manipulos]
1403 3534 1519 3583 Hoc
1562 3540 1683 3582 tem·
1746 3534 1827 3582 tici
1832 3535 1912 3596 pio
1931 3534 2100 3594 utitur,
2122 3551 2217 3598 quo
2246 3537 2314 3584 rei
2344 3551 2536 3584 causam
2558 3535 2761 3596 indicet,

681 3612 798 3660 pore
829 3599 1054 3645 Romana
1085 3597 1214 3646 acies
1243 3597 1412 3646 similis
1443 3598 1684 3660 Phalangi

682 3661 1046 3720 Macedonicae,
1073 3676 1232 3722 neque
1262 3663 1422 3710 adhuc
1462 3662 1685 3724 manipu—

683 3724 820 3772 latim
843 3731 1025 3772 structa
1045 3732 1165 3783 erat,
1185 3724 1293 3774 infr.
1313 3726 1407 3774 viii.
1432 3727 1476 3774 8.
1499 3726 1584 3774 sed
1609 3727 1687 3774 Li-

683 3789 788 3836 vius
807 3803 910 3836 rem
931 3789 1198 3850 antiquam,
1217 3804 1314 3850 quo
1335 3790 1486 3852 mag-is
1519 3790 1691 3838 clarior

681 3852 951 3926 legentibus
991 3858 1132 3912 esset,
1173 3853 1448 3902 nominibus
1487 3854 1688 3902 recenti·

683 3918 843 3965 onbus
864 3915 1100 3978 exposuit.

750 3993 777 4043 7
808 3983 892 4029 Ea·
913 3982 1039 4027 binis
1057 3981 1297 4041 einyulos]
1333 3983 1418 4029 Ea·
1439 3981 1566 4028 binis
1585 3997 1685 4030 ma-

681 4044 863 4107 nipulis
897 4046 1112 4105 singulos
1143 4043 1284 4103 fecit:
1321 4043 1352 4093 i.
1375 4060 1417 4092 e.
1448 4044 1626 4093 milites
1656 4061 1687 4094 e

681 4109 806 4157 binis
841 4107 1102 4170 manipulis
1137 4109 1415 4170 desumptus
1448 4109 1496 4156 in
1531 4125 1683 4157 unum

683 4172 1685 4299 ffiii'ssmdu‘ffssnssfflssifflssufi‘fflffi

685 4301 736 4349 in
772 4301 912 4350 binos
941 4299 1192 4350 distribuit.
1259 4301 1410 4350 Porro
1442 4303 1684 4364 manipuli

1746 3613 1879 3647 more
1896 3598 2214 3661 Thucydideo
2230 3616 2273 3649 e.
2284 3616 2331 3663 g.
2346 3599 2405 3647 τὸ
2418 3598 2577 3648 δεδιὸς.
2603 3600 2762 3650 Haud

1748 3662 1847 3710 scio
1890 3678 1953 3710 an
1998 3663 2119 3712 haec
2163 3664 2393 3726 loquendi
2436 3665 2591 3712 forma
2632 3665 2761 3712 inter

1752 3726 1872 3774 alias
1893 3741 2061 3774 causas
2086 3733 2229 3788 esset,
2250 3744 2336 3776 cur
2358 3727 2496 3777 Livio
2516 3731 2760 3777 Palam&-

1752 3797 1827 3838 τω
1848 3792 2207 3852 exprobaretur.

1827 3869 1859 3918 9
1912 3856 2275 3918 Quadrayn’nta]
2388 3857 2763 3918 Quadrinym

1750 3917 1893 3966 Grut.
1918 3917 2068 3968 Gron.
2094 3919 2247 3969 Drak.
2306 3921 2405 3970 Sed
2426 3925 2638 3968 veterem
2661 3920 2759 3968 lee-

1749 3980 1931 4029 tionem
1981 3986 2309 4046 quadraginta
2360 3984 2541 4033 Stroth.
2596 3983 2758 4033 Bekk.

1752 4044 1954 4094 Niebhr.
1978 4049 2197 4108 probant.
2272 4049 2563 4110 Suspectum
2595 4054 2670 4098 est
2700 4047 2759 4095 il-

1746 4110 1834 4158 lud
1856 4113 2079 4173 aurique,
2102 4113 2231 4174 quod
2254 4112 2493 4160 omittitur
2523 4113 2573 4160 in
2607 4111 2758 4174 pluri-

1746 4175 1836 4220 bus
1858 4180 1957 4235 opt.
1989 4177 2128 4224 codd.
2150 4176 2415 4224 Talentum
2430 4182 2593 4224 autem
2622 4175 2759 4224 ltali-

1746 4253 1857 4310 cum
1876 4245 2069 4287 centum
2079 4241 2241 4302 pondo
2251 4241 2457 4289 valebat.
2478 4241 2541 4289 ef.
2552 4240 2605 4289 N
2606 4239 2758 4290 iebhr.

1747 4316 1779 4350 1.
1802 4307 1902 4350 not.
1926 4317 1945 4350 1
1958 4317 2061 4364 135.
