3000 4784
713 198 847 268 320
1495 196 1723 263 ΤΙΤΙ
1776 194 2049 263 LIVII

383 344 454 397 U.
472 345 538 398 c,
562 345 675 411 361.
713 354 848 401 esse
925 346 1106 399 uarta
1139 333 1356 422 vigilia
1392 334 1589 399 iubet.
1684 333 1771 399 Et
1798 334 2030 410 hostes,
2071 345 2451 397 nocturnam
2476 330 2717 418 fugam
2750 352 2869 400 ex?

381 411 446 463 A·
478 410 548 475 (ἶ.
565 426 676 477 39¹·
715 432 896 484 tumu
919 444 962 485 o
993 421 1430 486 Romanorum
1461 434 1537 485 ut
1565 422 1645 486 ab
1662 443 1740 486 ea
1765 421 1887 498 via,
1912 443 2077 506 quae
2105 419 2349 483 ferebat
2366 416 2831 505 Verruginem,
2937 490 2938 493 Ἴ

713 505 1147 584 excluderent,
1195 507 1376 573 fuere
1431 507 1636 573 obvii:
1697 506 2011 594 proelium
2060 530 2141 570 ue
2202 516 2351 569 ante
2408 504 2633 569 lucem
2690 502 2833 589 (aed
2937 572 2938 575 Ἴ

710 591 864 656 luna
891 615 1134 691 pernox
1165 592 1330 679 erat)
1347 594 1751 658 commissum
1775 605 1905 657 est:
1954 606 2021 657 et
2130 592 2222 656 ud
2251 590 2557 657 incertius
2590 590 2875 655 diurnos

712 678 956 765 proeho
994 678 1132 743 fuit.
1229 680 1358 745 Sed
1387 679 1625 744 clamor
1653 679 2082 766 Verruginem
2117 676 2416 765 perlatuS,
2448 700 2671 763 quum
2702 700 2837 741 cas-

601 786 604 791 ·
715 777 812 829 tra
855 764 1148 831 Romana
1189 766 1526 831 crederent
1566 767 1941 854 oppugnari,
1988 777 2237 829 tantum
2280 764 2505 828 iniecit
2544 764 2833 863 pavor-ia,

715 863 807 927 ut,
849 852 1276 939 nequicquam
1321 853 1637 917 retinente
1682 864 1875 939 atque
1918 852 2287 916 obsecrante
2332 850 2651 926 Aemillo,
2698 849 2839 913 Tu·-

715 936 960 1001 sculum
1006 938 1200 1024 palati
1249 938 1561 1025 fugerent.
1654 937 1815 1003 Inde
1866 938 2035 1002 fama
2082 937 2357 1001 Romam
2403 936 2667 1022 perlata
2718 948 2833 1011 est,

715 1022 1117 1089 Postumium
1161 1026 1644 1111 exercitumque
1692 1024 1989 1089 occisum.
2086 1023 2239 1099 Qui,
2286 1023 2397 1087 ubi
2448 1022 2674 1110 prima
2720 1021 2835 1085 lux
2937 1026 2938 1031 ’

717 1122 960 1175 metum
1005 1112 1376 1176 insidiarum
1419 1112 1617 1177 effuse
1662 1111 2074 1198 sequentibus
2112 1109 2384 1185 sustulit,
2420 1132 2641 1195 quum
2686 1130 2833 1195 per-
2846 1137 2875 1184 9

717 1198 1062 1283 equitasset
1089 1198 1312 1275 aciem,
1343 1198 1649 1298 promissa
1675 1206 1991 1284 repetens,
2022 1209 2273 1261 tantum
2302 1195 2528 1261 iniecit
2556 1194 2833 1269 ardori&

716 1296 790 1348 ut
831 1307 964 1349 non
1010 1285 1177 1349 ultra
1217 1284 1633 1349 sustlnuerint
1676 1284 1987 1370 impetum
2031 1282 2268 1370 Aequi.
2363 1280 2627 1347 Caedes
2678 1280 2831 1345 inde

712 1370 1112 1520 ffenfium,
1145 1370 1348 1458 qualis
1391 1370 1505 1435 ubi
1534 1370 1629 1434 ira
1666 1369 1884 1457 magiS,
1916 1392 2109 1456 quam
2136 1369 2392 1445 virtute,
2422 1390 2527 1433 res
2646 1368 2831 1441 ritur,

847 1458 1194 1544 perniciem
1241 1456 1523 1522 hostium
1566 1457 1735 1521 facta
1778 1469 1910 1533 est3
1964 1456 2337 1541 tristemque
2395 1455 2479 1518 ab
2532 1392 2835 1521 ‘feusculo

715 1543 1032 1620 nuntium,
1063 1544 1492 1631 nequicquam
1522 1542 1825 1607 exterrita
1851 1542 2123 1619 civitate,
2154 1540 2374 1605 literae
2403 1563 2444 1603 a
2482 1540 2831 1606 Postumio

713 1628 1030 1694 laureatae
1087 1644 1476 1715 sequuntur:
1558 1638 1578 1667 ‘
1595 1627 1947 1695 Victoriam
2012 1626 2235 1715 populi
2294 1627 2579 1693 Romani
2646 1649 2789 1693 esse
2808 1648 2829 1699 ;
2851 1646 2869 1679 ι

719 1722 739 1751 ‘
767 1714 1138 1814 Aequorum
1168 1718 1521 1783 exercitum
1551 1715 1883 1780 deletum.'·

497 1812 598 1873 29.
803 1800 866 1863 T
864 1802 1238 1865 ribunorum
1294 1802 1498 1887 plebis
1556 1802 1839 1867 actiones
1934 1800 2043 1867 uia
2090 1799 2381 1866 nondum
2439 1800 2831 1865 invenerant

713 1884 931 1963 finem,
977 1898 1044 1950 et
1087 1886 1270 1973 plebs
1315 1888 1689 1953 continuare
1733 1888 1919 1953 laton
1964 1911 2037 1952 us
2082 1887 2243 1974 legis
2288 1886 2719 1963 tribunatum,
2762 1898 2827 1949 et

715 1984 924 2059 patres
951 1972 1212 2038 reficere
1242 1973 1687 2039 intercessores
1714 1974 1872 2062 legis
1900 1974 2107 2039 annisi
2134 1985 2285 2038 sunt
2301 1995 2330 2037 ε·
2366 1972 2481 2037 sed
2508 1973 2669 2060 plus
2698 1972 2827 2037 suis

391 2076 458 2127 U.
483 2077 543 2127 ο.
570 2076 679 2140 362.
715 2058 986 2123 comitiis
1031 2059 1212 2146 plebs
1257 2059 1472 2125 valuit.
1571 2060 1785 2136 Quem
1835 2061 2123 2125 dolorem
2182 2059 2301 2123 ulti
2359 2059 2585 2124 Patres
2650 2070 2821 2133 sunt,

387 2142 450 2191 A.
483 2144 545 2192 0·
569 2156 678 2207 390·
719 2146 1272 2211 senatusconsulto
1287 2146 1472 2225 facto,
1499 2159 1571 2212 ut
1588 2147 1897 2226 consules,
1928 2147 2165 2211 invisus
2185 2145 2362 2233 plebi
2391 2146 2820 2233 magistratus,

389 2254 448 2303 L.
471 2254 703 2304 Lucretio
717 2245 1098 2297 crearentur.
1190 2233 1460 2298 Annum
1600 2246 1627 2297 t
1648 2234 1947 2319 quintum
1968 2234 2289 2297 decimum
2310 2232 2505 2297 creati
2522 2231 2825 2297 consules
2937 2286 2938 2289 ,

379 2318 490 2394 83³¹·-
515 2319 678 2382 Sulpi·
717 2318 794 2383 L.
822 2319 1159 2386 Lucretius
1182 2319 1429 2397 Flavus,
1550 2342 1598 2383 r.
1637 2319 1955 2407 Sulpicius
1998 2317 2393 2383 Camerinus·
2483 2318 2823 2405 Principio

387 2397 466 2430 ⁶¹⁰
482 2384 620 2433 Coss.
715 2405 906 2470 huius
949 2406 1120 2483 anni,
1152 2406 1464 2484 ferociter,
1496 2406 1651 2493 quia
1693 2428 1885 2471 nemo
1926 2428 2011 2471 ex
2052 2404 2321 2491 collegio
2356 2405 2823 2471 intercessurus

719 2505 874 2570 erat,
896 2493 1126 2558 coortis
1157 2493 1239 2557 ad
1269 2493 1713 2581 perferendam
1740 2492 1949 2579 legem
1970 2492 2240 2557 tribunis
2267 2491 2491 2578 plebis,
2522 2514 2651 2557 nec
2682 2514 2821 2577 seg·

717 2580 860 2643 nius
889 2580 973 2644 ob
1002 2579 1072 2643 id
1100 2580 1308 2666 ipsum
1337 2579 1703 2644 consulibus
1734 2578 2189 2655 resistentibuS,
2220 2578 2523 2664 omnique
2554 2579 2819 2643 civitate

717 2666 784 2728 in
805 2688 998 2730 unam
1019 2688 1161 2730 eam
1179 2688 1396 2730 curam
1419 2688 1741 2743 conversa,
1767 2664 2093 2729 Vitelliam
2114 2663 2429 2729 coloniam
2453 2664 2819 2730 Romanam

717 2752 786 2815 in
829 2774 944 2816 suo
987 2774 1138 2836 agro
1169 2752 1387 2838 Aequi
1431 2762 1820 2838 expugnant.
1916 2750 2309 2815 Colonorum
2354 2773 2499 2837 pars
2538 2752 2821 2817 maxima

716 2835 1071 2913 incolumia
1103 2836 1256 2923 quia
1291 2850 1479 2903 nocte
1510 2836 1869 2924 proditione
1910 2858 1950 2901 o
2039 2836 2219 2901 idum
2262 2851 2519 2925 captum
2548 2837 2819 2904 liberam

716 2943 830 3071 {er
881 2944 1096 2985 aversa
1140 2923 1314 2987 urbis
1361 2923 1579 3009 fugam
1629 2922 1913 3001 dederat,
2028 2945 2239 2987 omam
2290 2924 2647 3010 perfugere.
2740 2922 2813 2987 L.

781 3007 1024 3070 ucretio
1074 3007 1319 3072 consuli
1367 3032 1446 3072 ea
1499 3010 1827 3095 provincia
1876 3009 2107 3073 evenit.
2199 3008 2284 3086 Is,
2330 3032 2476 3076 cum
2524 3011 2813 3077 exercitu

717 3091 1053 3179 profectuS,
1107 3092 1242 3157 acie
1287 3092 1499 3158 hostes
1544 3095 1735 3173 vicit3
1780 3095 2109 3181 victorque
2160 3095 2429 3162 Romam
2476 3096 2560 3159 ad
2612 3097 2814 3162 maius

391 3191 508 3240 Duo
526 3190 700 3267 'rr-‚PL
717 3178 1044 3266 aliquanto
1078 3198 1404 3245 certamen
1441 3180 1626 3246 redit.
1720 3181 1881 3245 Dies
1914 3180 2087 3245 dicta
2121 3193 2258 3245 erat
2296 3180 2567 3245 tribunis
2610 3182 2813 3269 plebis

389 3262 682 3369 :amaad
715 3266 958 3331 biennii
977 3266 1313 3355 superioris
1331 3268 1414 3332 A.
1436 3267 1731 3355 Virginio
1748 3280 1815 3331 et
1836 3266 1919 3341 Q.
1942 3267 2327 3355 Pomponio:
2420 3290 2535 3332 uos
2552 3266 2811 3334 defendi

497 3335 612 3369 amn
685 3355 699 3370 ‘
717 3352 980 3417 Patrum
999 3376 1309 3418 consensu
1329 3354 1411 3418 ad
1427 3353 1621 3417 fidem
1641 3366 1896 3419 senatus
1913 3354 2291 3441 pertinebat.
2452 3374 2621 3439 eque
2640 3354 2811 3419 enim

717 3461 825 3504 eos
865 3452 980 3503 aut
1006 3440 1170 3505 vitae
1216 3439 1348 3505 ullo
1378 3440 1643 3504 crimine
1686 3440 1813 3504 alio
1857 3454 1967 3504 aut
1994 3440 2157 3526 gesti
2201 3439 2603 3527 magistratus
2692 3440 2809 3505 uis-

713 3548 910 3613 quam
945 3527 1266 3613 arguebat,
1307 3540 1753 3613 praeterquam
1787 3526 1982 3613 quod,
2022 3525 2450 3613 gratificantes
2492 3524 2677 3591 Patri
2720 3548 2807 3602 us,

781 3794 808 3846 7
841 3786 1148 3833 Nocturnum
1169 3786 1378 3847 suqam]
1435 3787 1511 3837 Ut
1546 3787 1727 3835 Roma-
1794 3800 1891 3849 que
1934 3792 2066 3837 certe
2110 3792 2160 3837 et
2206 3789 2354 3847 clare,
2396 3792 2545 3851 atque
2600 3786 2806 3839 interdiu

713 3862 818 3906 nos,
839 3847 879 3894 si
903 3862 992 3908 per
1023 3854 1216 3896 noctem
1249 3850 1414 3912 fugere
1445 3866 1509 3899 ex
1536 3850 1730 3898 tumulo
1792 3850 2055 3899 internosci
2079 3858 2320 3913 poterant.
2356 3853 2524 3902 Dosa.

715 3912 916 3970 vellent,
949 3912 1266 3960 excluderent
1299 3915 1363 3961 ab
1397 3929 1456 3961 ea
1493 3914 1571 3961 via
1604 3928 1731 3974 quae
1918 3916 2097 3977 Effusa
2114 3918 2448 3978 sequentibus]
2474 3932 2541 3965 sc.
2556 3914 2805 3970 Romanis.

713 3975 926 4023 ducebat
977 3976 1043 4023 ad
1096 3974 1336 4037 oppidum
1390 3976 1727 4039 Verruginem.
1794 3978 1835 4026 si
1858 3930 2050 4027 {ostem
2074 3978 2226 4027 effuse
2247 3986 2579 4040 sequerentur.

713 4039 878 4089 cmiv·
1866 4056 1885 4089 1
1926 4044 2230 4103 Lam-eatae]
2286 4043 2417 4092 Plin.
2442 4044 2513 4092 H.
2537 4044 2608 4093 N.
2632 4060 2715 4095 xv.
2738 4058 2803 4106 30.

785 4104 816 4151 8
853 4104 1014 4152 Haud
1046 4106 1308 4165 incertius]
1367 4104 1523 4153 Haud
1560 4106 1730 4154 obscu-
1794 4108 1995 4153 Laurus
2009 4142 2022 4153 .
2040 4142 2053 4154 .
2074 4142 2087 4153 .
2104 4108 2339 4155 Romanis
2371 4111 2645 4170 praecipue
2679 4107 2801 4157 loeti-

711 4166 810 4215 riua
842 4172 893 4215 et
925 4168 1136 4225 tectiusg
1171 4168 1286 4229 quia
1317 4168 1464 4217 lunae
1493 4169 1732 4217 beneficio
1796 4171 1895 4217 tiae
1936 4171 2347 4233 victoriarumque
2388 4174 2569 4219 nuntia
2616 4174 2805 4220 additur

708 4229 760 4277 iu
795 4230 890 4279 hoe
923 4232 1109 4293 proelio
1137 4232 1430 4281 antelucano
1457 4232 1625 4281 omnia
1652 4248 1730 4281 ae-
1796 4234 1969 4291 Ia‘tern'ae,
1990 4240 2038 4282 et
2058 4235 2267 4283 militum
2288 4236 2473 4285 lanceis
2486 4237 2723 4299 pilisque.
