3000 4784
787 196 979 266 LIB.
1028 196 1144 265 IV.
1218 195 1441 265 CAP.
1492 200 1590 263 11.
2113 202 2242 267 2³7

158 345 353 487 ἓξὲξ
388 335 605 499 Ξθῖὶζ
628 333 1185 497 mam&
1205 346 1409 506 tm
1430 342 2242 497 mamma
2259 350 2548 477 28:212:

158 516 175 543 ‘
193 508 523 582 insensum,
568 506 889 571 victoriam
928 506 1140 593 potius
1174 526 1255 573 ex
1296 505 1566 583 Volscis,
1606 526 1798 593 quam
1833 528 2054 593 pacem
2097 506 2246 573 infi-

158 593 345 669 ‘dam,
378 592 661 657 Romam
690 590 1072 657 mlammm'
1161 590 1377 657 Volsci
1406 592 1706 679 exiguam
1727 614 1908 679 spem
1935 594 2006 657 in
2033 592 2242 671 armis,
2264 605 2415 665 victi,
2435 606 2570 655 dedi-

154 678 265 743 alia
288 679 585 765 undique
602 676 857 754 abscisa,
880 699 1083 763 quum
1105 690 1471 755 tentassent,
1488 690 1738 765 praeter
1755 690 1968 745 cetera
1985 678 2246 745 adversa
2261 672 2468 747 3⁰⁶⁰*
2481 670 2572 745 “Pb

156 762 280 829 loco
325 787 593 851 quoque
650 763 875 849 iniquo
932 762 1015 829 ad
1072 786 1352 851 pugnam
1402 765 1738 850 congressi,
1791 764 2104 851 iniquiore
2163 762 2248 829 ad
2261 738 2556 848 {agg-mt-

154 850 375 999 fifflz
404 849 1628 1023 affirmaremus
1651 848 1782 1001 Ἀ
1778 872 2075 1013 m?
2111 872 2250 917 ‘²³¹‘

158 1022 331 1099 missi,
361 1044 517 1086 eum
559 1021 605 1085 s'
748 1020 825 1087 lis
858 1021 1247 1087 vestimentis
1286 1021 1672 1107 ignominiae
1713 1045 1748 1087 c
1857 1022 1870 1035 '
1953 1045 2034 1089 ue
2073 1046 2120 1110 p
2179 1022 2250 1087 ni

158 1106 571 1171 dimittuntur.
728 1121 772 1184 t,
804 1128 1005 1192 quum
1044 1106 1219 1171 haud
1254 1106 1477 1193 procul
1518 1108 1672 1173 urbe
1704 1107 1876 1173 Tusc
1945 1130 1988 1173 o
2027 1130 2256 1173 conse-

160 1191 399 1270 dissent,
429 1206 649 1259 vetere
692 1192 1196 1257 Tusculanorum
1235 1192 1385 1257 odio
1422 1193 1698 1257 inermes
1735 1194 2014 1279 oppressi
2053 1192 2249 1259 dede·

160 1292 293 1343 runt
328 1302 595 1365 poenas,
625 1278 734 1343 vix
764 1278 1006 1343 nuntiis
1042 1278 1253 1345 caedis
1280 1278 1529 1343 relictis.
1625 1278 1956 1343 Romanus
1995 1278 2248 1345 Ardeae
2267 1292 2556 1367 Ardeae-m

163 1366 423 1431 turbatas
466 1364 785 1429 seditione
830 1386 947 1440 res,
992 1364 1384 1451 principibus
1426 1364 1566 1429 eius
1609 1376 1818 1429 motus
1858 1364 2062 1429 securi
2107 1387 2250 1451 per-
2265 1362 2576 1419 oompsmtae.

162 1452 355 1528 nussia,
404 1452 723 1537 bonisque
774 1472 995 1515 eorum
1038 1450 1105 1515 in
1157 1449 1481 1535 publicum
1539 1448 1916 1515 Ardeatium
1960 1450 2248 1527 redactis,

164 1538 503 1623 composuit
519 1562 537 1599 z
616 1536 1067 1622 demptamque
1111 1535 1405 1601 iniuriam
1456 1535 1677 1601 iudicii
1723 1548 1898 1601 tanto
1941 1536 2250 1603 beneficio

166 1622 365 1707 populi
399 1623 685 1687 Romani
728 1621 1039 1687 Ardeates
1066 1620 1447 1697 credebant3
1494 1622 1742 1687 senatui
1767 1644 2094 1709 superesse
2137 1622 2256 1687 ali·-

167 1707 305 1791 quid
346 1708 431 1773 ad
476 1707 831 1773 delendum
873 1704 1163 1793 publicae
1208 1707 1502 1773 avaritiae
1547 1722 2032 1773 monumentum
2073 1708 2256 1775 vide-

134 1792 345 1860 5batur.
442 1793 697 1859 Consul
740 1792 1134 1879 triumphans
1176 1792 1245 1857 in
1298 1793 1518 1857 urbem
1563 1793 1744 1871 redit,
1795 1794 2044 1861 Cloelio
2085 1795 2250 1861 duce

170 1878 533 1947 Volscorum
575 1891 723 1943 ante
750 1900 1006 1945 currum
1050 1878 1263 1956 ducto,
1294 1878 1712 1966 praelatisque
1756 1880 1990 1967 spoliis,
2019 1876 2254 1968 quibus

172 1962 549 2031 dearmatum
580 1965 927 2029 exercitum
956 1963 1231 2029 hostium
1262 1966 1379 2029 sub
1408 1964 1628 2064 iugum
1659 1965 1926 2031 miserat.

246 2051 585 2139 Aequavit,
617 2050 793 2137 quod
820 2050 993 2114 haud
1021 2050 1203 2115 facile
1232 2064 1347 2127 est,
1382 2050 1726 2125 Quinctius
1755 2052 1974 2117 consul
2005 2066 2258 2139 togatus

176 2138 369 2201 armati
414 2136 687 2225 gloriam
728 2135 887 2201 colle
1022 2161 1039 2201 ι
1088 2137 1241 2223 quia
1280 2136 1654 2203 concordiae
1691 2138 1992 2224 pacisque
2033 2137 2258 2203 dome·

176 2222 369 2287 sticam
391 2244 636 2299 curam,
658 2223 795 2287 iura
815 2223 883 2285 in
934 2222 1049 2287 mis
1070 2223 1457 2309 summisque
1476 2222 1884 2299 moderando,
1909 2225 1998 2287 ita
2027 2224 2251 2300 tenuit,

180 2320 239 2371 ut
264 2331 403 2375 eum
433 2322 502 2375 et
546 2309 767 2373 Pan-es
808 2330 1095 2373 severum
1132 2308 1477 2385 consulem,
1509 2322 1576 2373 et
1614 2308 1791 2395 plebs
1817 2310 1966 2373 satis
2005 2332 2252 2375 comem

144 2394 561 2459 6crediderint.
653 2392 741 2459 Et
774 2393 1069 2459 adversus
1104 2395 1389 2461 tribunos
1427 2395 1794 2459 auctoritate
1823 2394 2024 2481 plura,
2061 2417 2256 2479 quam

180 2482 523 2559 certamine,
550 2481 771 2547 tenuit.
846 2478 1153 2565 Quinque
1175 2479 1556 2555 consulatus,
1581 2478 1808 2545 eodem
1833 2493 2050 2545 tenore
2073 2481 2256 2566 gesti,

182 2564 1359 2739 ssfssg'sseqfffiossssffimffleffin‘?
1404 2564 2005 2717 vefissnt‘ff-{ffinffiff
2029 2566 2260 2717 ἑξίῗίἓ

188 2735 329 2801 rium
378 2738 564 2805 nulla
612 2738 853 2801 mentio
904 2736 1003 2801 his
1052 2737 1413 2803 consulibus
1454 2736 1592 2801 fuit.
1689 2734 2000 2805 Consules
2043 2751 2260 2803 creant
2375 2746 2472 2807 11.

186 2819 264 2885 M.
294 2822 565 2889 Fabium
594 2822 1009 2901 Vibulanum,
1033 2823 1411 2889 Postumum
1440 2822 1794 2887 Aebutium
1827 2824 2254 2891 Cornicinem.
2278 2830 2348 2879 U.
2369 2830 2428 2879 C·
2455 2842 2564 2891 3¹3·

185 2904 389 2975 Fabius
416 2924 485 2975 et
520 2908 837 2975 Aebutius
858 2908 1165 2986 consules,
1184 2932 1314 2995 quo
1342 2910 1562 2973 maiori
1583 2908 1817 2996 gloriae
1847 2932 2056 2977 rerum
2085 2910 2262 2975 domi
2277 2893 2352 3004 ’ᾗ
2369 2894 2566 3014 ggffiffi’·

183 2990 433 3081 forisque
472 3007 815 3096 gestarum,
844 2994 1181 3059 succedere
1216 3017 1283 3059 se
1312 2995 1672 3073 cernebant,
1703 2996 2008 3081 (maxime
2045 3010 2262 3063 autem
2280 3020 2414 3069 Post.
2424 3021 2588 3068 Aebu-

185 3081 637 3147 memorabilem
678 3102 917 3145 annum
946 3079 1115 3167 apud
1160 3080 1461 3145 finitimos
1500 3082 1701 3147 socios
1741 3080 2076 3167 hostesque
2105 3104 2260 3157 esse,
2277 3082 2350 3131 tio
2371 3084 2510 3133 Coa.

186 3166 340 3247 quod
362 3168 751 3233 Ardeatibus
771 3166 841 3229 in
861 3188 929 3230 re
952 3166 1279 3252 praecipiti
1303 3179 1480 3231 tanta
1505 3166 1667 3231 foret
1681 3189 1836 3231 cura.
1854 3166 2266 3251 subventum)

188 3270 253 3313 eo
291 3251 655 3340 impensius,
696 3266 769 3317 ut
802 3252 1091 3317 delerent
1122 3274 1373 3338 prorsus
1410 3275 1493 3317 ex
1533 3252 1760 3315 animis
1789 3252 2120 3317 hominum
2163 3251 2264 3315 in-

190 3332 419 3403 samiam
478 3339 721 3415 iudicii,
779 3336 1392 3403 senatusconsultum
1452 3337 1757 3413 fecerunt,
1819 3350 1908 3413 ut,
1960 3337 2264 3424 quoniam
2281 3346 2576 3397 Ardeatibus

190 3419 385 3487 civitas
412 3424 795 3489 Ardeatium
818 3423 1119 3489 intestino
1142 3423 1419 3489 tumultu
1448 3422 1702 3489 redacta
1717 3422 1798 3489 ad
1827 3446 2062 3511 paucos
2083 3437 2261 3501 esset,
2277 3426 2393 3522 ζμ*
2413 3412 2574 3511 ’θρἳῧζ

192 3506 380 3571 coloni
434 3533 515 3575 eo
566 3508 857 3597 praesidii
908 3531 1096 3575 causa
1150 3510 1447 3575 adversus
1505 3508 1770 3575 Volscos
1827 3511 2261 3575 scriberentur.
2283 3490 2592 3587 ᾱῗὲἷοςῑῒςζὲῑ

197 3585 326 3657 Hoc
361 3596 571 3692 palam
611 3593 877 3659 relatum
919 3594 988 3657 in
1026 3594 1283 3672 tabulas,
1319 3608 1389 3659 ut
1415 3594 1670 3681 plebem
1713 3594 2124 3681 tribunosque
2151 3594 2264 3661 sal-
2281 3602 2582 3664 interceptus

195 3671 333 3741 leret
372 3680 593 3745 iudicii
634 3680 1037 3747 rescindendi
1078 3680 1410 3747 consilium
1454 3680 1702 3752 initum.
1797 3680 2268 3747 consenserant
2283 3672 2400 3715 ⁶¹²²·

200 3776 403 3842 autem,
436 3779 526 3843 ut,
552 3764 753 3829 multo
776 3767 1009 3830 maiore
1038 3778 1214 3853 parte
1248 3765 1634 3831 Rutulorum
1663 3767 2048 3844 colonorum,
2073 3792 2267 3854 quam

204 3842 633 3941 Romanorum,
664 3852 911 3951 scripta,
943 3874 1063 3917 nec
1090 3874 1240 3938 ager
1269 3850 1435 3916 ullus
1464 3851 1870 3929 divideretur,
1901 3854 2022 3917 nisi
2051 3854 2122 3930 is,
2199 3854 2266 3917 ui

173 3946 563 4025 71nterceptus
600 3937 837 4001 iudicio
865 3937 1085 4001 infami
1114 3950 1283 4013 erat3
1328 3960 1449 4003 nec
1478 3936 1592 4001 ulli
1630 3939 1805 4025 prius
1836 3939 2130 4004 Romano
2155 3877 2266 4015 (ilfi,

264 4140 289 4187 5
319 4130 483 4181 OEoeh'o
502 4132 649 4191 duca]
687 4130 749 4179 cs.
772 4132 915 4192 Supr.
940 4128 1009 4179 iii.
1033 4130 1111 4181 28.
1276 4177 1283 4183 .
1326 4140 1353 4190 7
1384 4131 1491 4178 Nee
1511 4130 1606 4179 ullo·
1623 4131 1795 4191 prius]
1833 4130 1970 4179 Hinc
1993 4130 2148 4190 liquet
2169 4129 2272 4176 Ro—

264 4186 291 4237 6
317 4196 637 4255 Auctor-itate]
710 4195 807 4243 Per
856 4193 1195 4253 reverentiam,
1256 4206 1430 4241 manos
1456 4194 1604 4239 modo
1637 4192 1686 4239 in
1721 4194 2122 4255 supplementum
2143 4191 2276 4239 colo-

218 4258 401 4366 Επεὶ
420 4274 507 4309 sua
528 4260 681 4307 virtus
708 4257 1013 4319 gravitasque
1034 4257 1193 4307 conci-
1258 4256 1369 4304 nise
1389 4255 1628 4317 ascriptos
1649 4270 1766 4304 esse.
