3000 4784
324 336 384 450 ee:

381 337 478 450 ,οἷο

503 421 535 463 ,μ

504 352 529 386 Β

536 351 563 400 <11

535 419 565 466 9
601 439 613 452 .

569 350 611 465 wf-

656 194 737 254 94
1426 186 1654 253 TITI
1713 185 1986 252 LIVII

654 323 909 387 adortus
940 322 1291 410 transfigit:
1338 345 1461 388 nec
1497 324 1846 410 quicquam
1877 323 2112 415 equitis
2140 321 2404 388 vulnere
2435 345 2604 410 equo
2653 345 2767 388 re-

656 409 921 487 tardato,
976 410 1394 474 moribundus
1454 409 1804 488 Romanus,
1856 410 2215 474 labentibus
2273 433 2463 497 super
2521 433 2767 497 corpus

654 497 863 573 armis,
896 496 979 560 ad
1019 509 1249 561 terram
1279 497 1567 562 defluxit.
1660 497 1956 562 Dictator
1995 497 2380 574 Postumius,
2411 509 2764 584 postquam

654 582 954 648 cecidisse
974 582 1165 648 talem
1186 584 1411 660 virum,
1436 584 1690 649 exsules
1705 583 2000 649 ferociter
2017 584 2211 648 citato
2234 584 2487 670 agmine
2511 583 2760 662 invehi,

653 691 800 734 suos
849 669 1173 757 perculsos
1220 669 1447 735 cedere
1497 671 1975 746 animadvertit3
2037 670 2278 736 cohorti
2333 693 2502 748 suae,
2556 693 2766 756 quam

652 755 965 821 delectam
1024 779 1285 820 manum
1342 757 1640 844 praesidii
1697 779 1888 822 causa
1937 757 2104 821 circa
2160 781 2227 821 se
2287 756 2579 834 habebat,
2639 757 2766 822 dat

654 844 925 930 signum,
980 855 1071 920 ut,
1117 865 1311 930 quem
1362 866 1621 908 suorum
1670 843 2020 931 fugientem
2067 843 2360 920 viderint,
2407 866 2522 931 pro
2567 844 2760 909 hoste

650 930 942 994 habeant.
1014 929 1115 994 Ita
1143 945 1319 994 metu
1348 929 1611 1018 ancipiti
1640 931 1802 994 versi
1831 953 1870 994 a
1896 931 2047 1016 fuga
2075 929 2353 994 Romani
2383 931 2451 994 in
2479 930 2758 1009 hostem,

652 1030 719 1080 et
740 1017 1033 1082 restituta
1061 1017 1243 1080 acies.
1340 1015 1590 1080 Cohors
1619 1017 1944 1080 dictatoris
1967 1031 2104 1080 tum
2134 1018 2409 1103 primum
2433 1017 2760 1117 proelium

651 1103 828 1167 iniit:
891 1103 1024 1168 inte
1070 1104 1153 1168 ris
1200 1104 1568 1190 corporibus
1613 1104 1966 1189 animisque
2010 1103 2205 1167 fessos
2249 1102 2455 1167 adorti
2498 1103 2759 1168 exsules

650 1190 946 1254 caedunt.
1078 1189 1143 1255 bi
1174 1190 1297 1254 alia
1324 1191 1493 1254 inter
1521 1213 1812 1276 proceres
1840 1203 2056 1253 coorta
2083 1212 2316 1276 pugna.
2395 1187 2758 1276 Imperator

650 1275 939 1354 Latinus,
973 1278 1084 1341 ubi
1122 1277 1449 1342 cohortem
1480 1275 1769 1341 exsulum
1808 1299 1848 1340 a
1874 1276 2196 1341 dictatore·
2223 1275 2519 1340 Romano
2546 1299 2754 1378 prope

650 1363 1147 1428 circumventam
1192 1363 1373 1441 vidit,
1420 1387 1504 1428 ex
1556 1362 1943 1428 subsidiariis
1987 1362 2343 1450 manipulos
2391 1363 2634 1448 aliquot
2679 1387 2756 1428 m

650 1450 919 1599 pfimam
977 1452 1179 1515 aciem
1225 1473 1441 1514 secum
1487 1450 1670 1536 rapit.
1765 1448 1905 1513 Hos
1964 1449 2219 1536 agmine
2279 1449 2610 1514 venientes
2663 1449 2751 1515 T.

724 1537 1027 1600 erminius
1056 1536 1301 1622 legatus
1330 1537 1744 1622 conspicatuS,
1776 1537 2070 1621 interque
2093 1559 2201 1601 eos
2229 1536 2544 1622 insignem
2572 1549 2754 1602 veste

650 1624 965 1709 armisque
992 1621 1356 1686 Mamilium
1384 1623 1720 1699 noscitanS‚
1748 1635 1926 1686 tanto
1947 1624 2011 1686 vi
2033 1623 2289 1700 maiore,
2315 1645 2510 1709 quam
2531 1623 2754 1710 paullo

650 1721 796 1774 ante
828 1711 1125 1796 magister
1166 1709 1475 1795 equitum,
1507 1731 1654 1773 cum
1699 1709 1976 1773 hostium
2017 1709 2182 1774 duce
2226 1709 2540 1796 proelium
2579 1709 2750 1787 iniit,

642 1809 723 1863 nt
752 1809 817 1860 et
846 1818 976 1860 uno
1006 1796 1140 1861 ictu
1170 1795 1546 1859 transfixum
1575 1818 1690 1883 per
1728 1795 1892 1860 latus
1921 1795 2228 1862 occiderit
2264 1795 2648 1872 Mamilium,
2683 1811 2753 1861 et

650 1883 783 1968 ipse
815 1883 983 1947 inter
1009 1881 1413 1968 spoliandum
1436 1904 1664 1968 corpus
1692 1882 1890 1946 hostis
1918 1896 2146 1947 veruto
2173 1904 2523 1969 percussus,
2544 1905 2750 1968 quum

649 1971 850 2033 victor
878 1969 947 2032 in
986 1982 1188 2033 castra
1216 1981 1379 2033 esset
1406 1968 1658 2046 relatuS,
1690 1969 1858 2033 inter
1895 1970 2164 2056 primam
2201 1971 2592 2034 curationem
2631 1993 2752 2034 ex-

649 2056 991 2142 spiraverit.
1086 2055 1259 2119 Tum
1289 2055 1373 2119 ad
1402 2055 1650 2142 equites
1680 2055 1950 2120 dictator
1977 2055 2246 2133 advolat,
2279 2056 2618 2132 obtestanS‚
2651 2070 2748 2132 ut,

647 2142 811 2206 fesso
840 2143 968 2206 iam
991 2141 1227 2229 pedite,
1253 2141 1645 2206 descendant
1672 2165 1755 2206 ex
1777 2143 1978 2228 equiS,
2004 2155 2070 2206 et
2136 2165 2371 2228 ugnam
2395 2155 2743 2229 capessant.
2769 2151 2809 2200 6

650 2228 846 2293 Dicto
876 2251 1141 2315 paruere
1166 2253 1183 2292 τ
1230 2227 1534 2292 desiliunt
1565 2251 1647 2292 ex
1677 2229 1876 2314 equis,
1909 2251 2103 2316 provo
2128 2241 2239 2293 ant
2266 2229 2336 2293 in
2357 2229 2654 2316 primum,
2680 2244 2750 2294 et

648 2337 765 2401 pro
794 2315 1221 2402 antesignanis
1249 2337 1497 2402 parmas
1535 2315 1860 2380 obiiciunt.
1956 2315 2216 2402 Recipit
2249 2315 2573 2403 extemplo
2608 2317 2749 2380 ani-
2775 2329 2806 2378 7

651 2425 827 2466 mum
856 2400 1164 2489 pedestris
1198 2401 1384 2478 acies,
1414 2414 1750 2488 postquam
1779 2401 2124 2467 iuventutis
2151 2424 2444 2488 proceres
2473 2415 2750 2489 aequato

691 2512 880 2554 enere
934 2511 1185 2576 pugnae
1232 2511 1447 2553 secum
1507 2501 1753 2575 partem
1810 2489 2079 2576 periculi
2127 2489 2511 2554 sustinentes
2560 2489 2745 2554 vidit.

646 2511 821 2640 t{um
867 2577 1125 2640 demum
1166 2575 1421 2662 impulsi
1466 2574 1703 2652 Latini,
1746 2575 2158 2662 perculsaque
2194 2575 2524 2641 inclinavit
2555 2576 2746 2642 acies,

650 2661 709 2726 E
758 2663 875 2727 uiti
912 2662 1151 2726 admoti
1194 2686 1229 2726 e
1279 2661 1365 2738 ui,
1397 2675 1471 2725 ut
1595 2661 1806 2748 rsequi
1843 2661 2090 2726 hostem
2128 2678 2377 2748 possete
2425 2675 2642 2727 secuta
2679 2677 2752 2729 et

645 2771 725 2834 pe
777 2749 957 2813 estris
1000 2749 1182 2812 aeieS.
1312 2746 1395 2824 bi,
1481 2746 1495 2760 ⁶
1551 2747 1566 2762 ‘
1640 2770 1758 2812 nec
1802 2747 2054 2812 divinae
2095 2770 2214 2812 nec
2254 2749 2570 2814 humanae
2607 2751 2752 2837 opis

646 2834 918 2899 dictator
959 2832 1489 2920 praetermittam,
1533 2833 1758 2898 aedem
1807 2833 2058 2900 Castori
2101 2836 2342 2900 vovisse
2386 2836 2622 2901 fertur:
2671 2859 2749 2902 ac
2766 2855 2803 2902 8

645 2920 1084 3006 pronuntiasse
1145 2918 1331 2982 militi
1389 2921 1691 3007 praemia,
1745 2921 1859 3008 qui
1914 2922 2174 3009 primuS,
2235 2923 2348 3009 qui
2406 2923 2747 3000 secunduS,

646 3019 852 3070 castra
900 3005 1176 3069 hostium
1225 3005 1549 3070 intrasset:
1600 3020 1812 3072 tantus
1857 3031 1939 3072 ue
1985 3009 2172 3074 ardor
2211 3009 2354 3085 fuit,
2400 3023 2473 3074 ut
2517 3009 2750 3075 eodem

646 3093 909 3180 impetn,
960 3115 1089 3178 quo
1147 3090 1447 3157 fuderant
1503 3092 1770 3171 hostem,
1813 3031 2105 3160 tiiomani
2163 3108 2366 3161 castra
2421 3111 2745 3184 caperent.

709 3310 740 3360 6
772 3313 1081 3362 Descendunt
1102 3328 1165 3361 ea·
1185 3312 1346 3375 equis]
1404 3312 1544 3368 Quid
1575 3312 1660 3374 igi-
1725 3313 1812 3360 sed
1855 3311 1972 3374 quia
2011 3318 2127 3360 ante
2183 3312 2447 3375 praecipua
2497 3312 2749 3374 leg-ionum

644 3381 725 3423 tur
744 3382 863 3424 tunc
884 3377 1059 3437 agebat
1075 3376 1321 3436 equitatus
1340 3376 1624 3424 Latinorum
1638 3381 1660 3426 Ρ
1725 3376 1877 3438 signa,
1899 3391 2024 3437 quae
2053 3377 2244 3439 longius
2275 3379 2337 3425 ab
2368 3378 2508 3425 hoste
2529 3392 2750 3426 remove-

645 3439 804 3488 Recte
826 3441 1049 3488 observat
1070 3439 1292 3488 Clericus
1313 3440 1489 3488 mirum
1513 3439 1662 3488 videri
1727 3441 1916 3488 bantur.
1949 3441 2109 3490 Cam.
2177 3441 2274 3490 Sed
2297 3441 2514 3490 oratione
2533 3449 2747 3504 προληπι

643 3505 837 3563 debere,
874 3505 1005 3565 quod
1050 3503 1219 3552 multis
1274 3504 1449 3567 pugnis
1492 3503 1664 3553 Livius

642 3568 919 3617 factitatum
957 3573 1212 3629 memorat,
1244 3574 1299 3616 ut
1332 3569 1520 3630 equites
1559 3569 1657 3616 Ro-

642 3633 775 3696 mani
814 3634 1162 3681 descenderent
1200 3649 1263 3680 ex
1301 3633 1468 3694 equis:
1522 3633 1659 3694 quasi

642 3696 833 3745 hostilis
853 3697 1097 3758 equitatus
1116 3703 1203 3745 aut
1224 3699 1389 3746 nullus
1411 3703 1554 3754 esset,
1573 3703 1660 3744 aut

642 3767 837 3823 torpore
850 3761 1061 3822 quodam
1080 3761 1283 3810 defixus.
1312 3763 1473 3810 Cnsv.
1531 3761 1660 3809 Fieri

641 3831 806 3873 tamen
830 3830 991 3887 potest
1011 3832 1068 3873 ut
1087 3831 1216 3873 terra
1236 3825 1474 3887 equitatui
1496 3827 1660 3873 minus

642 3889 900 3937 commoda
920 3889 1078 3938 fuerit.

699 3965 726 4015 7
739 3956 780 4000 A
789 3955 1117 4016 ntest'ynam‘s]
1130 3956 1457 4016 Antesiynam·
1474 3953 1509 4001 ii
1527 3959 1657 4012 sunt,

641 4017 725 4080 qui
779 4023 895 4066 ante
948 4017 1085 4080 signa
1146 4017 1196 4066 in
1258 4019 1364 4067 acie
1418 4018 1655 4066 locantur.

642 4081 825 4131 Probat
880 4081 1076 4143 Lipsius
1126 4083 1187 4130 de
1235 4083 1345 4131 Mil.
1399 4083 1545 4130 Rom.
1592 4081 1657 4131 iv.

641 4162 684 4207 3.
729 4147 1155 4210 antesignanorum
1208 4146 1407 4194 nomine
1450 4145 1657 4208 intelligi

638 4216 793 4258 totam
832 4211 1038 4272 primam
1076 4210 1251 4269 aciem,
1284 4209 1385 4256 sive
1420 4209 1658 4258 Hastatos

638 4274 919 4334 legionum:
964 4288 1061 4321 non
1099 4274 1229 4333 quod
1268 4273 1301 4319 ii
1340 4277 1455 4320 ante
1492 4273 1658 4321 omnia

638 4337 783 4397 signa
808 4343 984 4392 essent,
1016 4336 1252 4397 siquidem
1286 4352 1373 4384 sua
1413 4337 1657 4395 habuere;

1726 3501 1836 3567 τίκῃ
1858 3504 2012 3552 utitur
2033 3505 2219 3565 Livius,
2242 3521 2329 3567 pro
2356 3507 2534 3568 primis
2561 3508 2747 3555 ordine·-

1723 3570 1824 3617 bus.
1856 3569 2174 3631 Antesignani
2189 3585 2274 3618 seu
2287 3570 2558 3632 antepilani
2573 3575 2748 3632 postea

1723 3638 1862 3680 erant
1897 3634 2077 3681 hastati
2113 3641 2162 3681 et
2197 3636 2466 3697 principes,
2504 3635 2587 3696 qui
2626 3641 2746 3683 ante

1723 3697 1861 3760 signa
1880 3698 2088 3746 stabant.
2127 3698 2187 3746 cf.
2211 3697 2327 3746 xxii.
2354 3711 2398 3760 5.

1789 3765 1820 3810 8
1854 3763 2068 3822 Castori]
2113 3761 2182 3810 Et
2217 3762 2426 3810 Polluci.
2462 3763 2593 3811 Flor.
2627 3763 2660 3811 i.
2696 3779 2744 3813 a.

1723 3825 1858 3876 Suet.
1881 3827 2075 3875 Caesar.
2106 3839 2178 3874 10.
2215 3826 2277 3874 cf.
2297 3826 2402 3876 Cic.
2420 3828 2483 3875 de
2502 3827 2570 3876 N.
2589 3827 2743 3876 Deor.

1722 3889 1789 3938 iii.
1837 3903 1881 3951 5.
1966 3890 2116 3938 Nunc
2166 3891 2376 3952 primum
2427 3891 2536 3938 libri
2581 3891 2743 3954 Sibyl-

1723 3953 1810 4002 lini
1853 3953 1993 4013 aditi,
2038 3959 2186 4016 atque
2229 3955 2436 4014 Cereris,
2471 3955 2653 4015 Liberi,
2690 3963 2745 4005 et

1723 4018 1930 4067 Liberae
1977 4019 2124 4067 aedes
2169 4018 2361 4068 Graeco
2406 4019 2502 4067 ritu
2547 4021 2740 4068 dedica-

1723 4087 1817 4131 tae.
1877 4082 2012 4130 Hinc
2035 4083 2212 4130 sensim
2231 4083 2442 4132 Etrusca
2461 4083 2742 4145 superstitio

1723 4145 2024 4194 Graecorum
2069 4146 2325 4195 numinum
2368 4147 2522 4195 cultui
2571 4149 2740 4196 locum

1722 4209 1871 4259 dedit.
1909 4211 2038 4259 Plin.
2065 4212 2133 4260 H.
2155 4211 2222 4260 N.
2242 4227 2389 4259 xxxv.
2413 4226 2484 4259 12.
2519 4211 2626 4261 Cic.
2651 4227 2742 4274 pro

1725 4274 1866 4323 Balb.
1886 4289 1968 4334 ⁴24.
2005 4275 2260 4324 Wachsm.
2289 4291 2337 4337 p.
2362 4274 2470 4324 262.
