3000 4784
446 628 570 727 T.
660 626 1081 725 LIVII
1178 628 1968 729 PATAVINI

798 894 1640 977 LIBER·V11.

1012 1151 1405 1191 ..φ-

128 1404 145 1437 ¹
306 1401 373 1466 N
380 1400 449 1466 N
452 1399 571 1467 US
598 1401 705 1465 hic
727 1401 850 1465 erit
870 1400 1137 1499 insignis
1154 1400 1301 1464 novi
1325 1399 1602 1464 hominis
1623 1400 1973 1478 consulatu,
1994 1401 2114 1465 insi
2161 1403 2257 1467 nis
2277 1424 2342 1473 U.
2367 1426 2426 1475 c.
2451 1428 2561 1491 389·

124 1410 302 1551 Ἀ
352 1488 535 1552 novis
564 1487 815 1552 duobus
850 1486 1335 1571 magistratibus),
1366 1499 1665 1573 praetura
1697 1499 1765 1550 et
1793 1486 1999 1551 curuli
2033 1426 2256 1552 aedili·
2275 1490 2334 1537 Α·
2367 1490 2428 1539 0-
2453 1490 2562 1553 363·

164 1587 303 1637 tate.
401 1572 543 1638 Hos
588 1574 708 1638 sibi
804 1572 1008 1637 atricii
1106 1572 1425 1637 uaesivere
1472 1572 1746 1637 honores
1793 1594 1910 1659 pro
1957 1595 2254 1639 concesso

204 1659 329 1724 lebi
348 1660 551 1725 altero
581 1594 931 1724 consulatu.
1024 1658 1081 1721 P
1105 1660 1255 1723 ebes
1275 1656 1674 1723 consulatum
1706 1658 1782 1723 L.
1810 1658 2049 1735 Sextio,
2075 1660 2254 1723 cuius
2273 1676 2330 1725 L.
2354 1674 2542 1750 Sexti-o,

186 1768 298 1831 ege
326 1758 549 1845 partus
577 1758 733 1821 erat,
753 1743 966 1809 dedit:
1016 1744 1237 1808 Patres
1258 1756 1618 1831 praeturam
1645 1742 1690 1809 S
1735 1792 1751 1808 .
1781 1744 1972 1809 Furio
1999 1744 2092 1809 Μ,
2119 1744 2252 1811 filio
2273 1741 2330 1789 L.
2353 1740 2568 1788 Aemho

167 1830 477 1907 Camillo;
524 1829 913 1905 aedilitatem
962 1829 1083 1893 Cn.
1112 1829 1421 1904 Quinctio
1468 1828 1704 1916 Capito
1727 1830 1837 1893 ino
1879 1844 1947 1895 et
1988 1830 2062 1895 P.
2091 1831 2254 1895 Cor·
2270 1804 2466 1915 3225„
2487 1867 2550 1915 de

120 1944 147 1991 3
164 1918 326 1981 nelio
360 1915 667 2004 Scipioni,
698 1938 953 1979 suarum
980 1916 1267 2001 gentium
1285 1916 1453 1993 viris,
1472 1916 1676 2003 gratia
1703 1939 1840 1981 cam
1925 1916 2036 1981 stri
2063 1940 2138 1982 ce
2223 1954 2253 1967 -
2269 1931 2414 1993 plebe
2436 1945 2548 1977 con-

160 2016 321 2067 runt.
419 2002 496 2067 L.
534 2002 753 2067 Sextio
800 2001 1043 2101 collega
1100 2024 1181 2066 ex
1241 2002 1536 2067 Patribus
1586 2002 1772 2067 datus
1934 2003 2128 2067 Aemi
2178 2027 2252 2068 us
2268 1994 2360 2042 ⁸¹¹¹·

164 2086 610 2154 Mamercinus.
701 2086 1028 2175 Principio
1086 2088 1237 2151 anni
1296 2100 1363 2151 et
1407 2087 1491 2151 de
1555 2086 1778 2165 Gallis,
1831 2110 1990 2173 quos
2093 2090 2252 2155 rimo
2268 2118 2452 2169 aediles
2477 2136 2558 2168 ou-

160 2174 399 2261 palatos
428 2196 543 2261 per
566 2172 871 2261 Apuliam
892 2172 1263 2261 congregari
1291 2172 1417 2237 iam
1446 2173 1616 2236 fama
1643 2186 1797 2250 erat,
1822 2186 1890 2237 et
1910 2173 1992 2237 de
2085 2176 2253 2238 erni-
2269 2186 2399 2232 mle·
2423 2184 2516 2245 pri-

162 2282 377 2325 corum
442 2260 797 2325 defectione
856 2259 1091 2347 agitata
1146 2259 1405 2323 mentio.
1518 2257 1738 2333 Quum
1801 2258 1884 2322 de
1942 2258 2252 2325 industria
2269 2262 2404 2323 ¹¹¹3²¹¹¹
2427 2262 2526 2295 θ’θ’

162 2348 391 2425 omnia,
434 2368 517 2410 ne
561 2346 720 2433 quid
762 2368 879 2433 per
918 2345 1241 2433 plebeium
1284 2344 1610 2410 consulem
1654 2357 1966 2431 ageretur,
2007 2346 2252 2433 profer·
2265 2316 2350 2361 'm‘

160 2446 395 2510 rentur,
429 2432 753 2497 silentium
800 2432 1087 2496 omnium
1126 2453 1339 2499 rerum
1382 2452 1455 2495 ac
1507 2429 1748 2495 iustitio
1791 2430 1994 2496 simile
2047 2433 2250 2497 otium

158 2518 311 2584 fuit:
360 2518 487 2582 nisi
515 2517 691 2605 quod
731 2539 861 2581 non
890 2517 1277 2604 patientibus
1306 2515 1571 2581 tacitum
1601 2517 1888 2594 tribunis,
1921 2517 2097 2603 quod
2179 2540 2251 2582 ro

160 2604 415 2669 consule
462 2626 595 2668 uno
645 2603 897 2692 plebeio
944 2616 1071 2667 tres
1114 2602 1411 2689 patricios
1459 2602 1882 2689 magistratus,
1931 2602 2134 2666 curuli
2177 2626 2254 2668 us

158 2689 321 2755 sellis
348 2702 776 2777 praetextatos
805 2703 1109 2776 tanquam
1137 2688 1427 2753 consules
1454 2688 1768 2767 sedentes,
1798 2688 2094 2754 nobilitas
2131 2690 2252 2755 sibi

159 2776 540 2865 sumpsisset,
588 2788 945 2863 praetorem
996 2774 1259 2861 quidem
1310 2774 1502 2839 etiam
1554 2775 1694 2839 iura
1741 2774 2140 2853 reddentem,
2186 2789 2254 2840 et

158 2861 463 2963 collegam
506 2861 891 2937 consulibuS,
922 2872 1112 2947 atque
1145 2860 1371 2925 iisdem
1418 2860 1714 2948 auspiciis
1741 2874 2041 2938 creatum,
2072 2884 2252 2926 vere-

156 2948 393 3012 cund1a
418 2947 569 3011 inde
588 2948 884 3034 imposita
910 2960 1005 3010 est
1026 2947 1276 3010 senatui
1305 2969 1388 3011 ex
1405 2946 1702 3012 Patribus
1729 2948 1995 3013 iubendi
2015 2948 2251 3013 aediles

158 3034 407 3099 curules
443 3033 659 3098 creari.
750 3032 987 3109 Primo,
1020 3044 1093 3096 ut
1132 3032 1387 3097 alternis
1426 3034 1612 3099 annis
1655 3056 1738 3098 ex
1781 3034 1968 3121 plebe
1999 3035 2248 3110 fierent,

114 3150 143 3191 4
158 3132 571 3183 convenerat:
618 3132 841 3207 postea
866 3119 1297 3205 promiscuum
1318 3118 1457 3183 suit.

240 3203 423 3283 Inde,
446 3204 520 3269 L.
548 3204 843 3269 Genucio
861 3216 929 3267 et
954 3202 1036 3278 Q,
1062 3202 1329 3268 Servilio
1345 3203 1726 3279 consulibuS,
1751 3219 1818 3267 et
1837 3206 1916 3267 ab
1938 3204 2248 3269 seditione

230 3402 251 3436 ι
292 3390 503 3449 Annus]
573 3387 849 3437 Niebuhrio
882 3388 933 3437 ii.
972 3402 1021 3436 n.
1058 3399 1169 3449 405.
1235 3385 1526 3445 centuriata,
1539 3384 1714 3448 quibus
1735 3387 1973 3444 eonsules,
1991 3392 2251 3448 praetores,

156 3452 319 3512 phut
357 3453 506 3501 verba
546 3453 691 3514 plura
722 3457 841 3501 ante
877 3466 1047 3501 vocem
1080 3466 1169 3499 an-
1234 3464 1457 3498 cemores
1498 3450 1804 3508 creabantur,
1845 3450 2150 3498 habebantur
2199 3450 2250 3497 in

154 3528 251 3564 nun
268 3514 589 3575 intercidine,
607 3513 795 3564 scilicet
814 3516 1172 3565 trecentesimus
1234 3528 1412 3587 eampo
1426 3512 1610 3561 Martio
1626 3532 1640 3570 3
1665 3512 1782 3561 inde
1791 3514 1960 3575 qratia
1971 3515 2254 3575 campestris

155 3581 463 3640 mouentum
502 3594 664 3629 nonus
704 3581 766 3627 ab
802 3580 925 3629 urbo
960 3580 1172 3637 condita,
1235 3581 1443 3625 sumitur
1470 3591 1558 3638 pro
1585 3576 1752 3624 favore
1782 3575 2026 3639 populari,
2048 3591 2144 3637 quo
2165 3576 2251 3624 ho-

154 3647 305 3703 atque
348 3656 519 3691 vocem
560 3644 657 3701 Ιιὸο,
692 3657 757 3691 ne
799 3642 955 3690 oratio
995 3640 1173 3689 mutila
1236 3654 1378 3688 nores
1400 3639 1491 3687 sibi
1509 3639 1617 3701 quis
1636 3639 1806 3688 aliisve
1826 3656 1858 3688 a
1879 3640 2066 3702 populo
2087 3653 2251 3689 conse-

154 3705 471 3765 clsudiearet,
490 3721 525 3754 n
552 3705 761 3753 librariis
788 3703 1019 3753 inmun
1052 3720 1171 3753 esse.
1236 3704 1489 3766 quebatur.
1527 3704 1691 3753 Cnnv.

158 3767 386 3817 Incutiae
405 3768 577 3818 similis
599 3770 831 3831 exempla
849 3767 969 3816 citat
992 3770 1057 3816 ad
1079 3768 1169 3816 ini·
1298 3785 1329 3828 4
1364 3768 1542 3817 Postea
1569 3768 1896 3841 promiscum
1915 3768 2054 3829 Μ]
2092 3767 2253 3817 Aliter

156 3830 279 3879 tium
304 3832 411 3882 Cic.
434 3832 565 3895 Rep.
588 3832 639 3881 ii.
664 3832 723 3881 A.
748 3830 883 3881 Gen.
904 3831 966 3880 vi.
988 3837 1042 3879 et
1062 3832 1169 3881 Cic.
1235 3830 1393 3879 visum
1416 3836 1491 3879 est
1513 3830 1790 3879 Niebuhrio
1810 3831 1878 3880 iii.
1901 3847 1949 3881 n.
1977 3843 2052 3895 72.
2074 3833 2158 3895 qui
2180 3833 2250 3880 al-

157 3908 245 3955 pro
268 3896 417 3945 Rosc.
440 3896 491 3945 in
514 3896 622 3945 cod.
648 3894 907 3945 Vaticano.
1234 3894 1386 3943 ternis
1414 3894 1556 3943 annis
1587 3910 1740 3957 usque
1772 3896 1838 3944 ad
1858 3912 1936 3945 an.
1963 3908 2072 3959 590.
2099 3896 2166 3945 U.
2189 3895 2250 3945 C.

220 3972 249 4006 α
282 3960 415 4009 Novi
428 3960 662 4020 hominis]
692 3961 867 4008 Novus
886 3960 1023 4007 homo
1043 3958 1169 4007 dice-
1234 3958 1420 4007 aediles
1451 3959 1646 4007 curules
1677 3974 1740 4007 ex
1772 3959 1918 4022 plebe
1939 3964 2127 4007 creatos
2145 3972 2252 4006 esse

154 4020 317 4079 batur,
338 4022 475 4071 ennius
505 4037 535 4071 e
566 4022 831 4071 maioribus
859 4036 1005 4071 nemo
1032 4037 1172 4071 euru·
1234 4022 1514 4081 arbitntur,
1533 4022 1720 4085 quippe
1741 4022 1974 4071 continua
1995 4022 2252 4070 Fastorum

156 4083 255 4131 lem
296 4085 631 4149 magistratum
808 4090 901 4147 rat,
937 4084 1021 4147 qui
1063 4085 1170 4134 nul·
1236 4087 1359 4134 serie
1378 4090 1491 4147 post
1511 4086 1698 4134 bellum
1720 4086 1960 4134 Punicum
1981 4083 2252 4131 secundum

156 4146 257 4194 lam
278 4147 493 4197 habebat
517 4148 659 4213 proin
692 4164 723 4199 e
742 4148 983 4197 maiorum
1005 4147 1170 4210 imagi·
1234 4149 1376 4197 aunis
1392 4148 1590 4211 peribus
1605 4146 1851 4211 patricio&
1867 4145 2134 4208 imparibus
2147 4144 2252 4205 ple-

156 4224 285 4259 nem.
350 4214 491 4263 Novo
513 4214 697 4262 bomini
721 4213 1063 4275 opponebatur
1088 4226 1171 4261 no-
1236 4212 1372 4261 beios
1404 4218 1592 4261 cresto·
1619 4226 1725 4260 esse
1755 4210 2028 4267 confirmat,
2061 4221 2252 4255 necnon

158 4274 285 4322 bilis.
321 4273 481 4324 Cm.
1236 4276 1299 4323 sd
1343 4274 1620 4323 comoedias
1661 4274 1980 4321 Terentianus
2023 4275 2252 4331 provocat

222 4349 251 4396 3
288 4338 463 4387 Gracia
490 4340 775 4401 campestri]
812 4338 949 4395 Quia
976 4337 1173 4387 comitis
1237 4344 1288 4386 et
1313 4337 1487 4398 Polyb.
1511 4353 1558 4385 x.
1583 4355 1628 4396 4.
