3000 4784
692 158 819 219 332
1474 149 1703 217 ΤΙΤΙ
1762 150 2039 217 LIVII

367 290 434 341 U.
457 292 517 343 0·
543 291 650 357 365-
691 310 1010 355 sacrorum
1039 309 1255 353 secum
1281 286 1564 366 ferenda,
1596 310 1781 375 quae,
1814 289 1968 375 quia
1996 288 2159 353 vires
2186 287 2269 352 ad
2298 288 2513 353 omnia
2538 285 2820 352 ferenda

363 358 426 407 A.
459 357 518 408 c·
545 360 656 422 3⁸⁷·
693 374 976 451 deerant,
1014 372 1438 461 relinquenda
1481 388 1712 451 essent,
1744 374 2197 451 consultantes,
2282 374 2455 438 uisve
2506 397 2584 438 ea
2626 372 2821 438 locus

693 461 868 526 fideli
897 474 1320 525 asservaturus
1349 460 1642 525 custodia
1667 474 1867 538 esset3
1914 461 2228 549 optimum
2304 472 2523 538 neunt,
2542 459 2823 525 condita

691 549 764 613 in
792 546 1044 612 doliolis
1077 546 1306 613 sacello
1335 546 1627 647 proximo
1668 547 1931 612 aedibus
1970 546 2243 611 flaminis
2288 546 2667 624 Quirinalis,
2704 546 2819 610 ubi
2834 571 2867 613 4

693 657 868 699 nunc
913 632 1140 721 despui
1186 632 1408 720 religio
1455 646 1572 711 est,
1624 632 1960 699 defodere:
2024 646 2237 698 cetera
2278 633 2448 697 inter
2490 656 2557 697 se
2606 654 2821 697 onere

835 720 925 784 ito
961 720 1180 785 fenmt
1205 719 1326 797 via,
1359 742 1524 806 quae
1554 719 1819 784 sublicio
1860 732 2059 807 ponte
2088 719 2268 784 ducit
2295 718 2378 783 ad
2418 718 2819 783 Ianiculum.

693 734 884 871 mo
913 806 1077 871 clivo
1107 829 1212 871 eas
1241 829 1444 893 quum
1473 804 1551 870 L.
1579 804 1901 885 Albinius,
1931 805 2014 871 de
2087 804 2229 870 lebe
2260 804 2557 870 Romana
2582 806 2819 880 homo,
2838 830 2867 878 5

694 893 1143 980 conspexisset,
1201 892 1480 979 plaustro
1540 892 1879 979 coniugem
1928 915 2003 957 ac
2085 891 2289 957 'beros
2335 891 2576 956 vehens
2636 892 2825 955 iuter

696 992 974 1044 ceteram
1014 978 1282 1056 turbam,
1315 1002 1480 1066 quae
1522 978 1765 1043 inutilis
1804 978 1973 1043 bello
2003 978 2159 1043 urbe
2194 977 2579 1043 excedebat:
2630 978 2821 1043 salvo
2838 990 2869 1041 6

697 1066 890 1131 etiam
943 1078 1082 1130 tum
1131 1064 1496 1129 discrimine
1548 1063 1907 1129 divinarum
1959 1064 2512 1151 humanarumque
2564 1086 2817 1139 rerum,

697 1151 1114 1239 irreligiosum
1177 1165 1368 1229 ratuS,
1429 1150 1784 1216 sacerdotes
1850 1151 2139 1238 publicos
2206 1174 2311 1215 sac
2426 1174 2509 1215 ue
2578 1149 2821 1239 populi

700 1238 980 1303 Romani
1013 1236 1285 1325 pedibus
1319 1238 1431 1314 ire,
1462 1237 1777 1324 ferrique3
1825 1260 1892 1301 se
1923 1261 1997 1303 ac
2037 1260 2183 1302 suos
2212 1237 2281 1301 in
2310 1260 2386 1301 ve
2437 1236 2609 1301 iculo
2648 1260 2817 1302 con-

697 1326 888 1413 spici:
937 1324 1321 1390 descendere
1341 1345 1608 1387 uxorem
1631 1347 1704 1387 ac
1726 1346 1957 1410 pueros
1979 1324 2178 1402 iussit,
2196 1323 2475 1410 virgines
2496 1346 2815 1411 sacraque

698 1412 767 1475 in
794 1412 1146 1498 plaustrum
1175 1409 1496 1498 imposuit,
1518 1416 1585 1474 et
1618 1408 1843 1488 Caere,
1874 1433 2005 1498 quo
2034 1410 2157 1475 iter
2184 1409 2619 1475 sacerdotibus
2648 1424 2814 1486 erat,

697 1497 1000 1584 pervexit.
2454 1516 2462 1520 ·

472 1578 580 1637 41·
785 1582 1032 1649 Romae
1061 1583 1336 1661 interim,
1367 1583 1517 1647 satis
1544 1582 1669 1647 iam
1701 1582 2015 1661 omnibuS,
2048 1596 2120 1647 ut
2148 1583 2218 1647 in
2248 1582 2359 1648 tali
2386 1606 2476 1660 re,
2497 1582 2591 1647 ad
2620 1598 2817 1649 tuen-

367 1662 520 1711 ⁸⁰¹²⁰⁶
541 1675 667 1708 ¹¹¹⁰*
698 1669 847 1734 dam
899 1692 1108 1735 arcem
1154 1670 1539 1757 compositis,
1586 1669 1773 1734 turba
1828 1669 2170 1747 seniorum,
2216 1669 2442 1734 domos
2500 1693 2810 1757 regi-ema,

365 1730 679 1837 Qeffgffif'
695 1756 1040 1820 adventum
1072 1756 1350 1819 hostium
1372 1755 1690 1821 obstinato
1718 1756 1803 1820 ad
1830 1767 2099 1821 mortem
2129 1756 2342 1821 animo
2370 1758 2809 1843 exspectabat.

701 1840 834 1917 Qui
877 1863 1099 1906 eorum
1143 1841 1394 1906 curules
1435 1856 1757 1929 gesserant
1814 1842 2231 1930 magistratus,
2277 1854 2353 1907 ut
2392 1842 2465 1905 in
2506 1842 2811 1909 fortunae

694 1927 994 2015 pristinae
1039 1926 1482 2014 honorumque
1528 1942 1641 1993 aut
1680 1928 1938 1993 virtutis.
1984 1928 2339 2015 insignibus
2380 1944 2811 2006 morerentur,

697 2036 863 2115 quae
907 2013 1349 2101 augustissima
1374 2014 1567 2079 vestis
1600 2029 1699 2079 est
1737 2028 1947 2079 tensas
1985 2014 2365 2080 ducentibus
2400 2016 2815 2103 triumphan-
2834 2030 2863 2079 7

695 2100 961 2179 nbusve‚
983 2123 1060 2165 ea
1067 2101 1278 2166 vestiti
1296 2100 1510 2165 medio
1528 2099 1783 2165 aedium
1800 2101 2096 2166 eburneis
2114 2100 2280 2165 sellis
2298 2100 2538 2167 sedere.
2616 2101 2811 2180 Sunt,
2829 2111 2859 2159 8

697 2188 830 2274 qui,
853 2186 948 2252 M.
971 2187 1169 2252 Fabio
1198 2186 1500 2288 pontifice
1520 2186 1801 2251 maximo
1868 2187 2146 2252 raefante
2170 2210 2447 2265 carmen,
2472 2187 2813 2254 devovisse
2951 2202 2952 2207 ’

695 2296 805 2338 eos
833 2296 899 2338 se
929 2296 1045 2361 pro
1073 2286 1279 2360 patna
1301 2272 1785 2359 Quiritibusque
1872 2272 2133 2351 omanis,
2154 2273 2421 2339 tradant.
2518 2274 2718 2353 Galli,
2744 2288 2814 2341 et

696 2360 849 2447 quia
897 2359 1271 2447 interposita
1326 2372 1530 2437 nocte,
1566 2381 1607 2423 a
1657 2360 2065 2425 contentione
2112 2382 2367 2447 pugnae
2424 2362 2813 2426 remiserant
2828 2380 2859 2430 9
2951 2372 2952 2375 ’

696 2446 959 2525 animos,
999 2458 1068 2512 et
1111 2446 1286 2534 quod
1333 2468 1453 2511 nec
1497 2445 1567 2509 in
1610 2446 1743 2509 acie
1788 2446 2051 2533 ancipiti
2094 2469 2365 2533 usquam
2408 2460 2812 2515 certaverant

695 2534 957 2621 proelio,
987 2556 1106 2599 nec
1151 2546 1289 2597 tum
1333 2531 1579 2619 impetu
1606 2546 1719 2596 aut
1746 2533 1809 2595 vi
1852 2532 2188 2619 capiebant
2228 2532 2471 2610 urbem,
2502 2534 2643 2598 sine
2692 2534 2809 2612 ira,

697 2621 832 2684 sine
875 2620 1098 2685 ardore
1143 2620 1500 2683 animorum
1530 2618 1795 2705 ingressi
1838 2631 2090 2718 postero
2124 2618 2229 2683 die
2270 2620 2495 2683 urbem
2538 2632 2807 2707 patente

703 2705 959 2771 Collina
1045 2720 1202 2783 orta,
1241 2705 1310 2769 in
1344 2704 1553 2769 forum
1596 2718 1997 2791 pervemunt,
2033 2704 2549 2770 circumferentes
2586 2705 2809 2772 oculos

699 2792 780 2855 ad
820 2805 995 2879 temp
1090 2791 1284 2856 deum
1319 2813 1678 2877 arcemque,
1711 2790 1907 2855 solam
1954 2790 2101 2856 belli
2140 2792 2418 2879 speciem
2448 2805 2803 2858 tenentem.

367 806 554 857 Albinii

365 871 538 933 pietus.

763 3022 796 3067 4
831 3008 926 3057 Ubi
955 3010 1116 3067 nuno]
1171 3006 1430 3068 Tanquam
1461 3007 1517 3056 in
1550 3010 1714 3059 locum
1782 3008 2011 3070 pulvinar
2050 3008 2406 3057 deferebantur.
2488 3010 2629 3059 Ante
2672 3008 2808 3072 ipsas

698 3067 770 3117 ita
806 3076 1068 3129 sacratum,
1103 3070 1172 3118 ibi
1209 3072 1382 3133 despui
1419 3074 1591 3135 religio
1626 3080 1715 3133 est,
1780 3073 1886 3120 lora
1914 3073 2255 3132 tendebantur,
2276 3088 2403 3135 quae
2422 3072 2633 3121 fortasse
2652 3089 2807 3122 manu

698 3136 830 3195 quod
861 3140 912 3183 et
938 3134 1140 3183 tradunt
1163 3134 1338 3184 Festus
1361 3152 1404 3184 v.
1427 3138 1643 3195 Deliam,
1664 3142 1715 3185 et
1779 3136 2013 3184 tenebant
2058 3136 2302 3198 principes
2346 3136 2451 3195 viri,
2494 3143 2649 3199 atque
2692 3138 2807 3187 ideo

701 3198 857 3248 Varro
873 3200 935 3247 de
954 3200 1010 3249 L.
1029 3198 1086 3249 L.
1107 3199 1168 3249 iv,
1193 3215 1242 3263 p.
1269 3210 1344 3263 37.
1407 3200 1490 3249 De
1511 3202 1714 3250 sublicio
1778 3201 1957 3249 ducere
1987 3216 2069 3248 ess
2096 3201 2393 3249 dicebantur.
2446 3199 2565 3247 Vid.
2584 3201 2804 3251 Pseudo-

691 3272 842 3325 pemte
865 3264 925 3313 cf.
951 3280 1081 3326 supr.
1103 3264 1136 3313 i.
1163 3278 1238 3327 33.
1275 3264 1405 3313 Rue.
1778 3266 1957 3313 Ascon.
1979 3264 2031 3312 in
2054 3264 2159 3314 Cic.
2183 3272 2353 3313 contra
2374 3265 2515 3313 Verr.
2538 3264 2589 3313 ii.
2616 3266 2647 3323 ἕ
2677 3278 2785 3327 154.

763 3340 790 3390 5
825 3330 882 3377 L.
904 3330 1161 3389 Albinius]
1196 3330 1414 3387 Albinio,
1444 3327 1530 3389 qui
1562 3326 1712 3376 tribu·
1850 3329 1881 3376 8
1916 3330 2085 3377 Medio
2118 3330 2338 3389 aedium]
2406 3328 2680 3391 Octoginta
2716 3345 2803 3377 nu-

696 3407 790 3439 nus
825 3392 1042 3440 militum
1074 3408 1154 3441 an.
1191 3391 1296 3455 376.
1337 3392 1401 3441 U.
1425 3394 1484 3441 C.
1524 3398 1715 3440 creatus
1777 3406 1913 3441 mero
1940 3392 2213 3440 sacerdotes
2242 3398 2294 3440 et
2326 3392 2557 3455 patricios
2588 3393 2804 3441 seniores

696 3462 789 3516 est,
808 3458 1014 3506 Lucium
1039 3472 1338 3519 praenomen
1359 3472 1390 3504 a
1409 3456 1611 3505 Diodor.
1630 3472 1711 3505 xv.
1776 3456 1827 3503 in
1860 3456 1966 3504 foro
1997 3456 2225 3505 Romano
2256 3456 2403 3505 sellas
2434 3455 2661 3518 posuioee
2692 3456 2803 3506 scri-

699 3532 774 3581 51.
797 3520 1011 3569 inditum
1033 3526 1120 3570 est.
1179 3520 1314 3569 Hinc
1335 3520 1478 3569 illum
1500 3520 1713 3569 eundem
1778 3518 1851 3567 bit
1874 3520 2050 3568 Zonar.
2075 3519 2154 3568 vii.
2180 3534 2275 3579 αι,
2296 3520 2379 3581 qui
2402 3519 2640 3582 religione
2670 3522 2801 3570 haud

697 3588 846 3645 atque
867 3584 1017 3643 hunc,
1034 3586 1096 3633 de
1112 3600 1209 3645 quo
1230 3600 1361 3633 nunc
1377 3584 1555 3647 agitur,
1568 3584 1713 3633 fiiisse
1776 3582 2011 3632 inusitata
2048 3584 2141 3631 Dis
2170 3584 2403 3633 Manibus
2435 3590 2486 3633 et
2519 3584 2719 3633 Telluri
2750 3600 2801 3633 se

697 3647 973 3707 suspicatur
995 3648 1199 3696 Niebhr.
1222 3648 1273 3697 ii.
1297 3664 1346 3698 n.
1377 3662 1513 3697 1201.
1777 3646 2087 3701 devoverant.
2109 3652 2167 3696 ut
2188 3648 2338 3696 caede
2360 3664 2449 3697 sua
2476 3648 2551 3695 ira
2577 3648 2799 3697 Deorum

773 3708 804 3758 6
841 3712 988 3759 Salvo
1040 3714 1187 3759 etiam
1243 3720 1345 3760 eum
1405 3714 1707 3771 discrimine]
1774 3710 1825 3759 in
1841 3711 2007 3773 capita
2020 3711 2232 3759 hostium
2248 3717 2561 3761 averteretur.
2586 3712 2653 3761 cs.
2668 3713 2799 3762 Plut.

697 3772 871 3828 Quum
899 3772 1048 3821 etiam
1080 3774 1130 3821 in
1161 3779 1300 3823 tanto
1331 3776 1482 3834 ma10,
1504 3790 1713 3824 servare-
1776 3774 1828 3823 in
1852 3776 1993 3825 Cam.
2020 3790 2097 3824 21.

697 3842 780 3885 tur
835 3836 1094 3885 discrimen
1147 3837 1442 3895 divinarum,
1475 3840 1712 3888 humana·-
1842 3855 1873 3903 9
1904 3842 2203 3901 Interposita
2233 3841 2394 3900 nocte]
2435 3838 2487 3889 h.
2509 3854 2553 3888 e.
2579 3839 2684 3888 Die
2710 3848 2797 3889 ter·-

697 3916 903 3962 rumque
945 3916 1124 3960 rerum,
1159 3907 1210 3949 et
1247 3900 1494 3951 humanae
1538 3903 1714 3951 divinis
1778 3902 1847 3951 tio
1865 3909 1976 3965 post
1998 3918 2213 3965 pugnam
2228 3904 2518 3962 Alliensem,
2534 3909 2591 3952 ut
2613 3905 2797 3953 Roma-

697 3966 870 4015 cedere
897 3964 1192 4016 iuberentur.
1259 3966 1559 4029 Plerumque
1580 3968 1711 4015 enim
1777 3966 1853 4015 nis
1874 3967 2161 4015 numerandi
2183 3983 2290 4015 mos
2310 3973 2414 4016 erat
2434 3984 2446 4015 :
2487 3982 2589 4016 uno
2610 3968 2798 4017 scilicet

695 4045 876 4093 magna
911 4029 1164 4079 calamitas
1197 4030 1365 4079 divina
1397 4030 1712 4093 humanaque
1776 4030 1857 4079 die
1876 4031 2180 4093 interposito.
2221 4032 2283 4079 cf.
2306 4032 2367 4079 A.
2393 4030 2527 4080 Gell.
2548 4048 2593 4081 v.
2616 4046 2695 4094 ¹7·
2718 4032 2795 4095 qni

697 4094 863 4144 omnia
883 4094 1151 4143 confundit.
1187 4096 1347 4145 Canis.
1769 4102 1881 4157 post
1922 4096 2049 4144 diem
2092 4098 2290 4143 tertium
2330 4097 2437 4144 eim
2480 4097 2581 4145 diei
2626 4098 2793 4145 urbem

765 4173 792 4222 7
819 4162 998 4210 Temos
1018 4160 1328 4220 ducentibus]
1371 4158 1563 4208 Tensae
1596 4165 1711 4208 sunt
1768 4166 1972 4221 praeter
1994 4160 2286 4221 Capitolium
2314 4166 2507 4221 captam
2528 4176 2651 4218 me,
2672 4160 2793 4209 scili-

696 4238 834 4272 ποτε,
854 4224 1096 4283 vehicula,
1117 4224 1293 4285 quibus
1307 4223 1577 4278 ‚simulacra
1597 4224 1709 4272 deo-
1776 4228 1855 4271 cet
1875 4224 1953 4272 dio
1974 4226 2117 4272 tertio
2139 4231 2251 4285 post
2274 4238 2511 4285 pugnam,
2532 4238 2599 4273 ex
2624 4224 2795 4273 Verrio

696 4302 804 4334 rum
838 4287 968 4335 ludis
992 4287 1304 4337 Circensibus
1334 4286 1386 4341 in
1412 4286 1614 4336 Circum
1645 4288 1710 4335 ad
1776 4284 1958 4335 Flacco
1978 4287 2139 4336 refert.
