3000 4784
649 181 780 241 330
1433 174 1660 265 T1T1
1713 174 1987 242 L1v11

324 321 392 371 U.
415 322 476 371 C.
502 320 610 385 365·
651 311 1000 398 intactique
1045 311 1363 397 fugerunt.
1457 308 1605 376 Nec
1654 311 1784 377 ulla
1830 312 2058 376 caedes
2114 310 2545 399 pugnantium
2594 308 2747 373 fuit:

321 389 383 437 A.
417 388 476 439 Ο·
502 389 610 450 3⁸⁷·
652 411 830 483 terga
865 418 1048 462 caesa
1083 411 1332 462 suomet
1373 398 1655 485 ipsorum
1688 398 2034 463 certamine
2076 399 2145 461 in
2174 398 2363 462 turba
2400 396 2753 483 impedien-

653 484 814 548 tium
831 484 1064 571 fugam.
1133 482 1326 548 Circa
1355 486 1557 585 ripam
1578 484 1852 563 Tiberis,
1876 508 2007 571 quo
2036 485 2226 549 armis
2254 483 2525 548 abiectis
2554 495 2754 547 totum

652 570 975 635 sinistrum
997 592 1198 636 cornu
1217 570 1480 657 defugit,
1502 574 1741 657 'magna
1762 585 2001 658 strages
2017 572 2183 636 facta
2198 584 2320 635 est:
2372 570 2755 655 multosque,
2769 592 2795 633 4

651 657 977 743 imperitos
1005 657 1204 721 nandi
1233 670 1346 723 aut
1383 658 1711 734 invalidOS‚
1744 680 1967 745 graves
1994 658 2203 722 loricis
2232 657 2503 743 aliisque
2534 654 2761 743 tegmi-

653 744 840 807 nibus
891 742 1157 807 hausere
1215 767 1304 830 gu
1379 745 1514 808 iteS.
1609 744 1899 808 Maxima
1954 756 2168 808 tamen
2219 766 2365 829 pars
2424 740 2763 807 incolumis

652 828 850 893 Veios
870 830 1185 929 pei-fugin
1233 852 1322 893 un
1369 854 1406 893 e
1437 854 1569 895 non
1601 831 1794 895 modo
1812 831 2112 917 praesidii
2140 830 2509 917 quicquam,
2536 827 2654 893 sed
2684 849 2763 890 ne

655 916 922 981 nuntius
973 916 1236 1003 qmdem
1283 915 1497 994 cladis,
1552 917 1829 981 Romam
1880 929 1979 982 est
2026 918 2267 981 missus.
2362 917 2475 981 Ab
2534 916 2765 981 dextro

653 1025 871 1080 cornu,
903 1003 1078 1091 quod
1106 1002 1330 1090 procul
1358 1026 1399 1066 a
1435 1004 1701 1069 flumine
1731 1015 1798 1067 et
1836 1004 2037 1104 magis
2076 1003 2211 1067 sub-
2226 1014 2445 1067 monte
2482 1011 2764 1076 steterat,

659 1087 937 1155 Romam
975 1111 1200 1154 omnes
1234 1089 1496 1176 petiere,
1538 1102 1623 1166 et,
1655 1112 1737 1155 ne
1769 1090 1995 1154 clausis
2034 1089 2297 1176 quidem
2336 1089 2543 1175 portis
2574 1087 2762 1163 urbis,

657 1178 726 1241 in
755 1198 963 1241 arcem
993 1175 1432 1264 confugerunt.

425 1269 528 1329 39.
748 1262 968 1328 Gallos
1015 1274 1270 1363 quoque
1315 1261 1488 1326 velut
1532 1262 1997 1363 obstupefactos
2040 1262 2415 1327 miraculum
2462 1260 2765 1327 victoriae

331 1350 788 1427 Gauispoliistgm
807 1363 1175 1438 repentinae
1202 1350 1422 1413 tenuit.
1516 1348 1605 1413 Et
1632 1349 1655 1413 i
1733 1372 1755 1411 1
1782 1370 2013 1436 pavore
2042 1348 2237 1413 defixi
2260 1348 2544 1435 primum
2576 1360 2767 1412 stete-

329 1417 473 1528 ἓξὲξ
484 1416 618 1527 ξιξ.
657 1451 826 1514 runt,
855 1436 1032 1501 velut
1069 1436 1292 1522 ignari,
1324 1434 1483 1521 quid
1521 1436 1655 1499 acci
1702 1436 1889 1500 isset:
1938 1435 2174 1499 deinde
2213 1434 2477 1499 insidias
2518 1432 2725 1499 vereri
2744 1454 2763 1493 τ

657 1536 976 1610 postremo
1003 1544 1328 1586 caesorum
1357 1520 1559 1608 spolia
1600 1521 1832 1608 legere,
1862 1544 2308 1607 armorumque
2350 1520 2667 1596 cumulos,
2696 1531 2767 1582 ut

658 1632 794 1673 mos
823 1609 900 1672 iis
939 1620 1053 1684 est,
1085 1630 1466 1673 coacervare.
1560 1606 1735 1671 Tum
1764 1607 2045 1685 demum,
2074 1620 2415 1695 postquam
2456 1606 2627 1671 nihil
2664 1628 2769 1670 us-

657 1716 852 1780 quam
893 1694 1119 1758 hostile
1170 1695 1565 1771 cernebatur,
1608 1694 1777 1758 viam
1820 1693 2103 1781 ingressi,
2148 1694 2324 1757 haud
2366 1693 2578 1758 multo
2623 1706 2767 1757 ante

657 1780 805 1844 solis
847 1802 1139 1844 occasum
1179 1778 1262 1843 ad
1307 1780 1531 1844 urbem
1578 1779 1853 1844 Romam
1892 1780 2289 1868 perveniunt.
2384 1779 2522 1843 Ubi
2566 1800 2769 1867 quum
2953 1808 2954 1841 1

657 1866 1002 1953 praegressi
1045 1865 1313 1951 equites,
1354 1888 1486 1931 non
1530 1880 1743 1953 portas
1784 1866 2042 1944 clausas,
2088 1888 2221 1930 non
2264 1867 2609 1931 stationem
2652 1886 2769 1953 pro
2952 1900 2955 1917 ι

659 1953 858 2039 portis
907 1952 1240 2029 excubare,
1292 1974 1426 2017 non
1477 1967 1747 2018 armatos
1790 1976 1926 2017 esse
1970 1954 2038 2016 in
2096 1953 2313 2029 muriS,
2358 1952 2766 2017 retulissent:
2927 1875 2945 2098 Ι

661 2038 835 2102 aliud
891 2038 1088 2125 priori
1145 2038 1349 2103 simile
1405 2039 1777 2103 miraculum
1830 2062 1940 2104 eos
1984 2039 2317 2115 sustinuit3
2379 2052 2771 2125 noctemque

661 2126 844 2189 veriti
875 2138 942 2189 et
967 2126 1222 2211 ignotae
1251 2126 1444 2189 situm
1475 2126 1668 2202 urbis,
1698 2125 1865 2190 inter
1907 2126 2183 2190 Romam
2209 2138 2405 2212 atque
2436 2125 2771 2190 Anienem

660 2211 1023 2289 consedere,
1093 2210 1591 2298 exploratoribus
1658 2212 1862 2276 missis
1928 2213 2096 2277 circa
2164 2212 2417 2276 moenia
2484 2210 2571 2275 ali
2688 2232 2771 2275 ue

335 2316 582 2363 Romano·
659 2310 888 2385 portas,
913 2320 1227 2384 quaenam
1251 2297 1535 2362 hostibus
1562 2298 1632 2361 in
1662 2298 1912 2384 perdita
1931 2322 2000 2363 re
2028 2297 2293 2362 consilia
2308 2310 2534 2362 essent.
2572 2234 2773 2362 asgo-

331 2393 440 2426 rum
463 2393 629 2440 pavor.
662 2385 853 2462 mani,
879 2406 1080 2471 quum
1111 2406 1254 2471 pars
1275 2384 1474 2449 maior
1504 2406 1587 2447 ex
1616 2385 1751 2448 acie
1782 2384 1981 2449 Veios
2008 2384 2287 2471 petisset,
2320 2406 2515 2448 nemo
2544 2406 2773 2471 superh-

660 2492 794 2536 esse
823 2491 1216 2558 quemquam
1246 2484 1494 2557 praeter
1520 2492 1649 2547 eoa,
1682 2472 1795 2557 qui
1828 2470 2103 2535 Romam
2131 2470 2512 2559 refugerant,
2546 2471 2772 2535 crede-

659 2571 774 2635 ret,
805 2556 1177 2645 complorati
1217 2578 1458 2634 omnes,
1487 2558 1725 2643 pariter
1762 2557 1891 2621 vivi
1920 2557 2303 2644 mortuique,
2336 2568 2537 2622 totam
2566 2578 2771 2645 prope

659 2644 882 2708 urbem
910 2643 1204 2709 lamentis
1225 2642 1665 2729 impleverunt.
1744 2643 2031 2707 Privatos
2060 2643 2294 2707 deinde
2316 2643 2527 2708 luctus
2549 2656 2771 2731 stupe·
2786 2664 2814 2715 5

659 2730 812 2795 fecit
913 2730 1159 2794 ublicus
1292 2753 1420 2807 vor,
1469 2741 1807 2817 postquam
1857 2729 2069 2795 hostes
2118 2729 2337 2794 adesse
2396 2730 2771 2794 nuntiatum

661 2830 772 2881 est.
949 2838 1034 2879 ox
1085 2752 1362 2880 ululiiius
1407 2829 1758 2902 cantusque
1818 2816 2121 2893 dissonoS,
2173 2816 2548 2903 vagantibus
2602 2817 2775 2881 circa

661 2900 915 2965 moenia
943 2904 1266 2966 turmatim
1305 2903 1601 2980 barbaris,
1632 2902 1990 2967 audiebant.
2086 2902 2299 2967 Omne
2330 2902 2479 2966 inde
2514 2916 2774 2990 tempus

660 3008 994 3073 suspensos
1044 2988 1134 3051 ita
1182 2988 1388 3051 tenuit
1437 2989 1681 3053 animos
1728 3012 1929 3076 usque
1975 2987 2057 3052 ad
2107 2988 2318 3053 lucem
2360 2987 2650 3066 alteram,
2698 3001 2775 3054 ut

663 3072 1015 3137 identidem
1043 3073 1171 3138 iam
1210 3073 1279 3137 in
1310 3075 1534 3139 urbem
1561 3075 1811 3140 futurus
1840 3074 2160 3140 videretur
2197 3075 2508 3162 impetus:
2552 3076 2772 3176 primo

663 3160 961 3237 adventu,
1015 3184 1144 3248 quo
1196 3174 1586 3226 accesserant
1636 3161 1718 3225 ad
1768 3163 2031 3240 urbem3
2093 3182 2420 3226 mansuros
2462 3184 2645 3226 emm
2688 3160 2773 3227 ad

664 3246 901 3311 Alliam
945 3246 1155 3325 fuisse,
1189 3248 1310 3311 nisi
1350 3247 1472 3312 hoc
1513 3248 1759 3313 consilii
1794 3248 1988 3313 foret:
2036 3248 2271 3314 deinde
2312 3249 2429 3313 sub
2468 3271 2771 3313 occasum

661 3334 826 3410 solis,
859 3336 1012 3421 quia
1038 3335 1212 3400 haud
1241 3334 1514 3399 multum
1542 3334 1671 3398 diei
1712 3346 2052 3421 supererat,
2085 3348 2231 3399 ante
2260 3348 2518 3399 noctem
2546 3336 2675 3399 rati
2703 3356 2769 3399 se

661 3420 1019 3485 invasuros:
1071 3435 1207 3488 tum
1235 3420 1304 3484 in
1333 3434 1586 3486 noctem
1618 3420 1884 3485 dilatum
1914 3420 2247 3485 consilium
2275 3442 2429 3498 esse,
2462 3442 2595 3507 quo
2624 3420 2772 3508 plus

661 3508 907 3594 pavoris
935 3506 1256 3573 inferrent.
1332 3507 1661 3572 Postremo
1690 3506 1803 3571 lux
1832 3509 2347 3594 appropinquans
2369 3506 2765 3572 exanimare:

663 3594 1000 3679 timorique
1024 3609 1331 3682 perpetuo
1355 3595 1374 3657 i
1423 3616 1564 3658 sum
1588 3593 1821 3657 malum
1846 3594 2179 3659 continens
2199 3594 2339 3670 fuit,
2360 3614 2564 3681 quum
2584 3594 2813 3681 signnm

661 3678 888 3742 infesta
914 3681 1114 3765 portis
1142 3695 1292 3745 sunt
1319 3680 1367 3743 il
1389 3693 1509 3745 ata.
1604 3678 2032 3767 Nequaquam
2062 3694 2274 3745 tamen
2305 3703 2383 3745 ea
2410 3692 2623 3758 nocte,
2656 3700 2771 3745 ne·

659 3787 787 3914 pue
828 3764 1188 3865 insequenti
1229 3767 1333 3830 die
1374 3766 1595 3831 similis
1622 3766 1734 3844 illi,
1766 3790 1929 3854 quae
1960 3767 2045 3831 ad
2084 3766 2323 3831 Alliam
2368 3780 2499 3831 tam
2536 3766 2768 3854 pavide

687 3862 923 3937 ugerat,
955 3852 1173 3916 c1vitas
1204 3853 1338 3916 fuit.
1433 3852 1604 3917 Nam
1634 3876 1833 3940 quum
1862 3853 2121 3917 defendi
2151 3854 2373 3917 urbem
2403 3874 2610 3939 posse,
2636 3867 2767 3919 tam
2786 3874 2811 3925 7

729 4063 760 4106 4
789 4047 1025 4109 Defuyit]
1068 4048 1347 4098 Gronovius
1377 4050 1550 4097 mallet
1582 4050 1677 4109 dit*-
1742 4049 1921 4097 derunt
1950 4062 2149 4095 causam
2184 4046 2430 4105 lamentis,
2452 4046 2634 4109 quibus
2656 4050 2769 4098 urb·

651 4113 810 4173 suffit,
842 4112 974 4173 quod
1005 4114 1170 4162 Bauer
1201 4114 1461 4177 improbat,
1492 4112 1678 4174 quippe
1742 4113 1949 4173 impleta
1970 4116 2059 4160 est.
2093 4112 2256 4161 Cam.

664 4174 713 4223 in
749 4191 980 4238 campum
1019 4177 1292 4228 inferiorem
1334 4180 1397 4227 de
1429 4176 1679 4225 montibus
1805 4174 1837 4225 6
1872 4177 2162 4237 Cantium]
2208 4174 2327 4224 Sine
2364 4175 2469 4223 ullo
2504 4174 2767 4225 intervallo
2952 4212 2954 4235 ⁴

663 4238 907 4288 sinistrum
931 4256 1078 4291 cornu
1097 4244 1212 4306 fuga
1235 4244 1330 4291 iam
1346 4242 1675 4291 descenderat.
1743 4240 2073 4289 coniunctum.
2110 4240 2271 4289 cm.
2952 4238 2954 4305 ᾗ

725 4316 750 4363 5
781 4306 958 4353 Urbem
973 4308 1195 4357 lameruis
1211 4307 1560 4368 impleverunt]
1574 4304 1674 4353 De-
1816 4316 1843 4365 7
1882 4305 2094 4364 Civitas]
2146 4302 2309 4361 Cives,
2345 4303 2581 4353 Romani.
2648 4304 2763 4353 Βαι-
2953 4308 2954 4311 ’
