3000 4784
942 215 1123 284 LIB.
1171 217 1256 284 X.
1319 217 1542 284 CAP.
1588 225 1692 284 44.
2233 224 2368 288 607-

368 351 475 416 Sic
510 352 591 418 ad
634 352 1027 431 Cominium,
1062 353 1153 418 sic
1196 354 1279 418 ad
1324 353 1734 441 Aquiloniam
1768 367 1945 442 gesta
1987 376 2104 420 res.
2197 354 2359 422 Inde
2380 371 2446 422 U.
2469 371 2528 422 O.
2551 382 2662 432 459·

268 439 492 508 medio
534 440 699 505 inter
746 440 901 505 duas
944 441 1129 504 urbes
1172 441 1393 528 spatie,
1438 442 1549 504 ubi
1595 440 1780 506 tertia
1821 455 2184 530 exspectata
2227 439 2440 509 erat&
2473 437 2533 487 0·
2557 447 2666 498 ²⁹³·

268 548 514 613 pugna,
548 527 761 591 hostes
794 549 927 591 non
956 527 1215 592 inventi.
1310 526 1568 614 Septem
1597 527 1794 592 millia
1827 550 2122 615 passuum
2161 551 2361 616 quum

272 613 571 678 abessent
601 637 639 677 a
666 611 983 690 Cominio,
1008 613 1282 678 revocati
1310 614 1388 678 ab
1416 615 1547 678 suis
1574 616 1786 679 neutri
1813 613 2054 702 proelio
2075 637 2364 681 occurre-

270 711 449 764 runt.
538 699 771 764 Primis
790 700 985 764 ferme
1012 701 1305 778 tenebris,
1326 722 1528 787 quum
1545 701 1613 766 in
1635 715 1980 788 conspectu
1999 703 2124 766 iam
2143 716 2360 780 castra,

210 811 251 846 α
274 786 409 850 iam
440 785 854 873 Aquiloniam
882 787 1266 863 habuissent,
1296 787 1534 852 clamor
1572 811 1679 852 eos
1709 789 2027 876 utrimque
2057 811 2172 876 par
2199 791 2362 855 acci-

271 873 441 936 dens
482 873 811 937 sustinuit:
858 873 1091 938 deinde
1134 896 1171 938 e
1206 872 1463 960 regione
1503 888 1866 952 castrorum,
1943 899 2062 940 uae
2107 876 2368 942 incensa

272 959 363 1024 ab
396 959 699 1024 Romanis
738 974 937 1037 erant,
969 960 1223 1024 flamma
1248 959 1373 1024 late
1400 959 1541 1024 fusa
1573 961 1856 1025 certioris
1896 985 1930 1025 c
1955 961 2092 1026 adis
2127 963 2364 1029 indicio

271 1046 574 1145 progredi
603 1046 853 1132 longius
880 1046 1220 1133 prohibuit.
1312 1045 1411 1110 Eo
1440 1047 1576 1133 ipso
1605 1047 1746 1111 loco
1763 1069 1958 1135 prope
1983 1061 2216 1114 temere
2247 1051 2366 1114 sub

271 1155 471 1197 armis
504 1133 678 1196 strati
850 1133 939 1196 im
968 1133 1325 1220 inquietum
1354 1155 1544 1197 omne
1575 1147 1824 1219 tempus
1852 1135 2072 1211 noctis,
2104 1157 2367 1222 exspec-

272 1218 479 1284 tando
510 1155 919 1306 timengg‘qsue
946 1219 1175 1296 lucem,
1196 1241 1403 1306 egere.
1438 1234 1441 1237 “
1494 1219 1711 1284 Prima
1730 1218 1891 1297 luce,
1915 1222 2142 1286 incerti
2172 1245 2362 1309 quam

270 1306 351 1369 in
372 1319 617 1392 partem
646 1305 1053 1370 intenderent
1072 1306 1211 1383 iter,
1232 1320 1491 1393 repente
1523 1306 1590 1369 in
1619 1305 1832 1394 fugam
1862 1320 2362 1386 consternantur,

270 1393 601 1478 conspecti
630 1393 709 1456 ab
740 1392 1091 1491 equitibus:
1140 1393 1273 1479 qui,
1292 1415 1572 1478 egressos
1593 1407 1778 1458 nocte
1808 1394 1888 1458 ab
1917 1395 2152 1481 oppido
2187 1393 2366 1460 Sam-

268 1478 447 1544 nites
504 1493 833 1578 persecun,
894 1478 1183 1544 viderant
1250 1478 1740 1557 multitudinem,
1801 1504 1932 1545 non
1989 1481 2174 1557 va110,
2235 1505 2366 1546 non

270 1565 652 1630 statiombus
690 1565 1019 1630 firmatam.
1114 1565 1475 1653 Conspecta
1518 1580 1585 1629 et
1618 1589 1700 1630 ex
1731 1568 1926 1632 muris
1977 1567 2364 1654 Aquiloniae

272 1675 361 1718 ea
416 1650 757 1716 multitudo
823 1665 994 1716 erat:
1070 1652 1321 1739 iamque
1382 1653 1574 1716 etiam
1629 1653 2008 1740 legionariae
2075 1655 2366 1720 cohortes

274 1738 726 1825 sequebantur.
809 1736 1111 1803 Ceterum
1130 1761 1250 1804 nec
1263 1738 1463 1840 pedes
1481 1739 1796 1827 fugientes
1816 1741 2110 1828 persequi
2128 1742 2362 1829 potuit:

275 1837 351 1889 et
392 1825 471 1889 ab
501 1824 715 1910 equite
756 1825 1075 1889 novissimi
1114 1826 1383 1912 agmmis
1427 1826 1686 1891 ducenti
1715 1826 1910 1893 ferme
1941 1841 2008 1894 et
2049 1841 2154 1893 oct
2238 1829 2370 1893 'nta

274 1910 615 1975 interfecti.
706 1915 907 1976 Arma
942 1911 1143 1976 multa
1168 1912 1381 2012 pavidi
1412 1935 1485 1976 ac
1524 1913 1703 2014 signa
1733 1914 2025 1980 militaria
2062 1915 2154 1979 du
2238 1916 2370 1981 evi-

226 2025 259 2074 3
275 1997 447 2084 giuti
473 1996 817 2084 reliquere:
866 1997 989 2062 alio
1024 2019 1275 2084 agmlne
1306 1999 1629 2076 incolumi,
1661 2013 1732 2064 ut
1775 2023 1858 2064 ex
1887 2014 2066 2066 tanta
2091 2003 2369 2090 trepida-

278 2085 479 2161 tione,
510 2082 863 2148 Bovianum
894 2097 1265 2170 perventum
1296 2097 1407 2148 est.

370 2169 711 2235 Laetitiam
748 2170 1073 2258 utriusque
1105 2171 1417 2235 exercitus
1458 2169 1736 2234 Romani
1764 2173 1943 2237 auxit
1971 2185 2036 2237 et
2065 2173 2144 2238 ab
2172 2173 2370 2238 altera
2486 2179 2590 2238 44.

278 2271 463 2345 parte
484 2256 749 2322 feliciter
776 2269 953 2344 gesta
969 2279 1083 2322 res.
1177 2255 1340 2322 Uter
1385 2281 1465 2321 ue
1496 2280 1578 2322 ex
1601 2257 1856 2322 alterius
1885 2260 2201 2325 sententia
2216 2283 2369 2325 con-

280 2343 385 2408 sul
426 2355 679 2431 captum
724 2343 1030 2431 oppidum
1072 2342 1347 2431 diripien
1396 2366 1502 2407 um
1543 2343 1728 2408 militi
1773 2344 1990 2422 dedit3
2049 2346 2370 2412 exhaustis

281 2429 520 2496 deinde
568 2430 751 2494 tectis
796 2431 1009 2516 ignem
1054 2430 1305 2495 iniecit:
1352 2430 1708 2518 eodemque
1756 2431 1861 2496 die
1910 2433 2260 2518 Aquilonia
2303 2447 2372 2499 et

288 2515 659 2581 Cominium
710 2515 1147 2603 deflagravere.
1242 2516 1330 2580 Et
1387 2517 1694 2595 consules,
1747 2539 1894 2582 cum
1951 2519 2368 2606 gratulatione

283 2615 511 2668 mutua
534 2603 857 2690 legionum
896 2625 1155 2690 suaque,
1187 2617 1385 2667 castra
1412 2603 1816 2669 coniunxere.
1908 2605 1988 2669 In
2027 2620 2370 2693 conspectu

284 2689 559 2754 duorum
598 2689 992 2754 exercituum
1031 2702 1098 2754 et
1130 2689 1441 2754 Carvilius
1478 2713 1626 2755 suos
1704 2714 1774 2754 ro
1809 2693 2114 2778 cuiusque
2145 2693 2370 2757 merito

282 2775 567 2841 laudavit
606 2774 1025 2862 donavitque3
1071 2789 1138 2841 et
1166 2775 1473 2863 Papirius,
1505 2713 1704 2864 apudp
1708 2800 1898 2864 quem
1939 2778 2270 2866 multiplex
2303 2781 2371 2842 in

284 2862 443 2940 acie,
487 2861 653 2926 circa
688 2875 905 2938 castra,
937 2862 1103 2926 circa
1146 2863 1385 2940 urbem,
1424 2864 1628 2928 suerat
1667 2877 2007 2943 certamen,
2029 2864 2154 2954 ,Sp.
2191 2866 2258 2930 N
2261 2891 2372 2930 au-

284 2950 473 3026 tium,
514 2947 561 3012 S
604 2997 621 3012 .
654 2948 1000 3035 Papirium,
1030 2949 1235 3014 fratris
1262 2949 1483 3028 filium,
1515 2964 1583 3016 et
1611 2963 1910 3037 quattuor
1945 2953 2368 3030 centurioneS‚

284 2971 807 3122 manipulixmque
838 3035 1244 3114 hastatorum,
1264 3037 1522 3102 armillis
1550 3038 1881 3125 aureisque
1899 3040 2146 3105 coronis
2173 3040 2372 3106 dona-

284 3123 416 3187 vit:
480 3121 793 3186 Nautium
878 3135 1089 3208 ropter
1134 3123 1624 3209 expeditionem,
1671 3148 1800 3211 qua
1845 3128 2056 3214 magni
2105 3128 2374 3214 agminis

286 3208 479 3274 modo
502 3219 805 3272 terruerat
830 3144 1077 3272 hostest
1125 3209 1417 3273 iuvenem
1440 3209 1766 3297 Papirium
1795 3226 2054 3299 propter
2080 3225 2371 3276 navatam

286 3317 437 3360 cum
478 3294 767 3381 equitatu
808 3307 876 3359 et
916 3294 985 3357 in
1028 3293 1267 3381 proelio
1310 3317 1589 3382 operam,
1633 3307 1700 3360 et
1739 3309 1948 3375 nocte,
2033 3321 2118 3362 ua
2156 3298 2371 3386 fugam

234 3406 270 3450 4
288 3381 579 3448 infestam
612 3379 1000 3446 Samnitibus
1029 3381 1107 3445 ab
1138 3379 1487 3468 Aquilonia
1515 3381 1678 3446 clam
1707 3385 1968 3470 egressis
2017 3384 2175 3449 ecit:
2223 3407 2376 3450 cen-

288 3468 569 3534 turiones
588 3467 964 3554 militesque,
977 3466 1127 3554 quia
1136 3466 1321 3555 primi
1334 3481 1580 3568 portam
1597 3491 1976 3556 murumque
1990 3469 2374 3557 Aquiloniae

288 3568 605 3642 ceperant.
700 3553 966 3642 Equites
984 3576 1223 3630 omneS‚
1248 3555 1329 3619 ob
1348 3556 1659 3642 insignem
1688 3555 1904 3620 multis
1925 3555 2080 3620 locis
2097 3579 2373 3646 operam,

239 3657 271 3708 5
288 3640 622 3706 corniculis
679 3640 1061 3728 armillisque
1121 3641 1433 3728 argenteis
1490 3641 1703 3705 donat.
1809 3641 2165 3709 Consilium
2222 3644 2375 3710 inde

356 3861 382 3894 α
418 3847 529 3894 Par
548 3847 768 3895 accidens
788 3846 1046 3906 sustinuit]
1086 3845 1303 3904 Clamor,
1367 3846 1469 3894 lum
1525 3846 1846 3906 hastatorum,
1887 3847 1950 3896 de
2004 3848 2178 3910 quibus
2231 3849 2378 3896 modo

290 3910 375 3972 qui
397 3909 615 3972 aequalis
628 3911 691 3957 ab
708 3915 913 3970 utraque
932 3915 1070 3972 parte
1086 3911 1149 3958 ad
1164 3925 1305 3958 aures
1366 3910 1552 3959 mentio
1573 3911 1705 3959 facta
1724 3915 1814 3959 est.
1849 3911 2010 3960 cmzv.
2365 3921 2370 3926 '

289 3975 560 4032 accidebat,
602 3989 699 4036 quo
744 3973 905 4022 minus
946 3973 1149 4022 ulterius
1194 3989 1303 4037 pro-
1432 3987 1459 4037 5
1483 3977 1780 4036 Corniculis]
1813 3975 1960 4024 Forte
1983 3974 2278 4022 omamentis
2295 3989 2376 4036 ga-

288 4039 618 4102 grederentur‚
640 4053 723 4086 eos
744 4037 1005 4099 prohibuit.
1044 4038 1209 4086 Domi..
1366 4039 1570 4098 learnin,
1603 4055 1752 4088 cornu
1785 4039 1998 4102 speciem
2031 4038 2376 4097 referentibus3

359 4117 388 4165 3
422 4105 487 4154 Ut
505 4119 568 4152 ea*
588 4109 730 4150 tanta
751 4104 1093 4165 trepidatione]
1132 4101 1303 4151 Prouti
1348 4109 1417 4151 ·et
1438 4103 1554 4152 hinc
1575 4105 1890 4152 cornicularii
1912 4101 2178 4161 militeQiis
2195 4102 2380 4162 donati,

294 4183 356 4218 ex
393 4171 533 4214 tanta
565 4167 889 4228 trepidatione
924 4166 1181 4216 incolumis
1214 4168 1301 4216 ali-
1366 4183 1453 4216 seu
1474 4167 1716 4230 insigniti:
1741 4167 1950 4214 “Cornu
1963 4165 2150 4214 dictum
2165 4167 2289 4214 illud
2305 4183 2378 4214 or-

292 4230 403 4293 quis
424 4231 629 4280 evasisse
650 4229 745 4278 dici
768 4234 945 4292 potest.
978 4229 1144 4281 Dosa..
1366 4240 1671 4290 numentum,
1713 4230 1845 4278 miris
1889 4230 2092 4292 gemmis
2135 4236 2377 4290 ornatum,

366 4309 397 4353 4
437 4295 756 4346 Οηιέτιήοπεε
791 4296 1083 4358 militesque]
1144 4295 1303 4352 Quat·
1366 4296 1497 4356 quod
1537 4295 1698 4357 capite
1729 4299 1921 4356 gestant
1954 4295 2256 4344 Venetorum
2289 4295 2377 4343 du-

294 4365 407 4408 tuor
443 4359 764 4418 centuriones,
800 4358 1204 4421 manipulumque
1245 4359 1301 4407 il·
1368 4373 1475 4408 cea:
1506 4359 1628 4408 etin
1651 4373 1853 4408 nummo
1869 4365 2095 4422 argenteo
2111 4359 2376 4408 Alexandri
