3000 4784
795 142 989 209 LIB.
1034 144 1119 209 V.
1186 144 1415 211 CAP.
1468 151 1569 211 10.
2115 152 2246 215 299

154 284 355 343 ‘reret
402 292 473 344 et
511 278 791 368 collegae
821 294 933 345 aut
968 280 1225 357 finient,
1254 282 1433 369 quod
1460 296 1680 347 censet
1719 296 1996 362 serianus,
2025 297 2158 363 aut,
2187 285 2332 349 siu.
2355 298 2416 349 c.
2443 308 2554 361 353·

154 372 171 405 ‘
184 366 571 451 pertinacius
608 366 898 445 tendent,
935 366 1313 433 dictatorem
1352 368 1680 456 extemplo
1723 369 1952 447 dicam,
1983 372 2100 458 qui
2135 393 2246 436 eos
2261 364 2326 413 A.
2353 363 2418 413 Ο·
2445 376 2556 425 399·

152 460 169 491 ‘
186 452 353 517 abire
382 454 759 541 magistratu
778 454 1005 541 cogat.’
1096 452 1319 529 Quum
1350 456 1640 519 omnium
1669 478 1930 531 assensu
1955 479 2250 558 compro-

150 536 285 603 bata
338 540 547 605 oratio
598 552 785 619 esset,
837 540 1322 629 gauderentque
1382 540 1622 620 Patres,
1677 544 1816 609 sine
1871 544 2250 609 tribumciae

148 628 467 715 potestatis
512 627 825 692 terriculis
862 628 1189 694 inventam
1232 651 1369 693 esse
1414 629 1602 693 aliam
1643 631 1776 695 vim
1819 630 2121 696 maiorem
2167 629 2250 695 ad

146 712 529 777 coercendos
734 715 1022 791 'sti-atum
1082 715 1238 779 victi
1289 738 1604 780 consensu
1647 717 1935 782 omnium
1993 717 2252 781 comitia

145 798 545 863 tribunorum
584 736 889 864 ᾚωω
947 801 1249 881 habuere,
1312 803 1424 889 qui
1486 802 1800 867 Kalendis
1861 803 2251 868 Octobribus

143 884 579 1033 ffiistratum
614 887 1013 974 occiperent:
1063 910 1259 974 seque
1301 902 1448 953 ante
1495 911 1638 952 eam
1665 888 1840 953 diem
1881 889 2252 976 magistratu

284 993 537 1035 cavere.

222 1054 297 1121 L.
324 1056 597 1125 Valerio
648 1058 867 1123 Potito
918 1070 1237 1159 quartum,
1288 1059 1385 1124 M.
1419 1059 1616 1124 Furio
1669 1060 1946 1126 Camillo
1995 1062 2248 1138 iterum,
2377 1066 2478 1127 10.

144 1140 247 1205 Μ’.
292 1144 587 1208 Aemilio
662 1143 1063 1211 Mamercino
1136 1146 1417 1223 tertium,
1490 1145 1614 1209 Cn.
1663 1145 1970 1210 Cornelio
2047 1147 2250 1211 Cosso
2271 1150 2338 1199 U.
2362 1151 2422 1199 C·
2447 1162 2560 1212 354·
2657 1152 2664 1162 ’

142 1228 391 1307 iterum,
434 1230 527 1295 K.
554 1230 751 1297 Fabio
782 1232 1123 1308 AmbustO,
1166 1232 1243 1295 L.
1271 1230 1439 1295 Iulio
1473 1230 1638 1308 Iulo,
1669 1233 1940 1297 tribunis
1975 1232 2250 1296 militum
2269 1215 2329 1323 ἓ·
2348 1214 2558 1323 ξὼῧὲδ·

142 1317 459 1381 consulari
504 1330 838 1404 potestate,
884 1317 1087 1382 multa
1128 1316 1303 1381 domi
1348 1317 1744 1404 militiaeque
1835 1332 1985 1383 esta.
2079 1316 2252 1382 Nam
2271 1312 2368 1389 lis.
2387 1292 2480 1388 ετξ
2495 1291 2582 1387 '1912

142 1414 201 1467 et
234 1402 489 1467 bellum
532 1403 719 1468 multi
763 1405 871 1469 lex
914 1404 1038 1468 fuit
1080 1403 1309 1469 eodem
1352 1416 1661 1491 tempore,
1693 1403 1777 1469 ad
1870 1404 2021 1483 eios,
2059 1418 2128 1470 et
2170 1405 2253 1470 ad
2269 1402 2382 1453 Mil.

146 1488 505 1576 Capenam,
548 1503 615 1555 et
778 1490 1074 1569 Falerios,
1108 1503 1175 1555 et
1216 1490 1285 1554 in
1316 1490 1589 1567 Volscis,
1631 1504 1706 1555 ut
1737 1490 1971 1555 Anxur
2013 1492 2093 1556 ab
2135 1492 2254 1557 ho-

141 1575 335 1640 stibus
380 1590 909 1663 recuperaretur:
958 1589 1026 1641 et
1060 1577 1309 1642 Romae
1354 1577 1546 1641 simul
1587 1577 1862 1655 delectu,
1905 1578 2095 1643 simul
2139 1579 2253 1642 tri-

142 1663 291 1727 buto
352 1662 773 1741 conferendO,
826 1663 1183 1729 laboratum
1240 1675 1375 1728 est:
1444 1676 1511 1729 et
1569 1663 1650 1729 de
1711 1664 1981 1730 tribunis
2016 1664 2250 1751 ,plebei

142 1748 525 1849 cooptandis
574 1750 903 1815 eontentio
946 1750 1109 1815 fuit:
1164 1762 1233 1816 et
1280 1750 1455 1815 haud
1505 1772 1770 1837 parvum
1821 1764 2069 1816 motum
2119 1750 2252 1817 duo

144 1834 385 1900 iudlcia
418 1858 659 1914 eorum,
690 1836 805 1923 qui
838 1836 1055 1924 paullo
1090 1848 1239 1903 ante
1278 1837 1595 1902 consulari
1629 1850 1943 1925 potestate
1979 1838 2250 1916 filerant,

144 1923 465 1987 excivere.
576 1922 889 1987 Omnium
946 1922 1227 2010 primum
1284 1923 1556 1989 tribunis
1612 1924 1890 1989 militum
1945 1923 2088 2001 fuit,
2140 1925 2254 1989 de-

144 2008 391 2074 lectum
422 2008 643 2073 haberi
668 2034 685 2086 ;
730 2032 853 2075 nec
888 2010 1170 2075 iuniores
1204 2010 1399 2075 modo
1438 2010 1800 2096 conscripti,
1833 2010 1949 2073 sed
1977 2010 2256 2075 seniores

144 2097 339 2160 etiam
400 2096 604 2159 coacti
660 2096 923 2160 nomina
972 2096 1144 2173 dare,
1196 2109 1272 2160 ut
1330 2096 1503 2161 urbis
1561 2095 1914 2160 custodiam
1973 2109 2251 2182 agerent.

152 2182 497 2257 Quantum
524 2193 740 2246 autem
769 2182 1120 2268 augebatur
1147 2181 1422 2246 militum
1456 2202 1780 2257 numerus,
1811 2192 1992 2245 tanto
2023 2181 2254 2245 maiore
2274 2200 2534 2251 Tributum

146 2268 432 2355 pecunia
470 2268 539 2332 in
583 2266 975 2355 stipendium
1018 2290 1177 2354 opus
1218 2279 1393 2332 erat:
1442 2289 1646 2366 eaque
1691 2267 1931 2330 tributo
1973 2266 2258 2332 confere·
2273 2280 2416 2327 ⁸08oe
2438 2266 2534 2314 001·

148 2356 357 2432 batur,
410 2354 623 2419 invitis
680 2354 1175 2429 conferentibus,
1227 2352 1339 2437 qui
1391 2352 1567 2416 dom1
1624 2353 2056 2427 remanebant,
2109 2353 2262 2437 quia
2276 2329 2448 2378 latum.

148 2440 483 2505 tuentibus
528 2440 753 2504 urbem
800 2462 995 2527 opera
1040 2460 1299 2525 quoque
1346 2437 1606 2501 militari
1653 2437 2088 2513 laborandum,
2129 2460 2261 2501 ser-

148 2526 589 2612 viendumque
650 2526 1037 2613 reipublicae
1088 2536 1243 2589 erat.
1336 2522 1518 2588 Haec
1576 2544 1694 2610 per
1749 2539 1817 2587 se
1875 2523 2108 2610 gravia,
2161 2523 2262 2586 in-

148 2614 451 2701 digniora
499 2625 575 2676 ut
612 2612 1001 2689 viderentur,
1052 2610 1293 2675 tribuni
1328 2610 1542 2761 lplebis
1585 2609 1897 2675 seditiosis
1935 2610 2262 2674 concioni-

148 2700 271 2764 bus
304 2699 668 2775 faciebant3
717 2698 906 2763 ‘ideo
950 2720 1098 2763 aera
1138 2697 1325 2761 militi
1370 2718 1447 2761 us
1489 2697 1833 2761 constituta
1871 2698 2034 2761 esse'
2073 2718 2262 2784 argu-

150 2786 346 2863 endo,
382 2793 404 2825 ⁶
420 2798 496 2850 ut
520 2786 727 2873 plebis
754 2798 1003 2873 partem
1032 2784 1275 2860 militia,
1306 2796 1554 2869 partem
1587 2784 1824 2848 tributo
1851 2783 2258 2849 conficerent.

115 2896 133 2929 ι
155 2882 174 2909 ‘
198 2872 431 2936 Unum
460 2872 701 2936 bellum
732 2893 972 2937 annum
1006 2872 1135 2935 iam
1166 2870 1424 2935 tertium
1456 2870 1642 2947 trabi,
1675 2884 1742 2934 et
1775 2870 2060 2935 consulto
2096 2871 2260 2936 male

156 2966 177 2996 ‘
282 2958 361 3034 ri,
410 2970 485 3022 ut
528 2958 771 3023 diutius
820 2970 1061 3044 gerant.
1152 2954 1231 3019 In
1280 2968 1584 3043 quattuor
1627 2955 1862 3020 deinde
1914 2956 2082 3020 bella
2129 2980 2260 3023 uno

157 3054 177 3083 ‘
249 3043 465 3108 electu
520 3044 839 3109 exercitus
889 3044 1173 3129 scriptos,
1222 3055 1290 3107 et
1346 3064 1581 3128 pueros
1631 3064 1888 3128 quoque
1948 3064 2022 3106 ac
2079 3064 2262 3107 senes

158 3140 181 3169 ⁶
200 3142 538 3195 extractos.
631 3130 769 3194 Iam
813 3152 944 3193 non
988 3128 1241 3193 aestatis
1284 3150 1403 3191 nec
1446 3127 1677 3191 hiemis
1719 3128 2060 3190 discrimen
2105 3148 2261 3204 esse,

160 3228 179 3255 ‘
202 3238 287 3279 ne
320 3214 453 3279 ulla
480 3217 663 3302 quies
692 3237 977 3301 unquam
1006 3214 1271 3277 miserae
1301 3212 1476 3299 plebi
1504 3213 1624 3275 sit:
1674 3233 1836 3296 quae
1867 3234 2040 3275 nunc
2069 3211 2262 3275 etiam

160 3311 181 3343 ‘
203 3301 535 3389 vectigalis
562 3301 645 3367 ad
674 3301 970 3365 ultimum
998 3301 1166 3363 facta
1192 3300 1315 3374 sit;
1352 3310 1445 3375 ut,
1478 3319 1682 3385 quum
1710 3296 2000 3360 confecta
2025 3296 2262 3377 labore,

160 3398 181 3428 ‘
204 3388 947 3488 vulneribus-postremo
976 3396 1183 3450 aetate
1214 3405 1480 3533 σος-ἕστε
1513 3382 1867 3460 retulerint,
1896 3382 2262 3483 incultaque

115 3506 141 3537 2
164 3484 185 3515 ‘
208 3476 429 3539 omnia
460 3474 715 3539 diutlno
744 3472 1151 3537 dominorum
1180 3470 1317 3534 desl
1362 3471 1497 3534 erio
1531 3469 1706 3533 domi
1741 3468 2122 3547 invenerint,
2153 3484 2266 3533 tri-

218 3644 465 3709 9C'amu'110
476 3645 677 3703 iterum]
692 3642 1089 3690 Delendumesse
1102 3643 1187 3689 ite-
1252 3639 1365 3687 dem
1400 3636 1580 3685 mirum
1617 3634 1763 3683 videri
1795 3641 1973 3698 potest,
1999 3651 2152 3699 quum
2185 3638 2266 3685 tri-

164 3726 297 3766 nam,
320 3707 551 3782 quoniam
572 3706 847 3754 tribunatus
866 3705 953 3817 ilsse
975 3719 1057 3814 snli
1080 3719 1106 3765 3
1111 3716 1186 3777 ῥα.
1254 3702 1389 3761 huni,
1410 3716 1534 3813 φερε
1558 3700 1810 3812 Ιὲἶμιειὲιοε
1829 3700 1950 3748 facit
1973 3700 2270 3774 Livium-au-

166 3773 1025 3897 gfflfuffissffifflffl
1055 3780 1189 3878 {²3:2¹3
1249 3778 1676 3879 {ffiffissssssintfe
1676 3778 1848 3877 '‘1125“
1841 3778 2090 3890 ἔτ’ἑέἳιῗέ
2107 3778 2270 3876 ¹333.

168 3914 289 3947 mox
322 3914 411 3961 pro
433 3898 575 3947 Cosso
598 3900 794 3956 iterum,
816 3896 958 3945 Gom
989 3897 1187 3943 tertium
1252 3894 1531 3943 Glareanus
1566 3894 1764 3941 volebat
1805 3892 1901 3955 legi
1938 3908 2128 3940 annum
2168 3893 2270 3939 iam

170 3963 435 4025 legendum
458 3962 647 4010 suadet.
1252 3960 1491 4021 quintani.
1527 3958 1688 4008 (ἔικεν.

242 4042 263 4073 x
301 4028 508 4075 Annum
538 4028 639 4073 iam
671 4024 891 4083 tertium]
937 4022 1187 4079 Quintum
1316 4037 1343 4069 α
1378 4023 1658 4082 Desiderio]
1699 4020 1966 4081 Eleganter
1985 4033 2075 4080 pro
2097 4020 2267 4065 absen⁴

170 4092 273 4138 iam
308 4103 492 4137 annum
522 4088 709 4136 Veiens
739 4087 925 4135 bellum
964 4086 1185 4135 durabat.
1251 4083 1339 4142 tia,
1362 4085 1479 4146 quia
1509 4086 1734 4132 absentes
1760 4082 1944 4131 domini
1977 4082 2042 4129 ad
2075 4095 2150 4127 res
2183 4082 2266 4153 do-

174 4154 368 4202 Verum
400 4152 482 4200 hic
512 4152 804 4201 numerandi
826 4148 1017 4199 initium
1042 4148 1189 4198 sumi-
1252 4149 1478 4196 mestieas
1509 4147 1917 4197 administrandas
1947 4158 1980 4194 a
2009 4142 2112 4193 suis
2141 4142 2266 4191 desi-

172 4224 255 4265 tur
272 4218 339 4265 ab
360 4232 421 4264 eo
440 4231 590 4274 anno,
605 4230 704 4278 quo
724 4214 1041 4263 hibemamila
1060 4213 1191 4261 eirea
1252 4214 1496 4262 derantur.
1532 4212 1698 4261 Dona.

178 4279 333 4329 Veios
364 4280 611 4329 nedificari
642 4284 833 4341 coepta.
900 4278 1055 4334 Quod
1084 4275 1189 4339 qui-
