3000 4784
690 222 819 283 456
1458 214 1689 281 ΤΙΤΙ
1740 214 2016 280 LIVII

370 354 438 405 U.
460 356 519 405 C·
544 366 655 418 4¹5·
692 351 999 417 institutis
1028 363 1175 415 ante
1204 350 1421 414 omnia
1448 350 1824 415 militaribus
1851 358 2280 437 congruentes
2299 372 2318 411 :
2361 346 2598 413 milites
2623 344 2804 409 mili-

366 419 429 469 A.
462 420 522 469 C·
545 432 605 483 33
614 432 656 482 ⁷·
694 438 883 515 tibus,
914 437 1393 502 centurionibus
1418 438 1847 514 centuriones,
1877 437 2120 500 tribuni
2161 434 2430 499 tribunis
2465 454 2802 519 compares
2953 480 2955 483 Α

694 524 1121 625 collegaeque,
1152 522 1379 588 iisdem
1458 522 1762 601 raesidiis‚
1791 544 1980 610 saepe
2015 520 2263 621 iisdem·
2279 519 2622 606 manipulis
2649 540 2802 604 per*
2815 530 2846 579 ⁶

364 615 649 727 {iffi-
694 608 1432 773 ῗὲέἱῖῃῗᾚξιιεξῗε
1474 630 1858 783 φῖεέἓὲἒῗέ
1885 607 2802 777 Ἠὲἰῃῗῖἔῗῗιὲἒῃῗῖξ

366 757 480 790 nem
504 756 621 804 pus-

364 811 505 853 naret
542 805 643 854 edi-
691 794 891 846 naret·

366 840 523 917 citur.’
706 904 713 909 ·
781 866 969 932 Forte
997 868 1167 931 inter
1194 880 1439 932 ceteros
1468 880 1818 932 turmarum
1893 867 2218 942 rsefectos‚
2248 864 2362 951 qui
2389 863 2800 951 exploratum

493 934 552 997 7·
690 954 763 1018 in
806 976 1027 1017 omnes
1072 966 1283 1040 partes
1326 952 1568 1017 dimissi
1618 967 1821 1030 erant,
1845 890 1942 1018 PF.
1977 950 2264 1016 Manlius
2309 949 2586 1014 consulis
2625 949 2798 1013 filius

691 1063 765 1105 su
850 1062 883 1103 r
910 1051 1113 1104 castra
1140 1039 1418 1105 hostium
1446 1062 1594 1103 cum
1634 1041 1764 1103 suis
1803 1039 2178 1103 turmalibus
2217 1036 2433 1112 evasit,
2463 1037 2558 1099 ita
2582 1050 2660 1099 ut
2685 1036 2796 1099 vix

691 1139 757 1191 te
784 1128 807 1190 i
835 1127 1005 1191 iactu
1034 1127 1115 1191 ab
1142 1127 1414 1191 statione
1442 1126 1734 1212 proxima
1761 1126 2023 1189 abesset.
2100 1123 2202 1188 Ibi
2233 1121 2586 1186 Tusculani
2613 1134 2796 1187 erant

690 1212 977 1298 equites:
1024 1226 1313 1297 praeerat
1360 1210 1676 1275 Geminus
1721 1210 1984 1286 MetiuS,
2025 1209 2121 1273 vir
2165 1222 2301 1273 tum
2345 1230 2584 1294 genere
2627 1208 2797 1271 inter

692 1320 856 1377 suos,
894 1311 1032 1362 tum
1074 1298 1272 1373 factis,
1320 1296 1542 1361 clarus.
1651 1295 1716 1359 Is
1759 1296 1872 1361 ubi
1915 1296 2244 1360 Romanos
2285 1294 2558 1380 equites,
2599 1294 2798 1378 insig-

692 1406 971 1471 nemque
995 1384 1163 1448 inter
1182 1406 1291 1448 eos
1356 1382 1801 1447 raecedentem
1823 1381 2100 1446 consulis
2120 1380 2344 1457 filium,
2365 1380 2548 1465 (nam
2571 1402 2796 1445 omnes

364 1478 613 1553 Manlium
692 1471 862 1534 inter
890 1493 977 1546 se,
1008 1470 1103 1533 uti
1150 1493 1231 1534 ue
1260 1468 1283 1532 i
1332 1482 1534 1533 ustres
1554 1468 1692 1545 viri,
1717 1468 1856 1532 noti
1885 1467 2098 1551 erant)
2124 1466 2442 1553 cognovit,
2477 1475 2496 1503 ⁶
2516 1465 2796 1540 Unam—,³

364 1544 480 1655 3⁰⁸·
500 1543 655 1617 fugam
693 1556 803 1633 ait,
850 1564 871 1593 ⁶
892 1569 1101 1620 turma
1206 1554 1419 1619 omani
1456 1576 1606 1617 cum
1636 1553 1886 1618 Latinis
1921 1554 2070 1618 soci*
2153 1576 2234 1617 uc
2274 1552 2514 1617 bellum
2555 1552 2798 1639 gesturi

364 1620 677 1731 prssffinffad
696 1651 715 1680 ⁶
736 1642 934 1706 estis?
1027 1640 1206 1716 Quid
1250 1642 1499 1705 interea
1543 1640 1853 1717 consules,
1893 1639 2052 1726 quid
2145 1662 2229 1703 uo
2275 1637 2600 1703 exercitus
2641 1660 2798 1703 con-

362 1733 605 1793 singulare
694 1736 715 1766 ⁶
734 1727 971 1791 sulares
998 1727 1239 1813 agent?
1313 1726 1616 1791 Aderunt
1642 1727 1712 1790 in
1741 1726 2066 1813 tempore}
2095 1724 2380 1789 Manlius
2407 1724 2480 1789 in
2525 1726 2644 1801 uit,
2695 1732 2716 1761 ⁶
2731 1740 2798 1788 et

362 1800 623 1846 cemmen.
692 1822 714 1852 ⁶
732 1832 881 1876 cum
916 1811 1041 1875 illis
1075 1812 1281 1875 aderit
1315 1811 1564 1897 Iupiter
1595 1813 1618 1877 i
1730 1860 1752 1890 ‚
1781 1812 2110 1877 foederum
2139 1834 2180 1875 a
2205 1810 2384 1875 vobis
2409 1810 2516 1875 vio
2649 1834 2796 1875 rum

690 1907 712 1937 ⁶
732 1896 926 1973 testis,
957 1897 1073 1984 qui
1114 1896 1259 1983 plus
1300 1910 1514 1984 potest
1552 1836 1893 1986 Ροῗῗέῐφιε.
1989 1896 2060 1963 Si
2097 1897 2180 1962 ad
2211 1895 2542 1984 Regillum
2583 1897 2796 1962 lacum

688 1993 709 2022 ⁶
730 1983 814 2049 ad
840 1982 1194 2048 satietatem
1222 1996 1495 2049 vestram
1535 1986 1974 2073 pugnavimus,
2011 1983 2118 2048 hic
2147 2005 2406 2070 quoque
2440 1982 2798 2049 efficiemus

690 2078 711 2109 ⁶
730 2070 1035 2157 profecto,
1072 2092 1157 2134 ne
1196 2069 1388 2133 nimis
1428 2071 1596 2134 acies
1630 2071 1808 2136 vobis
1853 2084 1920 2135 et
1963 2068 2192 2135 collata
2227 2070 2412 2156 signa
2433 2070 2796 2135 nobiscum

691 2166 711 2196 ⁶
730 2155 909 2221 cordi
934 2156 1101 2221 sint.’
1190 2156 1302 2220 Ad
1330 2177 1409 2221 ea
1439 2154 1777 2234 Geminus,
1801 2156 2156 2257 paullulum
2183 2157 2266 2220 ab
2293 2156 2426 2221 suis
2447 2178 2624 2242 equo
2645 2178 2793 2243 pro—

688 2256 927 2320 vectus,
992 2251 1013 2282 ⁶
1034 2241 1233 2307 Visne
1282 2242 1493 2329 igitur,
1548 2243 1706 2307 dum
1759 2243 1896 2308 dies
1951 2243 2073 2307 ista
2121 2242 2318 2319 venit,
2369 2264 2502 2330 qua
2555 2264 2793 2328 magno

691 2338 711 2369 ⁶
732 2340 969 2394 conatu
1038 2329 1354 2393 exercitus
1425 2330 1747 2405 moveatis,
1814 2330 2059 2395 interes
2131 2341 2202 2392 tu
2273 2328 2410 2415 ipsc
2481 2328 2788 2415 congredi

692 2424 711 2453 6
732 2436 1005 2492 mecum,
1064 2426 1139 2477 ut
1195 2426 1411 2478 nostro
1468 2413 1740 2479 duorum
1791 2414 1918 2478 iam
1973 2414 2126 2479 hinc
2175 2428 2412 2479 eventu
2471 2428 2785 2491 cernatur,

690 2510 710 2540 ⁶
731 2514 1043 2587 quantum
1088 2522 1287 2586 eques
1330 2498 1602 2563 Latinus
1647 2498 1944 2564 Romano
1984 2512 2262 2586 praestet
2280 2501 2338 2563 ?’
2425 2499 2660 2565 Movet
2697 2501 2788 2565 fc-

687 2609 901 2652 rocem
942 2587 1224 2650 animum
1263 2585 1512 2649 iuvenis
1545 2607 1662 2649 seu
1701 2584 1816 2661 irs,
1845 2608 1961 2649 seu
1993 2584 2392 2651 deu-ectandi
2425 2587 2788 2651 certaminis

688 2671 914 2761 pudor,
944 2695 1061 2737 seu
1086 2670 1614 2758 inexsuperabilis
1640 2670 1736 2735 vis
1761 2671 1894 2735 fati.
1989 2670 2246 2737 Oblitus
2278 2672 2498 2760 itaque
2535 2672 2786 2773 imperii

688 2758 895 2845 patrii,
926 2757 1387 2843 consulumque
1416 2756 1632 2835 edicti,
1663 2778 1965 2844 praeceps
1993 2756 2078 2821 ad
2103 2757 2175 2822 id
2201 2773 2526 2823 certamen
2557 2772 2784 2845 agitur,

736 2866 837 2920 uo,
896 2844 1200 2920 vinceret,
1260 2865 1345 2906 an
1404 2844 1781 2921 vinceretur,
1840 2842 2014 2909 haud
2085 2844 2360 2909 multum
2429 2845 2782 2910 inter-emet.

748 2927 1029 3011 quitibus
1076 2927 1303 2991 ceteris
1340 2928 1520 2992 velut
1563 2929 1646 2993 ad
1687 2929 2119 3017 spectaculum
2163 2932 2516 3007 summotis,
2557 2932 2782 3018 spatio,

684 3011 859 3099 quod
901 3012 1085 3075 vacui
1128 3012 1542 3078 interiacebat
1585 3015 1814 3103 campi,
1847 3016 2140 3081 adversos
2177 3017 2502 3081 concitant
2539 3040 2780 3104 equos:

684 3112 767 3175 et,
810 3120 1010 3185 quum
1060 3098 1303 3163 infestis
1354 3099 1724 3250 cusffiidibus
1769 3102 2251 3180 concurrissent,
2293 3102 2527 3167 Manlii
2575 3106 2786 3191 cuspis

684 3206 875 3271 super
919 3184 1165 3272 galeam
1204 3184 1421 3264 hostie,
1533 3187 1648 3251 etii
1687 3200 1859 3252 trans
1897 3188 2210 3253 cervicem
2248 3189 2398 3275 equi
2423 3188 2644 3275 elapsa
2669 3203 2782 3255 est.

359 3282 530 3357 vinci:
691 3270 1110 3337 circumactis
1138 3271 1371 3337 deinde
1402 3272 1604 3359 equis,
1637 3296 1836 3361 quum
1870 3275 2044 3361 prior
2077 3275 2160 3339 ad
2193 3274 2555 3339 iterandum
2583 3276 2786 3341 ictum

359 3348 593 3397 ¹¹¹⁸¹²¹¹¹¹²
688 3358 973 3423 Manlius
1014 3359 1549 3434 consurrexisset:
1613 3360 1930 3446 spiculum
1979 3360 2148 3425 inter
2195 3383 2378 3426 aures
2419 3360 2578 3447 equi
2619 3361 2780 3427 fixit.

686 3444 800 3509 Ad
839 3446 1019 3511 cuius
1046 3445 1324 3510 vulneris
1362 3466 1617 3511 sensum
1659 3456 1860 3531 quum
1903 3469 2127 3532 equus,
2157 3446 2470 3534 prioribus
2511 3447 2784 3533 pedibus

686 3534 931 3609 erectis,
960 3554 1190 3618 magna
1227 3531 1290 3597 vi
1329 3543 1523 3618 caput
1552 3544 1863 3618 quateret,
1899 3534 2178 3598 excussit
2215 3534 2537 3619 equitem:
2589 3557 2778 3621 quem

684 3617 945 3702 cuspide
988 3640 1332 3704 parmaque
1376 3617 1676 3695 innisum,
1707 3618 2105 3683 attollentem
2151 3642 2218 3683 se
2265 3620 2347 3683 ab
2388 3619 2568 3706 gravi
2611 3642 2774 3698 casu,

686 3700 971 3765 Manlius
999 3704 1079 3765 ab
1108 3702 1346 3789 iugulo,
1371 3701 1462 3767 ita
1490 3716 1566 3767 ut
1591 3726 1709 3789 per
1736 3716 1938 3769 costas
1961 3704 2196 3769 ferrum
2222 3704 2551 3782 emineret,
2579 3718 2773 3771 terrae

682 3785 927 3886 affixit:
942 3785 1284 3872 spoliisque
1314 3786 1497 3852 lectis
1518 3789 1601 3853 ad
1621 3812 1768 3856 suos
1789 3802 2096 3867 revectus,
2121 3812 2270 3855 cum
2293 3804 2521 3855 ovante
2541 3792 2773 3877 gaudio

682 3886 890 3937 turma
910 3894 979 3935 1n
995 3884 1216 3949 castra,
1236 3884 1429 3959 atque
1452 3874 1603 3939 inde
1628 3876 1709 3940 ad
1731 3876 2138 3963 praetorium,
2158 3876 2240 3941 ad
2261 3888 2526 3965 patrem,
2547 3878 2770 3955 tendit,

742 4055 775 4106 6
807 4058 984 4107 Iisdem
1005 4056 1298 4117 mmzipulis]
1336 4056 1396 4103 cf.
1419 4055 1452 4104 i.
1478 4070 1555 4118 52.
1591 4056 1694 4105 Ubi
1760 4071 1933 4107 manos
1967 4054 2234 4119 imposuit:
2285 4072 2418 4105 nunc
2457 4068 2572 4105 vem
2611 4064 2770 4107 ceum-

678 4121 741 4169 de
834 4120 1031 4169 minatis
1060 4120 1327 4183 manipulis
1356 4120 1695 4169 Romanorum
1759 4120 1919 4170 tiones
1939 4120 2084 4183 primi
2107 4120 2198 4182 pili
2218 4120 2424 4169 Latinus
2443 4126 2496 4169 ct
2519 4120 2770 4171 Romanus

676 4189 729 4232 et
834 4184 1047 4233 tinorum
1078 4190 1243 4232 noster
1273 4182 1507 4245 loquitur.
1571 4184 1691 4233 Tar·
1755 4184 1956 4234 alternis
1975 4184 2118 4233 anuis
2138 4190 2290 4233 erant.

677 4246 873 4307 quinius
894 4248 970 4297 his
988 4246 1253 4309 manipulis
1268 4246 1577 4297 centuriones
1589 4246 1690 4295 Ro-
