3000 4784
704 185 827 246 190
1476 171 1705 239 ΤῙΤΙ
1758 172 2026 239 LIVII

372 318 441 369 U·
466 317 526 367 C·
551 330 661 379 305·
746 334 861 377 uos
934 313 1165 376 rivatos
1186 311 1417 375 fecerat
1446 322 1668 373 auctor
1687 306 1926 373 nulliifs
1947 308 2476 373 senatusconsulti
2497 306 2816 373 faciendi.

370 385 435 431 A.
468 382 527 431 G.
553 394 665 443 447.

371 446 431 495 L.
457 446 639 493 Corne-

741 411 805 462 ta
842 398 905 461 la
946 411 1095 461 ante
1140 397 1265 460 iam
1310 418 1499 461 causa
1539 395 2065 472 decemvirorum,
2095 394 2176 458 L.
2213 394 2552 459 Cornelius
2579 392 2822 457 Malu-

370 509 470 557 1ius
496 509 687 556 decem-
702 484 1000 571 ginensi3‚
1036 481 1131 563 M.
1170 481 1456 545 Cornelii
1500 481 1847 545 decemviri
1891 480 2104 557 frater,
2181 504 2338 545 uum
2386 504 2472 545 ex
2509 478 2818 545 consula-

372 572 499 621 viros
507 577 687 621 tuetur.
703 571 878 635 ribus
920 568 1003 632 ad
1046 568 1344 633 ultimum
1386 566 1648 632 dicendi
1691 566 1905 631 locum
1947 589 2102 631 cons
2173 580 2240 632 to
2289 579 2573 631 servatus
2613 578 2817 641 efflet,

483 2816 587 2875 41.

702 654 1059 721 simulando
1089 676 1307 718 curam
1344 652 1517 729 belli,
1547 654 1804 717 fratrem
1845 651 2244 739 collegasque
2285 653 2425 717 eius
2463 653 2775 716 tuebatur
2795 676 2817 713 ε

705 750 724 781 ‘
746 740 1049 817 Quonam
1072 740 1200 804 fato
1220 739 1568 815 incidisset,
1589 737 1802 802 mirari
1822 738 1910 803 se’
1926 738 2246 816 dictitans,
2267 747 2370 803 ‘ut
2385 737 2820 813 decemviro&

706 835 727 867 ‘
748 828 861 914 qui
889 826 1387 891 decemviratum
1414 825 1743 911 petissent,
1773 836 1885 891 aut
1923 824 2098 901 socii,
2129 838 2244 889 aut
2269 825 2340 888 hi
2369 824 2646 888 maxime
2681 846 2824 909 op-

665 930 671 937 ·
705 921 725 950 ‘
746 912 1151 1013 pugnarent?
1202 923 1313 975 aut
1357 910 1516 1010 quid
1567 911 1674 987 ita,
1727 933 1930 996 quum
1985 933 2102 997 per
2152 924 2250 975 tot
2299 918 2552 975 menses
2601 930 2824 973 vacua
2843 926 2876 973 5

706 1008 725 1037 ⁶
749 999 1005 1063 civuate
1052 1018 1263 1074 nemo,
1302 997 1534 1060 iustine
1583 997 1984 1097 magistratus
2029 1018 2313 1061 summae
2359 1018 2576 1061 rerum
2619 1016 2822 1082 prae-

708 1093 729 1125 ‘
750 1098 981 1163 essent,
1012 1083 1499 1149 controversiam
1529 1082 1784 1161 fecent3
1829 1104 2005 1147 nunc
2031 1082 2316 1159 demum,
2348 1105 2552 1168 quum
2591 1081 2822 1146 hostes

708 1180 728 1209 ‘
748 1194 947 1272 prope
984 1171 1067 1235 ad
1106 1184 1317 1257 portas
1356 1168 1504 1246 sint,
1535 1168 1750 1233 civiles
1776 1168 2122 1233 discordias
2161 1172 2414 1233 serant:
2461 1168 2588 1232 nisi
2627 1168 2820 1254 quod

707 1266 727 1297 ‘
748 1280 818 1322 ιιι
866 1256 1121 1322 turbido
1168 1256 1378 1319 minus
1422 1254 1828 1341 perspicuum
1871 1255 2007 1319 fore
2053 1266 2303 1341 putent,
2353 1254 2514 1355 quid
2561 1267 2814 1341 agatur.

706 1351 725 1382 ‘
754 1342 1064 1409 Ceterum
1102 1342 1449 1418 neminem,
1480 1340 1716 1405 maiore
1757 1362 1910 1404 cura
1947 1341 2272 1426 occupatis
2299 1341 2550 1417 animis,
2580 1362 2816 1404 verum
2837 1350 2874 1399 6

708 1438 727 1471 ‘
748 1452 904 1506 esse,
981 1428 1395 1493 raeiudicium
1425 1428 1520 1491 rei
1549 1439 1760 1491 tantae
1791 1428 2032 1491 afferre.
2121 1425 2257 1490 Sibi
2285 1426 2559 1513 placere,
2590 1426 2673 1492 de
2703 1449 2816 1502 e0,

708 1522 727 1553 ‘
750 1515 926 1601 quod
1021 1514 1251 1577 alerius
1283 1512 1512 1577 Horati
1632 1536 1714 1577 ue
1761 1524 1928 1577 ante.
1959 1510 2116 1578 Idus
2153 1511 2362 1577 Maias
2407 1511 2820 1577 decemviros

706 1608 725 1639 ‘
748 1600 951 1664 abisse
982 1599 1351 1685 magistratu
1378 1599 1566 1662 insim
1637 1612 1767 1675 ent,
1798 1598 1998 1675 bellis,
2077 1620 2196 1661 use
2230 1598 2630 1675 immineant,
2661 1620 2820 1685 per-

706 1694 727 1723 ‘
748 1685 949 1762 fectis,
996 1682 1323 1784 republica
1368 1684 1436 1747 in
1488 1684 1900 1783 tranquillum
1951 1707 1986 1747 r
2145 1696 2227 1761 te,
2275 1698 2502 1749 senatu
2555 1684 2818 1771 dfflcep-

706 1779 727 1811 ‘
749 1783 945 1846 tante,
976 1792 1119 1855 agl:
1166 1782 1234 1833 et
1270 1769 1398 1833 iam
1438 1791 1612 1833 nunc
1660 1784 1750 1835 ita
1795 1792 1862 1835 se
1909 1792 2130 1858 parare
2163 1770 2291 1858 Ap.
2330 1769 2706 1847 Claudium,
2733 1784 2820 1834 ut

708 1866 727 1897 ‘
748 1856 1169 1932 comitiorum,
1230 1878 1395 1941 quae
1470 1854 1844 1921 decemviris
1909 1856 2198 1920 creandis
2268 1855 2598 1921 decemvir
2669 1858 2814 1944 ipse

686 1950 733 1981 '‘
750 1942 1063 2018 habuerit,
1104 1942 1263 2005 sciat
1306 1940 1426 2005 sibi
1472 1941 1786 2006 rationem
1833 1941 2230 2007 reddendam
2275 1965 2432 2019 esse,
2473 1954 2698 2007 utrum
2739 1943 2814 2006 in

708 2038 727 2068 ‘
748 2050 951 2092 unum
994 2050 1235 2091 annum
1278 2027 1474 2091 creati
1517 2027 1664 2105 sint,
1695 2050 1779 2093 an
1819 2027 2026 2093 donec
2064 2028 2259 2115 leges,
2335 2050 2456 2093 uae
2487 2028 2816 2105 deessent,

707 2124 727 2153 ‘
748 2114 1191 2203 perferrentur.
1286 2110 1368 2177 In
1396 2114 1756 2200 praesentia
1789 2114 2008 2178 omnia
2037 2127 2289 2201 praeter
2403 2114 2565 2179 llum
2593 2114 2816 2179 omitti

708 2210 729 2239 ‘
750 2200 1034 2287 placere:
1101 2200 1287 2263 cuius
1338 2200 1392 2263 si
1440 2199 1598 2264 falso
1647 2200 1881 2265 famam
1931 2200 2270 2301 vulgatam,
2321 2222 2615 2287 vanaque
2675 2224 2816 2266 non

708 2294 729 2325 ‘
750 2286 1008 2350 nuntios
1042 2286 1268 2363 solum,
1298 2285 1414 2350 sed
1444 2286 1952 2350 Tusculanorum
1991 2299 2186 2351 etiam
2229 2287 2489 2374 legatos,
2519 2286 2815 2351 attulisse

709 2380 997 2460 ‘putent⁹
1028 2372 1452 2460 speculatores
1478 2371 1825 2436 mittendos
1853 2394 2131 2450 censere,
2209 2372 2275 2437 ui
2311 2373 2548 2437 certius
2585 2374 2814 2460 explo-

710 2468 729 2503 ‘
748 2472 887 2524 rata
931 2459 1221 2524 referant.
1318 2456 1431 2523 Sin
1476 2457 1638 2522 fides
1689 2472 1756 2523 et
1803 2458 2046 2523 nuntiis
2091 2473 2160 2524 et
2348 2459 2430 2523 tis
2475 2459 2812 2536 habeatur,

709 2545 1073 2611 <delectum
1100 2546 1329 2644 primo.
1380 2565 1594 2632 uoque
1625 2556 1910 2630 tempore
1939 2544 2194 2628 haberi3
2227 2482 2652 2622 ¹{temni-os,
2677 2568 2813 2633 quo

602 2652 611 2661 ·
708 2641 727 2669 ‘
750 2632 983 2718 cuique
1024 2654 1243 2696 eorum
1272 2652 1337 2695 vl
1380 2644 1580 2707 catur,
1613 2630 1930 2695 exercitus
1959 2630 2235 2708 ducere3
2281 2654 2404 2696 nec
2439 2653 2578 2695 rem
2618 2630 2811 2695 aliam

708 2726 728 2755 c
1042 2718 1055 2731 '
1086 2718 1101 2747 ⁹
1593 2756 1604 2761 ,

749 2730 1097 2866 Pffviiarilc
1155 2803 1536 2867 sententiam
1591 2816 1663 2887 ut
1713 2802 2162 2881 discederetur,
2213 2804 2492 2869 iuniores
2539 2801 2860 2898 Patrumg

706 2886 1099 2951 evincebant.
1176 2886 1538 2952 Ferociores
1561 2888 1798 2953 iterum
1827 2890 2027 2954 coorti
2051 2889 2346 2955 Valerius
2370 2889 2812 2977 Horatiusque

706 2970 1054 3048 vociferari,
1103 2979 1124 3010 ‘
1144 2983 1217 3035 ut
1244 2970 1325 3035 de
1366 2972 1691 3060 republica
1718 2975 1937 3040 liceret
1965 2974 2218 3040 dicere:
2267 2976 2549 3041 dicturos
2580 2976 2663 3040 ad
2693 2998 2814 3063 po-

775 3212 801 3263 5
836 3202 944 3247 Aut
976 3200 1109 3259 socii,
1135 3205 1226 3247 aut
1253 3199 1307 3247 1ιί
1340 3200 1574 3259 vna-rime]
1615 3202 1723 3249 Aue
1783 3215 1884 3248 non
1910 3200 2089 3263 rogatis
2115 3216 2278 3263 neque
2297 3200 2440 3249 dictis
2459 3200 2734 3261 sententiis,
2755 3202 2808 3251 in

707 3265 796 3313 soli
825 3272 915 3311 aut
944 3265 999 3312 1ιί
1028 3264 1237 3311 maxime
1269 3263 1531 3325 legendum
1559 3269 1722 3312 censet
1785 3279 1839 3312 re
1859 3262 2046 3313 scilicet
2064 3265 2140 3313 vel
2164 3266 2298 3313 clara
2317 3264 2710 3327 indubitatoque,
2727 3266 2808 3315 vel

710 3329 853 3377 Crev.
918 3328 1045 3375 Socii
1072 3326 1254 3375 Stroth.
1284 3326 1645 3388 interpretatur,
1673 3343 1724 3377 oe
1787 3327 1883 3375 levi
1905 3333 1956 3375 et
1977 3327 2227 3387 trdatitia,
2249 3329 2417 3378 statim
2441 3330 2810 3380 transeuntibus

708 3392 857 3439 socios
873 3392 1164 3451 praebendo.
1232 3390 1387 3438 Haud
1408 3389 1510 3438 scio
1531 3405 1594 3438 an
1617 3404 1723 3438 sen·
1787 3390 1838 3439 in
1876 3406 2028 3439 unam
2071 3398 2260 3454 partem
2304 3392 2607 3441 senatoribus
2649 3394 2806 3447 omni-

710 3470 792 3502 sus
810 3452 889 3510 sit,
905 3460 962 3501 ue
982 3455 1067 3517 qui
1084 3456 1457 3503 decemviratum
1474 3456 1726 3516 petissent,
1786 3454 1896 3513 bus,
1929 3460 2016 3503 aut
2053 3455 2197 3518 longe
2233 3452 2416 3505 maiore
2447 3462 2605 3519 parte,
2639 3456 2806 3506 fiebat.

711 3526 801 3566 aut
832 3519 948 3567 socii
976 3532 1163 3576 eorum,
1184 3524 1275 3565 aut
1294 3518 1347 3566 1ιί
1368 3518 1479 3580 ipsi,
1499 3518 1550 3567 h.
1573 3532 1626 3566 e:
1638 3523 1727 3565 aut
1789 3518 1871 3566 Ex
1891 3515 1982 3566 illo
2000 3519 2299 3568 deliberandi
2319 3530 2456 3569 more
2478 3520 2660 3583 pendet
2679 3519 2806 3568 haec

711 3596 801 3642 per
826 3582 982 3630 socios
1008 3588 1095 3630 aut
1128 3596 1217 3644 per
1242 3597 1313 3640 se,
1331 3582 1621 3632 ᾰοοσπιυὶνω
1643 3596 1724 3644 op-
1787 3579 1973 3630 locutio
2017 3584 2224 3657 podibus
2264 3586 2339 3635 ire
2379 3587 2438 3633 in
2476 3586 2766 3634 &atentiam
2783 3602 2806 3633 t

705 3653 1006 3707 pugnarent.
1787 3660 1939 3707 quum
1972 3645 2177 3705 scilicet,
2195 3646 2296 3696 sive
2327 3662 2457 3697 unus
2485 3648 2680 3709 aliquis,
2701 3648 2806 3696 sire

774 3706 807 3758 6
846 3711 1019 3757 Verum
1040 3712 1167 3769 esse]
1192 3725 1257 3758 sc.
1278 3710 1393 3757 Non
1416 3724 1628 3770 aequum
1653 3724 1723 3774 ep-
1788 3709 1969 3772 pluroe,
1990 3709 2092 3758 sive
2115 3725 2304 3770 omnes,
2331 3728 2431 3760 non
2464 3726 2584 3761 voce
2615 3718 2668 3760 et
2697 3726 2804 3760 ors-

710 3788 763 3821 se
784 3787 1079 3833 quemquam
1103 3774 1165 3821 de
1188 3788 1239 3821 re
1261 3778 1403 3821 tanta
1430 3771 1722 3822 sententiam
1787 3772 1921 3821 tione
1941 3774 2235 3822 sententiam
2258 3781 2592 3838 exponerentg
2621 3776 2706 3825 sed
2727 3792 2802 3824 so-

710 3836 845 3898 prius
882 3834 1145 3885 iudicatam
1184 3838 1374 3894 afferre,
1406 3836 1455 3886 h.
1489 3852 1534 3885 e.
1570 3836 1722 3898 prius·
1785 3838 1838 3887 lo
1911 3838 2058 3887 edum
2093 3844 2250 3897 motu,
2283 3840 2578 3889 transeundo
2615 3839 2806 3889 scilieet

710 3914 857 3962 quam
882 3899 933 3947 in
954 3899 1189 3949 iudicium
1216 3916 1291 3949 res
1315 3900 1514 3949 veniret.
1789 3900 1840 3948 in
1876 3853 2012 3951 zano
2045 3901 2248 3951 illamve
2293 3909 2500 3964 par-taem,
2533 3911 2802 3953 censerent.

778 3975 804 4025 7
836 3965 1204 4024 Discodmtur]
1258 3964 1333 4013 Ut
1365 3963 1417 4013 in
1454 3964 1583 4013 hanc
1617 3979 1722 4013 sen·
1790 3964 1934 4013 Haec
1965 3965 2064 4013 fere
2088 3966 2284 4017 Manut.
2311 3965 2364 4014 in
2397 3968 2523 4018 libro
2543 3967 2606 4018 de
2627 3974 2800 4017 senatu

709 4026 915 4077 tentiam
1007 4030 1481 4077 senatusconsultum
1571 4028 1724 4077 fieret.
1789 4028 1938 4078 Rom.
1971 4028 2132 4079 Cam.

710 4092 931 4141 Verbum
962 4092 1202 4141 discedere
1234 4091 1328 4139 hac
1360 4091 1411 4139 in
1439 4106 1490 4140 re
1519 4091 1723 4140 solenne
1850 4094 1881 4140 8
1913 4094 2142 4142 leniores
2167 4094 2405 4154 Pacu-um]
2458 4108 2526 4143 sc.
2549 4093 2800 4145 Minoum

706 4160 827 4204 erat.
877 4155 1138 4203 Vocabant
1158 4160 1324 4202 tamen
1348 4154 1544 4216 propria
1566 4160 1616 4202 et
1637 4170 1720 4216 pe-
1845 4156 2002 4205 ntium
2045 4162 2223 4217 patres,
2265 4158 2349 4217 qui
2391 4158 2544 4221 Appii
2583 4158 2804 4220 partibus

708 4218 879 4269 culiari
937 4215 1271 4280 appellatione
1334 4220 1724 4266 senatusconsul-
1853 4222 1920 4269 ud
1943 4220 2090 4269 dubie
2110 4220 2355 4273 favebant.

708 4286 817 4329 tum
834 4296 929 4342 per
948 4282 1275 4332 discessionem
1298 4280 1573 4340 factum,‚id
1590 4283 1722 4342 quod
