3000 4784
820 232 1009 297 LIB.
1075 232 1161 297 II.
1230 232 1451 298 CAP.
1516 238 1617 301 27.
2149 242 2264 301 101

154 368 315 443 suis,
354 367 711 454 imperator
752 368 1073 433 militibus
1164 367 1518 435 Movebant
1553 370 1876 435 consulem
1913 369 2110 447 haec3
2155 368 2270 437 sed
2291 382 2358 431 U.
2381 382 2440 432 c,
2468 398 2575 449 ²59·

178 466 233 517 te
305 454 567 517 ‘versari
626 477 727 519 res
782 456 1082 542 cogebat:
1161 455 1322 520 adeo
1380 456 1449 520 in
1506 455 1770 521 alteram
1826 479 2078 522 causam
2136 480 2269 523 non
2287 448 2348 496 A.
2383 448 2442 497 c·
2467 463 2576 513 493·

174 538 263 603 col
288 562 405 627 ega
450 540 669 605 solum
714 564 1013 629 praeceps
1059 543 1238 620 ierat,
1290 542 1405 607 sed
1448 544 1654 607 omnis
1703 543 1892 608 factio
1937 543 2266 611 nobilium.

176 624 285 702 Ita,
332 626 631 691 medium
678 651 743 692 se
794 628 1097 715 gerendo,
1146 652 1267 694 nec
1324 628 1526 716 plebis
1583 630 1804 695 vitavit
1859 630 2098 708 odium,
2145 654 2270 697 nec

136 732 159 778 3
174 712 333 811 apud
362 712 595 779 Patres
624 716 891 802 gratiam
908 716 1069 779 iniit.
1162 715 1385 781 Patres
1414 715 1670 781 mollem
1693 716 2017 781 consulem
2038 732 2106 783 et
2134 741 2268 783 am·-

131 821 158 860 4
174 798 463 863 bitiosum
480 802 611 865 rati
622 825 641 879 ;
732 801 905 867 lebes
932 801 1244 868 fallacem:
1292 802 1593 890 brevique
1623 804 1934 890 apparuit,
1967 828 2266 891 aequasse

172 906 312 949 eum
362 888 573 975 Appii
621 825 859 953 odium.
955 888 1301 954 Certamen
1344 888 1708 955 consulibus
1751 890 2075 968 inciderat,
2123 905 2266 957 uter

134 966 487 1039 sdedicaret
520 973 837 1039 Mercurii
872 976 1113 1041 aedem.
1208 976 1477 1041 Senatus
1507 1000 1546 1041 a
1572 1000 1640 1041 se
1680 999 1816 1040 rem
1845 976 1926 1041 ad
1955 977 2262 1064 populum

132 1058 411 1169 6reiecit=
462 1061 600 1125 utri
630 1084 853 1127 eorum
892 1062 1207 1128 dedicatio
1243 1064 1419 1127 iussu
1452 1062 1674 1151 populi
1714 1063 1863 1127 data
1901 1077 2080 1141 esset,
2113 1088 2261 1129 eum

136 1166 449 1247 7praeeaee
480 1170 801 1226 annonae,
834 1164 1253 1215 mercatorum
1283 1150 1407 1215 coll
1489 1151 1623 1215 ium
1651 1150 2001 1227 instituere,
2028 1150 2263 1217 sollen-

132 1252 157 1295 8
172 1230 267 1294 nia
308 1254 425 1319 pro
470 1236 781 1321 pontifice
825 1236 1007 1300 iussit
1047 1238 1381 1336 suscipere.
1532 1236 1760 1323 opulus
1797 1235 2264 1302 dedicationem

134 1340 159 1387 9
174 1317 335 1383 aedis
378 1319 495 1385 dat
544 1320 645 1387 M.
686 1321 1005 1399 Laetorio,
1041 1323 1235 1411 primi
1274 1322 1389 1410 pili
1424 1323 1818 1388 centurioni:
1867 1323 2042 1409 quod
2080 1324 2262 1389 facile

172 1420 514 1490 appareret,
566 1431 704 1473 non
756 1423 887 1473 tam
944 1408 1029 1473 ad
1078 1410 1385 1475 honorem
1432 1410 1588 1486 eius,
1641 1410 1747 1475 cui
1795 1410 2036 1475 curatio
2081 1409 2265 1475 altior

174 1488 407 1579 fastigio
436 1516 561 1560 suo
592 1494 745 1559 data
770 1508 953 1573 esset,
984 1496 1241 1575 factum,
1266 1518 1465 1584 ‘quam
1511 1496 1592 1561 ad
1622 1496 1954 1561 consulum
1993 1498 2264 1583 ignomi-

140 1594 157 1626 1
175 1576 351 1643 niam.
450 1580 715 1647 Saevire
744 1582 896 1647 inde
924 1583 1147 1669 utique
1176 1583 1506 1649 consulum
1537 1583 1696 1649 alter
1723 1583 2104 1684 Patresque:
2151 1584 2266 1649 sed

176 1661 335 1746 plebi
362 1682 705 1733 creverant
738 1669 977 1746 animi3
1024 1682 1089 1733 et
1116 1669 1305 1757 longe
1335 1669 1475 1747 alia,
1509 1693 1704 1757 quam
1731 1669 1937 1757 primo
1965 1671 2266 1735 institue-

178 1763 326 1828 rant,
378 1754 487 1817 via
534 1756 997 1843 grassabantur.
1089 1756 1443 1844 Desperato
1486 1757 1662 1821 enim
1709 1756 2039 1822 consulum
2083 1780 2266 1823 sena-

178 1846 393 1923 tusque
424 1840 693 1919 auxilie,
724 1865 925 1929 quum
954 1843 1023 1906 in
1051 1843 1151 1907 ius
1172 1842 1321 1907 duci
1339 1842 1692 1908 debitorem
1722 1843 2045 1920 vidissent,
2077 1845 2267 1909 undi-

180 1942 293 2006 que
322 1928 767 1993 convolabant.
862 1927 1097 2016 Neque
1128 1928 1454 1994 decretum
1486 1929 1780 1995 exaudiri
1807 1929 2080 1995 consulis
2114 1954 2264 2017 prae

180 2012 435 2097 strepitu
472 2028 543 2079 et
576 2014 849 2081 clamore
888 2028 1173 2102 poterat:
1221 2038 1453 2101 neque,
1486 2038 1688 2103 quum
1728 2016 2060 2095 decresset,
2093 2018 2264 2104 quis—

182 2113 359 2178 quam
416 2102 915 2189 obtemperabat.
1015 2102 1103 2165 Vi
1160 2103 1481 2189 agebatur,
1543 2116 1875 2189 metusque
1935 2105 2140 2169 omnis
2199 2118 2266 2169 et

144 2205 165 2237 ²
182 2184 523 2265 periculum
564 2189 891 2267 libertatis,
922 2211 1125 2275 quum
1158 2189 1229 2252 in
1262 2203 1608 2276 conspectu
1647 2189 1922 2255 consulis
1951 2190 2183 2278 singuli
2227 2214 2268 2257 a

244 2466 271 2515 3
298 2458 644 2522 Ambiacum]
682 2457 977 2523 Aucupandi
1008 2458 1189 2507 favoris

187 2520 417 2579 popularis
438 2525 693 2588 cupidum.
729 2526 888 2575 (ἷκεν.

242 2599 271 2641 4
310 2588 557 2650 Aequana
595 2589 727 2648 eum]
790 2588 922 2635 Eum
959 2602 1058 2635 non
1097 2586 1186 2634 mi·

189 2656 270 2717 nus
296 2646 501 2699 invisum
534 2667 641 2701 esse
676 2652 876 2714 populo,
904 2666 1051 2713 quam
1085 2651 1188 2713 Ap-

190 2720 325 2766 Ρὶιιιιι.
357 2714 519 2765 Cur.

193 2832 203 2843 ‚
246 2786 271 2834 ⁵
301 2778 565 2830 Ded-‘caret
585 2782 829 2831 Mercurii
849 2780 1038 2839 aedem]
1078 2780 1186 2827 Hu-

191 2846 257 2883 ms
276 2838 589 2891 dedicationis
610 2844 793 2891 mentio
824 2844 919 2892 iam
954 2840 1085 2891 ficta
1114 2848 1187 2891 est

192 2912 307 2961 supr.
336 2919 410 2955 21.
448 2910 537 2957 sed
572 2907 653 2955 hie
682 2922 863 2970 nempe
895 2906 1051 2955 fusius
1079 2922 1187 2955 nar-

188 2970 310 3033 !'utur
328 2968 395 3029 id,
414 2973 551 3033 quod
578 2971 681 3021 illic
706 2988 805 3021 nno
826 2976 1019 3020 tantum
1043 2972 1189 3019 verbo

194 3030 441 3083 indicatum
463 3038 641 3086 fuerat.
674 3037 834 3087 Canv,

256 3092 284 3141 6
320 3098 554 3151 Praeesse
595 3100 847 3160 annonae]
908 3096 1189 3147 Verisimile

192 3162 259 3203 Θή
294 3166 595 3224 praesectum
636 3180 862 3213 annonae
904 3163 1061 3225 primo
1102 3178 1189 3210 an-

196 3232 333 3271 nuum
370 3228 517 3278 fiiisse
560 3228 912 3302 magistratum,
948 3228 1035 3301 sed
1078 3232 1189 3289 post

194 3294 736 3406 i‘nliiiiuiiisflpiffftitviiii
752 3298 1110 3418 stlgxindialiiitil:
1120 3305 1187 3402 fg}

198 3409 517 3471 stmnentariae
548 3422 847 3471 curationem
878 3419 1062 3468 aediles
1088 3434 1191 3467 sus-

198 3488 903 3611 fflm‘fflam
939 3484 1191 3611 tw

201 3602 470 3662 demandata
490 3620 578 3664 est.
615 3614 819 3663 Niebhr.
841 3613 874 3662 i.
898 3628 947 3676 p.
972 3612 1080 3675 589.

258 3680 283 3729 7
312 3674 641 3727 Mercator-mi»
665 3679 939 3740 mueyim]
986 3676 1093 3732 Qui
1125 3676 1191 3724 ad

200 3732 353 3805 89118111
384 3740 614 3790 Mercurii
646 3740 787 3791 certis
814 3742 985 3791 diebus
1014 3756 1189 3789 conve—

200 3798 397 3861 mebant,
420 3808 551 3855 unde
582 3812 633 3855 et
665 3806 893 3855 dicuntur
910 3807 1189 3855 Mercuria-

202 3858 262 3906 ιω
282 3864 336 3912 ef·
358 3868 457 3920 Cic.
483 3871 585 3928 Qu.
610 3872 743 3919 Frat.
763 3869 813 3919 ii.
840 3881 885 3931 5.

202 3996 369 4055 apere]
408 4000 687 4058 Celebrate,
706 4004 959 4061 praesente
980 4006 1031 4046 et
1052 4012 1187 4059 prae-

206 4061 336 4105 eunte
356 4064 595 4124 pontifice,
612 4065 851 4126 quaedam
873 4077 1009 4111 sacra
1027 4061 1203 4123 auspi-‘

206 4120 370 4189 effridae
398 4126 509 4177 huic
540 4127 733 4191 collegii
762 4132 1086 4177 mercatorum
1118 4126 1188 4173 in·

206 4186 434 4259 &stationi
501 4194 701 4255 Nempe
728 4206 821 4255 pro
848 4193 1076 4255 pontifice
1107 4189 1189 4238 hic

208 4254 407 4365 as
423 4256 833 4371 wau*
850 4256 1191 4369 *atax

214 4368 382 4439 Mus,
404 4334 629 4434 axin-effi?
637 4336 855 4434 Histadt
872 4383 1041 4446 pontif.
1061 4398 1189 4431 max.

1252 2475 1299 2519 4.
1334 2460 1495 2509 Cnnv.

1318 2538 1349 2586 9
1380 2524 1544 2571 Primi
1557 2524 1652 2585 pili
1673 2524 1968 2583 centuriensi]
1999 2524 2160 2571 Prima·
2171 2526 2266 2586 pili

1252 2588 1471 2635 centurio
1503 2590 1608 2633 erat
1640 2586 1860 2633 centurio
1893 2586 2036 2648 primi
2059 2586 2265 2635 Triario-

1250 2664 1359 2697 rum
1402 2648 1598 2707 ordinis,
1635 2650 1856 2711 adeoque
1898 2650 2083 2712 primus
2117 2651 2267 2699 totius

1252 2712 1455 2777 legionis
1475 2712 1710 2763 centurio.
1777 2714 1942 2763 Huius
1965 2730 2142 2777 magna
2161 2720 2266 2763 erat

1252 2777 1480 2841 dignatio.
1538 2776 1743 2828 Consilii
1763 2779 2007 2841 particeps
2029 2785 2146 2828 erat.
2199 2780 2264 2827 A·

1250 2842 1414 2905 quilae
1452 2848 1556 2891 erat
1600 2842 1914 2905 praepositus.
1997 2842 2268 2892 Dicebatur

1250 2906 1395 2969 primi
1416 2907 1504 2969 pili
1529 2908 1762 2967 centurio,
1778 2906 1912 2970 quasi
1931 2907 2148 2955 centurio
2171 2908 2264 2969 pri-

1250 2970 1319 3018 mi
1342 2969 1524 3019 ordinis
1547 2970 1845 3021 Pilanorum.
1911 2971 2086 3020 Triarii
2115 2972 2266 3031 enim,

1251 3034 1367 3097 quia
1386 3034 1655 3097 antiquitus
1687 3036 1934 3099 proprium
1957 3036 2172 3098 ipsorum
2195 3041 2263 3083 te-

1252 3099 1357 3147 lum
1402 3098 1560 3162 pilum
1597 3104 1717 3158 erat,
1752 3099 1912 3148 Pilani
1950 3101 2265 3160 vocabantur,

1250 3168 1379 3211 teste
1415 3164 1556 3212 Varr.
1590 3181 1635 3224 4.
1675 3164 1738 3212 de
1771 3163 1938 3225 lingua
1973 3163 2084 3213 Lat.
2146 3164 2264 3213 vid.

1251 3226 1361 3275 infr.
1384 3226 1481 3275 viii.
1507 3229 1552 3275 8.
1608 3228 1928 3275 Observatum
1950 3234 2024 3275 est
2042 3244 2077 3275 a
2097 3227 2265 3290 Lipsio

1252 3291 1380 3339 hanc
1416 3288 1785 3339 vetustissimam
1821 3306 1922 3337 esse
1958 3290 2102 3339 huius
2140 3290 2264 3339 ordi-

1251 3354 1327 3403 nis
1348 3354 1663 3403 mentionem.
1732 3354 1845 3403 vid.
1871 3354 2003 3416 Lips.
2027 3356 2089 3403 de
2113 3354 2264 3403 Milit.

1254 3420 1402 3468 Rom.
1434 3418 1485 3468 ii.
1519 3418 1634 3467 dial.
1665 3420 1710 3469 8.
1743 3419 1904 3469 Cur.
1971 3418 2263 3467 Admiratio-

1253 3498 1367 3531 nem
1390 3488 1554 3531 movet
1577 3482 1864 3541 Niebuhr-io,
1880 3484 2122 3545 quomodo
2143 3484 2263 3532 Lae-

1254 3547 1396 3607 torio,
1416 3552 1473 3595 ut
1494 3546 1576 3608 qui
1604 3549 1820 3608 plebeius
1851 3554 1995 3607 esset,
2023 3547 2264 3596 dedicatio

1251 3612 1388 3659 aedis
1417 3628 1450 3660 a
1476 3612 1672 3672 populo,
1701 3626 1765 3658 sc.
1795 3611 2010 3671 patribus
2041 3611 2262 3659 curiatim

1254 3675 1547 3733 convocatis,
1585 3674 1840 3722 commissa
1875 3675 1952 3723 sit.
1991 3675 2195 3724 Niebhr.
2229 3676 2262 3724 i.

1254 3756 1302 3802 p·
1324 3741 1567 3867 5831&oe
1585 3803 1832 3851 consulum
1853 3804 2001 3862 alter]
2042 3802 2264 3853 Maxime

1252 3870 1508 3917 consulum
1531 3868 1670 3921 alter,
1692 3881 1870 3928 nempe
1892 3868 2111 3929 Appius:
2147 3883 2262 3915 nam

1252 3931 1485 3983 Servilius
1527 3931 1724 3981 mollius
1759 3931 2104 3993 contumeliam
2144 3932 2262 3980 fere-

1251 3998 1350 4046 bat.
1385 3998 1546 4047 me.

1318 4077 1345 4109 α
1378 4062 1668 4119 Libertatis]
1701 4059 1844 4107 Haec
1866 4075 1960 4107 vox
1983 4060 2173 4108 videtur
2193 4073 2262 4105 re-

1250 4126 1474 4175 secanda.
1557 4125 1788 4174 Testatur
1832 4124 2106 4173 Gronovius
2153 4136 2262 4169 eam

1250 4192 1419 4245 abesse
1454 4204 1487 4237 a
1529 4188 1824 4238 membranis
1862 4184 2170 4242 Florentinis,
2203 4199 2263 4232 ac

1252 4270 1369 4303 sane
1412 4270 1472 4302 ea
1509 4254 1702 4303 sublata
1737 4268 1906 4301 sensus
1942 4257 2016 4299 est
2053 4262 2262 4297 commo-

1254 4318 1373 4368 dior.
1408 4319 1570 4368 (ἔην.
