3000 4784
700 235 782 292 84
1464 227 1691 292 ΤῙΤῙ
1752 226 2025 293 LI'VII

378 375 447 424 U.
470 375 529 425 C.
554 374 662 436 24⁶·
702 365 860 429 nuit.
954 362 1127 428 Tum
1182 361 1431 440 CocleS,
1488 371 1509 400 ‘
1531 362 1836 427 Tiberine
1883 363 2101 463 pater,'
2153 363 2384 464 inquit,
2433 371 2454 402 ‘
2475 333 2540 426 te
2587 375 2862 430 sanctes

374 441 437 489 A.
470 439 531 490 c.
556 438 666 502 506.

490 1221 589 1280 11.

385 1305 637 1353 Porsenna

378 1369 549 1417 urbem
568 1369 651 1417 ob-

382 1433 523 1482 sidet.

706 461 726 490 ‘
747 474 989 539 precor,
1031 450 1189 515 haec
1233 473 1407 514 arma
1443 462 1513 514 et
1554 449 1727 513 hunc
1769 449 2040 514 milltem
2077 464 2354 537 propltio
2393 449 2662 513 flumine
2703 472 2813 514 ac-

708 547 728 577 ‘
749 538 983 624 cipias.'
1070 535 1171 601 Ita
1212 537 1301 600 sic
1344 549 1622 601 armatus
1666 537 1736 600 in
1780 537 2068 601 Tiberim
2112 535 2404 600 desiluit:
2461 535 2812 623 multisque

705 623 1323 711 superincidentibus
1380 623 1523 687 telis
1580 623 1916 688 incolumis
1975 623 2056 686 ad
2113 645 2260 688 suos
2319 623 2608 699 tranavit,
2669 645 2813 687 rem
2835 650 2866 697 ⁷

707 735 893 776 ausus
914 711 1057 798 plus
1084 710 1287 775 famae
1309 710 1666 774 habituram
1698 710 1780 773 ad
1796 723 2098 796 posteros,
2125 731 2318 796 quam
2340 709 2510 774 fidei.
2605 708 2818 774 Grata

708 821 859 884 erga
886 811 1126 862 tantam
1170 798 1469 860 virtutem
1500 796 1719 861 civitas
1745 796 1906 860 fuit:
1954 809 2162 860 statua
2189 798 2257 860 in
2297 796 2556 861 comitio
2581 797 2812 882 posita,
2833 812 2866 859 8

680 885 841 971 agri
862 897 1181 985 ’quantum
1226 907 1359 947 uno
1386 883 1491 946 die
1539 883 1992 959 circumaravit,
2025 883 2262 947 datum.
2355 883 2612 946 Privata
2649 906 2818 969 quo-
2833 911 2868 961 9

708 995 835 1059 que
858 983 1029 1035 mter
1046 970 1333 1058 publicos
1354 971 1626 1034 honores
1647 970 1859 1034 studia
1877 971 2270 1035 eminebant:
2319 992 2468 1034 nam
2491 970 2558 1033 in
2581 991 2822 1055 magna

709 1058 925 1158 inopia
943 1080 1061 1158 pro
1081 1057 1444 1121 domesticis
1464 1079 1542 1120 co
1565 1057 1664 1156 ‘iis
1687 1057 2122 1144 unusquisque
2143 1057 2206 1121 ei
2227 1055 2490 1143 aliquid,
2513 1056 2818 1120 fraudans

805 1168 828 1208 1
904 1169 940 1208 e
972 1157 1145 1208 victu
1174 1166 1309 1220 suc,
1341 1157 1538 1208 contu
1562 1157 1629 1206 1t.

855 1253 1143 1308 orsenna‚
1168 1231 1373 1318 primo
1394 1243 1630 1294 conatu
1651 1229 1956 1316 repulsus,
1977 1229 2254 1294 consiliis
2277 1232 2361 1295 ab
2383 1229 2820 1379 offimqnmda

710 1320 867 1383 urbe
918 1318 1001 1382 ad
1054 1318 1467 1382 obsidendam
1519 1317 1730 1394 versis,
1775 1316 2088 1404 praesidio
2135 1316 2204 1381 in
2252 1315 2430 1380 Ianic
2499 1339 2539 1380 0
2605 1329 2814 1394 ocat0,
2841 1341 2864 1374 1

711 1406 845 1493 ipse
875 1405 945 1468 in
973 1404 1165 1493 plano
1196 1404 1475 1491 ripisque
1507 1403 1760 1468 Tiberis
1799 1415 2002 1468 castra
2028 1403 2280 1490 posuit3
2327 1403 2593 1467 navibus
2621 1402 2818 1466 undi-

711 1515 837 1578 que
890 1492 1123 1568 accitis,
1169 1503 1237 1555 et
1284 1491 1367 1555 ad
1419 1489 1793 1568 custodiam,
1837 1513 1922 1554 ne
1969 1490 2130 1590 quid
2181 1488 2456 1555 Romam
2505 1489 2817 1554 frumenti

710 1577 976 1643 subvehi
1014 1577 1269 1653 sineret,
1300 1589 1367 1641 et
1406 1589 1479 1641 ut
1517 1577 1890 1662 praedatum
1933 1577 2164 1641 milites
2205 1589 2378 1641 tram
2418 1577 2820 1726 flumenffr

712 1664 1071 1729 occasiones
1115 1663 1252 1727 aliis
1294 1675 1487 1749 atque
1530 1662 1668 1726 aliis
1709 1662 1864 1727 locis
1904 1663 2255 1728 uaiiceret:
2301 1664 2608 1750 brevique
2735 1685 2818 1728 eo

711 1751 1012 1814 infestum
1042 1771 1298 1814 omnem
1342 1749 1708 1813 Romanum
1739 1771 1963 1838 agrum
2007 1750 2307 1827 reddidit,
2339 1762 2414 1814 ut
2439 1772 2572 1814 non
2601 1763 2818 1814 cetera

710 1837 914 1900 solum
946 1859 1027 1900 ex
1058 1835 1239 1924 agris,
1270 1835 1383 1900 sed
1422 1859 1618 1922 pecus
1647 1859 1904 1923 quoque
1935 1859 2124 1901 omne
2160 1837 2231 1899 in
2269 1838 2494 1901 urbem
2533 1836 2818 1922 compel-

710 1923 967 1999 leretur,
1013 1945 1223 2010 neque
1269 1923 1602 2009 quisquam
1649 1935 1831 1987 extra
1871 1937 2084 2010 portas
2125 1923 2478 2012 propellere
2525 1921 2812 1987 auderet.

714 2009 861 2075 Hoc
911 2022 1162 2074 tantum
1214 2009 1508 2074 licentiae
1563 2009 1866 2087 Etruscis,
1919 2032 2052 2074 non
2111 2023 2289 2076 metu
2345 2010 2564 2097 magiS,
2617 2032 2818 2095 quarn

711 2096 993 2173 consilio,
1024 2118 1410 2160 concessum.
1503 2094 1804 2182 Namque
1837 2096 2130 2161 Valerius
2157 2097 2399 2174 consul,
2431 2097 2716 2160 intentus
2746 2097 2818 2160 in

712 2183 1107 2248 occasionem
1136 2183 1367 2247 multos
1394 2182 1586 2246 simul
1617 2195 1684 2247 et
1712 2183 1944 2248 effusos
1984 2183 2323 2270 improviso
2353 2182 2712 2260 adoriundi,
2746 2183 2816 2248 in

713 2271 919 2357 parvis
946 2270 1134 2335 rebus
1163 2269 1491 2356 negligens
1521 2269 1710 2346 ultor,
1733 2291 1989 2356 gravem
2017 2292 2085 2333 se
2117 2270 2198 2333 ad
2227 2270 2466 2334 maiora
2491 2269 2818 2334 vindicem

712 2358 1018 2422 servabat.
1112 2355 1358 2443 Itaque,
1391 2371 1472 2421 ut
1503 2355 1762 2420 eliceret
1803 2356 2225 2443 praedatoreS,
2255 2356 2452 2421 edicit
2489 2358 2636 2433 suis,
2667 2379 2820 2443 pos-

713 2457 851 2509 tero
896 2443 1004 2510 die
1047 2443 1415 2530 frequentes
1456 2455 1642 2530 porta
1685 2441 2040 2530 Esquilina,
2133 2465 2252 2508 uae
2297 2444 2686 2508 aversissima
2731 2445 2820 2509 ab

710 2530 891 2595 hoste
921 2544 1075 2608 erat,
1106 2531 1500 2617 expellerent
1530 2553 1752 2618 pecus3
1799 2531 2106 2594 sciturosi
2181 2529 2394 2596 hostes
2423 2543 2614 2608 ratus,
2639 2530 2821 2617 quod

712 2617 780 2680 in
838 2617 1168 2683 obsidione
1228 2631 1295 2682 et
1350 2617 1517 2682 fame
1575 2617 1828 2681 servitia
1883 2616 2084 2680 infida
2141 2617 2624 2704 transfugerent.
2729 2617 2820 2682 Et

712 2705 909 2768 sciere
948 2704 1131 2791 perfu
1290 2704 1566 2780 indici03
1614 2703 1943 2790 multoque
1973 2703 2205 2790 plureS,
2237 2717 2312 2768 ut
2353 2705 2422 2767 in
2451 2725 2630 2791 spem
2669 2705 2820 2768 uni-

711 2813 926 2854 versae
976 2813 1127 2890 prae
1250 2836 1269 2865 ,
1322 2789 1564 2853 flumen
1624 2789 1962 2854 traiiciunt.
2069 2789 2143 2854 P.
2177 2789 2474 2855 Valerius
2523 2790 2676 2856 inde
2731 2791 2814 2855 T.

715 2875 1125 2940 Herminium
1183 2897 1330 2938 cum
1400 2875 1666 2939 modicis
1725 2877 1924 2963 copiis
1981 2875 2063 2941 ad
2121 2877 2474 2942 secundum
2532 2877 2817 2966 lapidem
2835 2905 2864 2938 2

718 2961 973 3026 Gabina
1014 2961 1117 3026 via
1158 2960 1477 3024 oecultum
1527 2962 1855 3026 considere
1901 2963 2112 3027 iubet:
2173 2963 2281 3051 Sp.
2331 2963 2622 3029 Lartium
2665 2987 2818 3029 cum

714 3045 1015 3134 expedita
1041 3048 1373 3112 iuventute
1404 3047 1487 3111 ad
1527 3061 1776 3134 portam
1811 3047 2132 3114 Collinam
2161 3064 2346 3129 stare,
2377 3051 2586 3117 donec
2614 3049 2818 3116 hostis
2836 3069 2865 3119 3

776 3281 809 3332 6
846 3282 1094 3342 Tiberine]
1144 3283 1176 3308 ‘⁴
1193 3280 1381 3344 Teque,
1414 3286 1556 3344 pater
1586 3281 1732 3330 Tibe-
1796 3281 1870 3332 rhi
1896 3282 2110 3345 impetus
2125 3283 2440 3344 contudisset,
2461 3284 2817 3360 quinquaginta

713 3346 834 3405 tine,
856 3353 941 3394 tuo
964 3361 1077 3394 cum
1110 3345 1313 3394 flumine
1346 3349 1568 3395 sancto.”
1603 3345 1730 3396 Enn.
1795 3345 1961 3409 iugera
1993 3347 2094 3410 agri
2131 3363 2163 3396 a
2195 3355 2367 3396 senatu
2399 3349 2490 3396 sibi
2523 3349 2726 3408 donata,
2759 3357 2816 3398 ut

713 3425 761 3472 p.
787 3425 864 3471 41.
1793 3426 1942 3473 supra
1973 3413 2277 3460 consularem
2303 3413 2566 3472 furtum,
2587 3415 2814 3475 repudia·-

780 3486 807 3536 7
841 3475 1129 3534 [mamis]
1178 3473 1365 3523 Contra
1398 3474 1549 3524 Dion.
1583 3473 1615 3524 i.
1652 3490 1729 3536 24.
1797 3475 1879 3526 vit.
1915 3475 2046 3526 Plin.
2072 3477 2142 3526 H.
2167 3477 2236 3526 N.
2259 3477 2393 3527 xviii.
2416 3495 2461 3538 4.
2493 3477 2764 3528 columen.
2781 3479 2814 3529 i.

712 3538 871 3586 femur
900 3539 1001 3586 telo
1034 3537 1289 3586 traiectum
1326 3537 1506 3588 scribit.
1581 3539 1728 3601 Poly·
1795 3554 1839 3602 3.
1885 3540 1946 3589 cf.
1973 3539 2160 3590 Herod.
2183 3541 2246 3590 iv.
2274 3553 2316 3603 7.

712 3601 821 3651 bins
835 3608 1001 3651 autem
1017 3602 1079 3651 vi.
1097 3614 1173 3665 53.
1201 3601 1445 3652 Coclitem
1458 3601 1512 3651 in
1527 3602 1729 3652 flumine
1863 3618 1882 3652 1
1921 3606 2172 3666 Ianiculo]
2231 3605 2292 3655 cf.
2315 3605 2504 3654 bellum
2529 3603 2814 3668 Etrusem,

711 3667 987 3716 demersum
1008 3673 1185 3717 namt.
1793 3667 1902 3716 inst.
1923 3679 1999 3729 51.

778 3731 1303 3792 SStatuainoomitio]
1337 3730 1730 3796 Gomfflmpars
1859 3748 1886 3781 α
1919 3733 2181 3796 Lapidem]
2218 3733 2299 3782 Ad
2319 3730 2814 3786 seeundumaburbe

712 3795 953 3857 quaedam
974 3793 1065 3842 fori
1088 3795 1321 3854 Romani,
1342 3796 1421 3844 cui
1454 3811 1635 3844 nomen
1664 3797 1727 3845 ab
1792 3796 2092 3856 milliarium,
2145 3796 2330 3861 quippe
2385 3798 2492 3846 viae
2547 3799 2814 3861 lapidibus,

712 3875 789 3918 eo,
802 3860 933 3920 quod
950 3859 1305 3922 populumne
1325 3859 1389 3908 ad
1411 3858 1620 3908 concilia
1640 3870 1729 3909 sua
1791 3860 1931 3908 mille
1963 3875 2194 3924 passuum
2219 3863 2497 3922 intervallo,
2517 3877 2550 3910 a
2571 3863 2815 3925 primariis

711 3925 868 3972 coibat
874 3943 893 3981 ,·
914 3925 1053 3986 ρῐσὸσ
1074 3939 1187 3972 vero
1207 3924 1259 3972 in
1281 3924 1469 3987 reliquo
1490 3923 1596 3972 foro
1617 3939 1730 3973 con-
1794 3924 1916 3973 locis
1931 3925 2213 3974 distantiam
2235 3926 2536 3989 inscriptam,
2551 3926 2688 3976 velut
2702 3941 2812 3978 ιι».

714 3987 951 4038 veniebat.
986 3987 1169 4038 Rostra
1183 3988 1401 4050 quidem,
1414 4001 1542 4050 quae
1559 3989 1730 4050 paullo
1795 3989 2227 4049 xx.‚exhibebant.
2251 3991 2462 4042 cfiFuoe.
2474 3991 2796 4053 R.Ant.§48.

710 4051 959 4115 superiora
978 4057 1134 4111 erant,
1162 4053 1224 4102 cf.
1248 4053 1434 4101 Fronto
1455 4053 1522 4100 ad
1543 4053 1726 4102 Anton.
1865 4068 1894 4116 3
1935 4053 2200 4114 Collinam]
2267 4053 2437 4103 Prima
2475 4055 2608 4104 urbis
2651 4063 2813 4118 porta,

711 4118 838 4178 Aug.
862 4115 892 4164 i.
919 4131 961 4166 2.
994 4117 1247 4165 comitium
1268 4131 1301 4164 a
1320 4117 1510 4177 reliquo
1530 4117 1633 4164 foro
1655 4117 1727 4166 di·
1789 4131 1821 4165 a
1860 4116 2027 4166 Tiberi
2065 4119 2299 4168 orientem
2340 4133 2521 4178 versus,
2553 4125 2658 4168 erat
2697 4120 2812 4170 Fla-

712 4180 957 4229 videbant.
1024 4179 1248 4228 Statuam
1281 4180 1344 4228 de
1376 4181 1516 4228 coelo
1541 4185 1726 4230 tactam
1791 4181 1958 4240 minin,
2001 4188 2106 4230 tum
2161 4183 2489 4245 sequebantur
2541 4183 2814 4244 Collatina,

711 4249 951 4292 memorat
973 4245 1033 4293 A.
1053 4243 1185 4292 Gen.
1209 4244 1271 4292 ir.
1298 4259 1341 4304 5.
1791 4246 2005 4304 Collina,
2050 4246 2328 4305 Viminaliffi
2383 4248 2813 4308 Querquemlana,

778 4323 809 4370 9
843 4307 1227 4365 Gir-camaram]
1284 4305 1483 4354 Poetice
1521 4307 1728 4368 dictum,
1793 4308 2052 4372 Esquilina
2073 4310 2240 4359 Tiberi
2269 4327 2298 4359 e
2331 4312 2526 4374 regione
2549 4312 2709 4388 posita
2733 4314 2815 4362 vel

715 4373 899 4431 quippe
924 4370 1102 4420 Curius
1138 4369 1398 4428 Dentatus,
1420 4385 1570 4431 quum
1608 4373 1726 4434 Pyr·
1791 4376 2096 4424 aversissima
2128 4375 2190 4424 ab
2220 4375 2368 4432 hoste,
2403 4375 2614 4435 Naevia,
2647 4377 2814 4427 Coeli·
