3000 4784
343 828 550 917 Romuii
571 874 623 918 et

343 932 493 983 Remi
503 941 653 984 ortus.

670 219 708 278 8
1443 211 1670 278 TITI
1732 213 1998 281 LIVII

669 371 895 500 {2¹33
894 346 1969 522 ffisszeffffluffifflfssaffffl?
1966 363 2229 500 '3123
2224 347 2467 500 52¹3ssss
2505 360 2773 523 9,ᾘὲ

669 523 877 586 fratris
926 523 1175 587 virilem
1226 523 1568 588 interimit:
1619 523 1826 587 stati-is
1877 523 2046 587 filiae
2096 521 2317 586 Rheae
2372 519 2604 586 Silviae
2656 544 2775 610 per
2800 548 2825 582 1

670 610 947 711 speciem
995 611 1271 686 honoris,
1319 632 1522 696 quum
1568 609 1895 709 Yestalem
1944 633 2087 673 eam
2145 609 2417 695 legisset,
2462 623 2779 696 perpetua.

667 708 1483 860 vffltaggbngglmlzartff
1512 696 1773 870 zsslinnlbss,
1845 781 1990 847 fatis
2055 795 2267 846 tantae
2292 868 2305 881 ι
2331 781 2508 882 origo
2547 782 2775 881 prbis,

670 871 1061 957 maximique
1112 871 1466 936 secundum
1524 870 1792 934 deorum
1850 892 2001 956 opes
2059 869 2312 956 imperii
2360 891 2567 954 princi
2614 869 2772 933 ium.

669 955 758 1022 Vi
797 979 1155 1044 compressa
1192 957 1488 1033 Vestali&
1535 979 1737 1043 quum
1778 957 2107 1042 geminum
2148 969 2401 1042 partum
2446 955 2552 1019 edi
2602 955 2616 968 ⁰
2724 969 2775 1033 t,

669 1065 784 1107 seu
818 1043 911 1108 ita
953 1056 1107 1122 rata,
1157 1067 1270 1109 seu
1316 1043 1470 1131 quia
1512 1043 1670 1106 deus
1713 1055 1933 1107 auctor
1973 1041 2197 1129 culpae
2241 1041 2566 1108 honestior
2614 1056 2776 1120 erat,

671 1128 954 1194 Martem
1000 1131 1282 1196 incertae
1325 1130 1538 1217 stirpis
1584 1141 1831 1216 patrem
1873 1141 2218 1215 nuncupat.
2316 1127 2447 1193 Sed
2490 1149 2613 1192 nec
2656 1128 2775 1207 dii,

669 1238 792 1281 nec
838 1216 1150 1296 homines,
1199 1229 1310 1282 aut
1351 1217 1575 1305 ipsam,
1620 1228 1733 1280 aut
1778 1215 2039 1304 stirpem
2086 1238 2127 1280 a
2174 1214 2549 1280 crudelitate
2596 1216 2781 1303 regia

669 1303 1030 1368 vindicant:
1078 1303 1368 1370 sacerdos
1406 1305 1623 1368 vincta
1662 1304 1733 1366 in
1776 1301 2127 1368 custodiam
2170 1301 2392 1379 datur3
2428 1323 2661 1389 pueros
2702 1302 2779 1366 in

667 1389 1094 1477 profluentem
1223 1413 1370 1455 nam
1417 1390 1587 1455 mitti
1626 1389 1829 1475 jubet.
1923 1387 2113 1454 Forte
2149 1387 2426 1488 quadam
2464 1387 2775 1454 divinitus
2792 1411 2825 1446 α

667 1498 860 1563 super
900 1477 954 1541 ri
1001 1501 1068 1542 as
1119 1477 1206 1542 Ti
1251 1478 1374 1542 eris
1417 1478 1654 1542 effusus
1695 1475 1947 1541 lenibus
1990 1487 2247 1562 stagnis,
2290 1497 2414 1539 nec
2456 1474 2619 1538 adiri
2666 1497 2776 1540 us-

667 1585 862 1648 quam
1023 1563 1182 1649 justi
1224 1585 1478 1628 cursum
1608 1574 1772 1626 terat
1822 1562 2054 1638 amnis3
2110 1574 2195 1639 et,
2243 1583 2429 1648 >posse
2477 1562 2777 1648 quamvis

669 1648 971 1735 languida
1004 1649 1207 1736 mergi
1246 1671 1412 1750 aqua
1438 1650 1461 1712 i
1618 1661 1733 1726 tes,
1778 1671 1957 1736 spem
1990 1648 2337 1712 ferentibus
2372 1647 2579 1713 dabat.
2670 1647 2777 1714 Ita

670 1733 847 1799 velut
875 1735 1160 1800 defuncti
1190 1758 1357 1822 regis
1390 1736 1478 1800 im
1564 1736 1678 1814 ric,
1720 1733 1791 1799 in
1824 1735 2116 1822 proxima
2153 1733 2404 1812 alluvie,
2444 1735 2556 1800 ubi
2594 1757 2775 1800 nunc

652 1821 828 1895 ,ficus
876 1822 1238 1888 Ruminalis
1281 1835 1395 1900 est,
1437 1822 1464 1908 (
1536 1821 1885 1886 omularem
1926 1833 2215 1886 vocatam
2256 1821 2501 1908 ferunt)
2534 1841 2776 1973 1⁷³1*qu
2792 1844 2824 1893 3

668 1922 1020 1996 exponunt.
1091 1908 1321 1974 Vestae
1345 1921 1484 1973 tum
1515 1909 1586 1973 in
1614 1908 1691 1972 iis
1720 1907 1875 1973 locis
1902 1907 2277 1973 solitudines
2305 1920 2501 1973 erant.

665 1994 852 2073 fama,
900 2017 1100 2082 quum
1141 1997 1502 2060 fluitantem
1546 1994 1817 2074 alveum,
1860 2018 1990 2082 quo
2030 1993 2301 2096 expositi
2338 2007 2523 2060 erant
2562 1995 2771 2082 pueri,

665 2083 876 2147 tenuis
905 2081 975 2146 in
1003 2083 1170 2148 sicco
1199 2105 1366 2170 aqua
1392 2081 1799 2159 destituisset,
1828 2079 2047 2169 lupam
2075 2081 2393 2146 sitientem
2423 2104 2506 2146 ex
2533 2082 2775 2146 monti-

665 2168 804 2246 bus,
841 2169 956 2255 qui
999 2169 1168 2233 circa
1204 2181 1374 2247 sunt,
1411 2167 1494 2232 ad
1529 2167 1838 2254 puerilem
1874 2168 2157 2255 vagitum
2192 2189 2447 2252 cursum
2484 2167 2767 2234 flexisse:

667 2276 810 2318 eam
839 2255 1198 2320 summissas
1227 2253 1572 2319 infantibus
1601 2252 1762 2318 adeo
1791 2254 2013 2319 mitem
2045 2255 2407 2341 praebuisse
2442 2275 2771 2334 mammas,

668 2353 742 2404 ut
770 2340 989 2428 lingua
1015 2341 1405 2407 lambentem
1425 2362 1658 2427 pueros
1675 2341 1975 2427 magister
2102 2341 2147 2404 ii
2169 2341 2416 2427 pecoris
2432 2341 2767 2407 invenerit.

339 2436 585 2488 Educatio
601 2445 652 2490 et
667 2424 968 2493 Faustulo
996 2427 1187 2494 fuisse
1230 2449 1470 2492 nomen
1503 2427 1751 2492 feruntt
1791 2427 1872 2492 ab
1906 2450 1984 2492 eo
2142 2425 2390 2492 stabula
2427 2427 2771 2494 Larentiae

337 2503 618 2554 adolescen-

337 2566 426 2618 tia.
435 2607 438 2610 .

667 2514 853 2579 uxori
909 2514 1272 2580 educandos
1342 2513 1521 2580 latos.
1645 2512 1830 2592 Sunt⁹
1891 2513 2003 2601 qui
2063 2513 2450 2592 Larentiam,
2508 2514 2769 2601 vulgato
2786 2535 2821 2580 4

666 2623 950 2688 corpore,
979 2601 1196 2703 lupam
1223 2601 1396 2666 inter
1433 2613 1717 2688 pastores
1744 2613 2042 2702 vocata-m·
2059 2611 2326 2687 putent3
2373 2599 2524 2702 inde
2553 2600 2770 2666 locum

663 2687 1614 2862 fflizffizztfflffl·
1634 2687 2005 2851 1112‘25333:
2024 2700 2255 2838 '3325
2264 2685 2771 2862 fflssssanzg'ffiffi

662 2861 957 2924 venando
995 2881 1326 2947 peragrare
1371 2859 1541 2924 circa
1584 2859 1795 2924 saltus·
1887 2859 2081 2938 Hinc,
2127 2861 2353 2925 robore
2400 2861 2771 2948 corporibus

663 2947 1018 3032 animisque
1047 2957 1320 3033 sumpto,
1364 2945 1492 3009 iam
1522 2967 1653 3010 non
1682 2945 1844 3010 feras
1872 2959 2122 3011 tantmn
2156 2947 2514 3025 subsistere,
2554 2947 2671 3012 sed
2698 2949 2771 3012 in

661 3031 954 3110 latrone&
977 3032 1216 3118 praeda
1235 3043 1515 3110 onustos,
1534 3031 1810 3119 impetus
1830 3032 2057 3112 facere,
2082 3034 2563 3122 pastoribusque
2586 3047 2770 3122 rapta

731 3227 752 3260 1
788 3213 981 3273 Rheae]
1007 3211 1208 3261 Scilicet
1223 3211 1380 3274 Reae,
1393 3212 1425 3262 i.
1441 3228 1485 3262 e.
1502 3227 1681 3262 nocen-
1743 3221 1838 3263 em.
1873 3213 2038 3263 Cam.

661 3275 737 3326 tis.
776 3277 856 3326 Cf.
871 3277 1076 3326 Niebhr.
1099 3277 1132 3327 i.
1155 3293 1204 3340 p.
1225 3279 1334 3326 208.
1399 3277 1681 3341 Aliquando
1812 3292 1839 3340 3
1871 3278 2175 3338 Ruminalis]
2217 3280 2251 3305 “
2266 3278 2349 3327 Ita
2363 3279 2513 3338 dicta,
2526 3279 2657 3340 quod
2674 3281 2768 3329 sub

662 3341 790 3390 Iliae
806 3346 1025 3401 vocatae,
1039 3341 1184 3390 Ovid.
1201 3340 1333 3391 Fast.
1348 3341 1398 3390 ii.
1419 3343 1526 3404 383.
1554 3342 1680 3391 Hor.
1744 3357 1805 3390 ea
1824 3343 1995 3390 arbore
2010 3340 2157 3406 Lupa
2174 3359 2367 3391 rumam
2388 3343 2577 3392 dederit
2599 3343 2768 3393 Remo

662 3405 758 3454 od.
789 3405 822 3454 i.
855 3421 900 3454 α.
935 3405 1142 3467 Dionys.
1171 3405 1204 3454 i.
1239 3417 1316 3468 77,
1349 3406 1424 3466 78.
1490 3406 1680 3455 Perizo-
1745 3411 1797 3454 et
1819 3406 2054 3466 Romulo,
2070 3405 2120 3454 id
2138 3412 2230 3465 est,
2246 3420 2531 3465 mammam,
2544 3421 2769 3456 mamma

662 3468 774 3518 nius
822 3468 1006 3528 docuit,
1051 3469 1200 3518 Iliam
1245 3485 1439 3532 semper
1483 3470 1681 3519 Aeneae
1743 3476 1909 3518 autem
1929 3473 2085 3518 rumis
2100 3468 2300 3519 dicitur:
2330 3471 2417 3519 alii
2432 3477 2619 3531 autem,
2630 3473 2766 3534 quod

663 3533 834 3593 filiam,
858 3534 1018 3582 Ream
1051 3540 1220 3582 contra
1249 3533 1382 3596 regia
1412 3533 1563 3596 stirpe
1588 3534 1680 3582 Sil·
1744 3536 1833 3582 sub
1856 3549 1916 3583 ea
1936 3549 2086 3596 pecus
2114 3535 2345 3582 ruminari
2366 3535 2565 3583 solitum
2586 3540 2768 3586 esset.”

661 3597 850 3646 riorum
873 3599 1069 3647 Albana
1093 3604 1379 3661 prognatam
1400 3613 1519 3648 esse.
1584 3597 1679 3646 Fa-
1743 3597 1919 3646 Festus
1940 3615 1985 3646 v.
2010 3597 2303 3647 Ruminalis.
2344 3599 2421 3649 Cf.
2446 3598 2606 3648 Tacit.
2632 3602 2765 3651 Anu.

659 3661 828 3710 bulam
850 3663 912 3711 de
937 3663 1047 3711 Rea
1067 3661 1221 3711 Silvia
1241 3663 1554 3711 vetustiorem
1575 3677 1681 3711 esse
1743 3662 1844 3710 xiii.
1863 3664 1939 3724 58.
1968 3661 2299 3711 Wachsmuth
2313 3663 2495 3713 Gesch.
2508 3665 2597 3712 des
2613 3665 2765 3716 Rom.

657 3730 709 3773 et
740 3741 772 3774 a
805 3725 997 3774 Naevio
1031 3728 1303 3788 probatam,
1331 3727 1478 3775 Iliam
1512 3731 1678 3774 autem
1744 3726 1953 3784 Staates,
1974 3741 2024 3788 p.
2052 3741 2157 3790 129.

656 3805 690 3838 a
721 3789 967 3839 Graeculo
999 3792 1212 3852 quodam
1245 3791 1382 3839 fonte
1414 3791 1679 3840 deductam
1808 3809 1837 3850 4
1868 3793 2013 3849 Sunt,
2042 3793 2127 3854 qui
2156 3791 2466 3850 Larentiam]
2523 3791 2643 3840 Iure
2674 3807 2762 3856 op-

657 3855 932 3916 suspicatur
953 3855 1002 3903 N
1007 3853 1158 3903 iebhr.
1742 3854 1863 3902 timo
1878 3854 2159 3917 indignatur
2170 3855 2471 3904 Niebuhrius
2488 3856 2657 3905 Pisoni
2672 3858 2765 3906 ali-

732 3933 759 3966 2
795 3919 942 3968 Forte
977 3920 1187 3981 quadam
1225 3919 1488 3978 divinitus]
1560 3918 1678 3967 Non
1742 3918 1879 3980 isque
1902 3918 2155 3966 annalium
2187 3919 2516 3981 scriptoribus,
2536 3921 2669 3982 quod
2690 3922 2761 3970 fa-

657 3982 908 4030 insolitum
931 3983 1144 4044 antiquis
1167 3983 1362 4031 Fortem
1385 3983 1561 4045 ipsam,
1578 3984 1679 4032 sive
1742 3983 1883 4030 bulas
1904 3989 2089 4031 veteres
2120 3998 2183 4032 ex
2216 3984 2441 4032 libertate
2466 3983 2687 4046 mythice
2707 3985 2761 4034 in

659 4063 719 4094 ea
739 4061 866 4109 quae
895 4061 1008 4095 casu
1038 4047 1285 4106 eveniunt,
1307 4047 1502 4095 divinae
1534 4063 1679 4096 cume
1742 4047 2019 4095 historicam
2049 4048 2329 4097 servitutem
2354 4048 2601 4097 vindicare
2624 4049 2761 4098 volu-

657 4110 913 4174 assignare.
979 4109 1060 4159 Sic
1092 4110 1348 4173 aliquoties
1384 4111 1679 4160 Plutarchus
1742 4111 1895 4160 erint:
1930 4127 2050 4173 quos
2070 4117 2237 4160 tamen
2260 4111 2544 4175 Dionysius,
2565 4119 2617 4160 et
2640 4114 2761 4161 Plu-

657 4175 758 4250 θείᾳ
777 4174 868 4223 τινὶ
888 4172 1031 4238 τύχῃ.
1087 4175 1350 4223 Blanditur
1365 4181 1531 4223 tamen
1552 4175 1677 4225 Gru·
1740 4175 1938 4223 tar-chus
1994 4176 2307 4224 vehementer
2363 4177 2584 4226 laudant.
2678 4177 2761 4228 Cf.

658 4243 750 4286 ten
773 4239 1076 4288 coniectura:
1110 4239 1257 4288 Forte
1276 4239 1505 4302 quandam,
1521 4256 1591 4287 cm
1604 4241 1675 4288 di-
1742 4239 2087 4289 Wachsmuth.
2104 4255 2152 4302 p.
2174 4238 2277 4288 126.
2290 4240 2376 4301 qui
2391 4240 2593 4289 nomina
2606 4241 2759 4290 Faus-

661 4305 876 4362 υέηέῠιιε;
913 4318 1064 4365 quum
1097 4303 1378 4364 praesertim
1401 4302 1601 4353 Sueten.
1623 4303 1675 4353 in
1738 4303 1831 4352 tuli
1852 4319 1884 4351 a
1904 4304 2083 4364 favere,
2096 4303 2355 4353 Larentiae
2369 4321 2403 4354 a
2420 4303 2625 4355 Laribus
2639 4307 2760 4356 duo-

662 4366 840 4416 Cla-ud.
875 4382 947 4429 13.
982 4383 1100 4417 casu
1137 4369 1361 4430 quodam,
1391 4383 1462 4416 an
1497 4369 1673 4417 dn'm'm'-
1739 4373 1792 4416 ta
1812 4373 2063 4419 memorat.

768 4625 1083 4772 “N
