3000 4784
706 213 827 280 174
1478 209 1706 277 ΤΙΤΙ
1756 206 2031 274 LIVII

378 357 447 408 U·
471 357 531 410 C'-
556 372 583 406 α
652 393 667 408 ·
704 373 918 438 quam,
960 349 1244 437 undique
1283 347 1449 414 'vallo
1498 348 1768 424 obiecto,
1817 346 2188 412 clauderent
2229 347 2459 424 exitm,
2505 348 2830 436 quinque

375 421 451 472 A..
472 421 532 472 0·
556 419 667 484 ⁴⁵⁶·
704 437 971 524 equites,
1004 438 1172 501 inter
1212 435 1515 501 stationes
1557 433 1835 498 hostium
1869 432 2103 509 emissi,
2137 432 2414 497 Romam
2456 434 2826 520 pertulere,

703 522 1028 588 consulem
1057 523 1536 607 exercitumque
1566 519 1856 584 obsideri.
1951 517 2138 582 Nihil
2180 541 2302 583 nec
2337 532 2470 582 tam
2501 519 2830 608 inopina-

704 623 863 685 tum,
899 632 1020 674 nec
1063 622 1192 673 tam
1238 609 1624 694 insperatum
1667 605 1952 670 accidere
1997 606 2222 692 potuit.
2315 603 2544 692 Itaque
2583 617 2826 670 tantus

750 717 918 771 avor,
964 707 1140 760 tanta
1183 692 1520 780 trepidatio
1563 693 1703 769 fiiit,
1736 705 1993 778 quanta,
2025 692 2079 755 si
2114 692 2358 768 urbem,
2394 714 2526 755 non
2573 705 2824 770 castra,

704 718 915 846 Eostes
956 780 1333 844 obsiderent.
1427 777 1742 843 Nautium
1785 777 2110 842 consulem
2155 790 2515 842 arcessunt:
2565 777 2636 840 in
2671 801 2828 865 quo

706 888 906 954 quum
949 889 1171 954 pamm
1215 865 1513 952 praesidii
1556 865 1895 940 videretur,
1942 864 2442 951 dictatoremque
2487 864 2620 927 dici
2665 865 2828 951 pla-

706 964 897 1030 ceret,
930 952 1043 1038 qui
1072 975 1207 1016 rem
1235 951 1586 1039 perculsam
1623 952 1999 1026 restitueret,
2032 949 2109 1014 L.
2149 949 2494 1024 Quinctius
2526 949 2826 1014 Cincin-

706 1051 893 1102 natus
922 1061 1233 1102 consensu
1268 1037 1554 1102 omnium
1583 1037 1830 1101 dicitur.
1927 1035 2178 1122 Operae
2223 1037 2500 1122 pretium
2543 1049 2643 1100 est
2691 1061 2826 1102 au-
2845 1058 2878 1090 ἰ

708 1124 864 1201 dire,
897 1126 1007 1212 qui
1038 1123 1253 1189 omnia
1288 1146 1439 1211 prae
1476 1123 1712 1188 divitiis
1756 1123 2038 1186 humana
2078 1136 2405 1209 spernunt,
2437 1144 2653 1222 neque
2687 1123 2826 1188 ho-

495 1229 503 1237 ’
708 1211 849 1276 nori
879 1233 1108 1298 magno
1136 1210 1369 1287 locum,
1392 1233 1602 1296 neque
1625 1209 1842 1273 virtuti
1871 1221 2102 1294 putant
2127 1231 2282 1284 esse,
2305 1208 2429 1272 nisi
2457 1209 2571 1272 ubl
2599 1209 2822 1274 effizse

384 1302 444 1378 15·
470 1302 658 1377 Quino-
711 1297 974 1362 affluant
993 1319 1162 1384 opes.
1245 1297 1403 1397 Spes
1425 1297 1614 1360 unica
1633 1295 1882 1382 imperii
1904 1294 2118 1394 populi
2144 1293 2422 1358 Romani
2443 1295 2522 1358 L.
2549 1295 2824 1369 Quinc-

382 1372 483 1415 *ω’
504 1367 655 1415 dieta-
708 1383 836 1448 tius
887 1396 1059 1448 trans
1106 1383 1412 1459 Tiberlm‚
1462 1395 1683 1447 contra
1727 1401 1876 1444 eum
1921 1404 1943 1443 1
2019 1403 2130 1444 um
2174 1381 2406 1457 locum,
2462 1381 2572 1444 ubi
2625 1405 2822 1447 nunc

710 1469 958 1533 navalia
986 1481 1152 1545 sunt,
1184 1480 1485 1556 quattuor
1528 1468 1549 1530 i
1677 1489 1817 1530 rum
1861 1489 1937 1530 co
1961 1467 2110 1531 ebat
2137 1489 2378 1553 agrum,
2457 1489 2577 1533 uae
2619 1482 2826 1560 prata

716 1554 1023 1629 Quinctia
1050 1569 1369 1618 vocantur.
1440 1490 1919 1639 IbizffielegatiS,
1943 1575 2057 1617 seu
2083 1551 2312 1618 fossam
2339 1491 2590 1619 fodiens
2618 1555 2821 1641 palae

386 1653 469 1702 Ex
492 1668 640 1716 opere
710 1640 973 1717 innisus,
1012 1663 1127 1704 seu
1172 1662 1371 1726 quum
1424 1651 1662 1715 araret3
1719 1639 1896 1739 operi
1945 1651 2136 1716 certe,
2184 1639 2254 1702 id
2305 1639 2481 1726 quod
2530 1655 2820 1718 constat,

384 1717 565 1829 ἓξὲξ)
584 1733 661 1765 ⁸¹¹·
710 1725 940 1812 agresti
964 1727 1301 1876 ‹igtgsstuffi
1347 1725 1548 1790 salute
1579 1725 1730 1825 data
1763 1731 1830 1824 11}
1863 1725 2064 1789 vicem
2082 1724 2488 1876 ffdffltaque’
2519 1741 2816 1814 rogatus»,

540 1817 554 1831 .
712 1819 734 1850 c
2785 1851 2820 1863 -

712 1823 2602 1984 ‹3312?¹3.natussiffoeeff{iffiffissgussofftass'efffgsffi
2619 1835 2822 1964 21⁸3.

711 1991 733 2021 ‘
750 1995 960 2047 essent
986 1985 1203 2048 omnia
1216 1985 1274 2048 Υ
1557 2005 1823 2070 propere
1869 2007 1904 2048 e
1943 1984 2196 2071 tugurio
2224 1983 2502 2070 proferre
2533 2007 2818 2050 uxorem

712 2067 1024 2133 Raciliam
1069 2071 1261 2135 iubet.
1426 2093 1510 2134 ua
1551 2069 1758 2146 simul,
1801 2070 2076 2134 absterso
2118 2069 2378 2156 pulvere
2421 2093 2496 2135 ac
2546 2071 2816 2149 sudore,

708 2155 951 2220 velatus
995 2157 1316 2243 processit,
1362 2156 1738 2220 dictatorem
1781 2179 1930 2220 eum
1974 2156 2168 2243 legati
2216 2156 2604 2242 gratulantes
2647 2179 2819 2222 con-

709 2242 1021 2306 salutant:
1070 2243 1137 2306 in
1168 2243 1392 2307 urbem
1420 2253 1682 2306 vocant:
1732 2242 1845 2329 qui
1880 2255 2080 2306 terror
2115 2243 2199 2307 sit
2239 2243 2308 2306 in
2349 2243 2657 2320 exercitu,
2689 2266 2820 2308 ex-

710 2341 976 2414 ponunt.
1080 2327 1277 2392 Navis
1334 2328 1642 2403 Quinctio
1692 2327 1945 2416 publice
2003 2340 2223 2428 parata
2265 2329 2420 2393 fuit:
2483 2342 2817 2395 transvec-

711 2425 979 2501 tumque
1021 2426 1147 2478 tres
1181 2416 1427 2480 obviam
1468 2415 1702 2502 egressi
1745 2414 1860 2477 filii
1897 2416 2260 2502 excipiunt3
2307 2415 2456 2480 inde
2503 2415 2610 2479 alii
2655 2439 2817 2502 pro-

710 2500 939 2588 pinqui
991 2512 1181 2588 atque
1234 2502 1455 2577 amici3
1514 2513 1650 2564 tum
1701 2499 1966 2564 Patrum
2018 2501 2216 2565 maior
2264 2524 2426 2588 pars.
2529 2501 2632 2565 Ea
2677 2502 2816 2568 fre-

760 2586 979 2652 uentia
1024 2589 1105 2652 sti
1152 2601 1311 2664 atus,
1364 2587 1885 2652 antecedentibus
1943 2585 2282 2664 lictoribuS,
2337 2587 2652 2652 deductus
2705 2602 2816 2654 est

760 2695 995 2736 omum.
1122 2686 1177 2736 ,t
1214 2673 1416 2759 plebis
1454 2694 1797 2737 concursus
1839 2673 2066 2758 ingens
2101 2672 2262 2737 fuit:
2311 2673 2426 2738 sed
2453 2696 2532 2738 ea
2559 2697 2814 2760 nequa-

712 2780 906 2843 quam
952 2770 1083 2821 tam
1128 2757 1295 2822 laeta
1342 2758 1721 2832 Quinctium
1762 2758 1956 2834 vidit3
2003 2771 2074 2822 et
2112 2760 2362 2846 imperii
2404 2761 2698 2838 nimium,
2739 2775 2814 2826 et

712 2842 920 2908 virum
964 2841 1033 2904 in
1076 2843 1214 2928 ipso
1258 2844 1525 2928 imperio
1565 2843 2102 2908 vehementiorem
2147 2857 2298 2910 rata.
2391 2845 2480 2909 Et
2516 2845 2628 2910 illa
2658 2849 2814 2933 qui·
2831 2858 2862 2904 3

715 2927 865 2990 dem
894 2940 1081 2991 nocte
1110 2926 1270 2989 nihil
1298 2941 1742 3014 praeterquam
1769 2929 2096 3015 vigilatum
2126 2943 2222 2995 est
2253 2932 2320 2994 in
2349 2933 2526 2996 urbe.

488 3014 597 3078 27.
802 3011 1066 3076 Postero
1096 3012 1201 3075 die
1232 3011 1522 3089 dictator,
1547 3036 1747 3099 quum
1777 3029 1923 3080 ante
1947 3015 2154 3080 lucem
2184 3017 2252 3079 in
2274 3017 2483 3081 forum
2504 3019 2810 3097 venisset,

712 3098 1081 3185 magistrum
1124 3097 1415 3184 equitum
1458 3099 1616 3163 dicit
1659 3099 1736 3163 L.
1783 3101 2184 3187 Tarquitium
2225 3103 2525 3189 patriciae
2569 3107 2808 3191 gentis,

705 3185 822 3248 sed
852 3184 982 3272 qui,
1008 3206 1209 3272 quum
1236 3184 1557 3271 stipendia
1659 3185 1846 3250 dibus
1873 3200 2130 3273 propter
2152 3201 2590 3276 paupertatem
2619 3191 2810 3255 fecis-
2827 3208 2856 3252 4

708 3283 825 3348 set,
854 3270 1025 3336 bello
1056 3285 1270 3336 tamen
1306 3273 1548 3358 primus
1575 3209 1776 3358 ange
1811 3272 2139 3338 Romanae
2176 3275 2524 3339 iuventutis
2549 3275 2810 3342 habitus

708 3369 892 3420 esset.
987 3356 1158 3421 Cum
1195 3359 1493 3457 magistro
1534 3358 1820 3444 equitum
1862 3359 1932 3422 in
1977 3361 2350 3425 concionem
2389 3362 2585 3438 venit,
2623 3363 2810 3428 iusti-

712 3441 871 3506 tium
889 3442 1105 3520 edicit,
1125 3444 1337 3507 claudi
1360 3446 1650 3508 tabernas
1669 3457 1802 3508 tota
1819 3446 1977 3510 urbe
2000 3446 2198 3524 iubet,
2218 3459 2392 3512 vetat
2411 3469 2808 3534 quemquam

706 3528 985 3612 privatae
1043 3529 1385 3617 quicquam
1444 3531 1537 3594 rei
1596 3553 1799 3617 agere.
1913 3530 2104 3608 Tum,
2165 3533 2534 3620 quicunque
2595 3548 2806 3600 aetate

707 3613 963 3679 militari
1000 3628 1229 3692 essent,
1260 3617 1500 3692 armati,
1535 3639 1682 3680 cum
1722 3617 1970 3681 cibariis
1999 3617 2064 3680 in
2113 3617 2252 3682 dies
2279 3619 2566 3706 quinque
2605 3622 2807 3685 coctis

711 3831 843 3929 min.
876 3881 946 3929 H.
973 3881 1041 3931 N.
1058 3826 1291 3943 {55³1}ss
1307 3821 1611 3930 “b‘ffl'ffl
1645 3817 1721 3942 2⁰11
1787 3819 2806 3946 ἓὲῗὲὶὲἓῗωῖξέἕὲῗὲῧίἓῖριῗέιῖῗ

713 3943 906 3993 Plinius
934 3959 1102 4007 agrum
1132 3945 1185 3993 in
1215 3946 1456 3994 Vaticano
1480 3946 1648 4004 fiiisse,
1673 3951 1724 3994 et
1787 3947 1880 3994 mis
1915 3948 2140 4009 amplum
2175 3963 2296 4008 esse,
2331 3953 2381 3996 et
2417 3948 2572 3996 virum
2609 3948 2660 3996 in
2695 3951 2804 4012 ipso

708 4011 942 4058 viatorem
974 4010 1037 4057 ad
1066 4009 1357 4066 Quinctium
1380 4008 1600 4069 missum,
1622 4009 1725 4070 qui,
1787 4009 1993 4072 imperio
2009 4011 2282 4060 exercendo
2297 4010 2443 4060 nimis
2459 4012 2800 4062 vehementem

708 4087 823 4120 eum
842 4079 1112 4134 campestre
1124 4073 1283 4120 solum
1299 4073 1544 4130 indutum,
1555 4078 1606 4120 et
1621 4088 1724 4120 ara-
1787 4075 1906 4122 fore.

708 4141 841 4184 trum
863 4137 1123 4184 ducentem
1146 4136 1347 4185 invenit.
1851 4153 1884 4198 4
1913 4139 2172 4200 Stipendia
2186 4141 2418 4202 pedibus]
2449 4139 2526 4188 Ut
2547 4139 2626 4188 cui
2647 4157 2805 4206 aqum

778 4215 806 4260 3
838 4202 906 4247 In
938 4202 1068 4261 ipso]
1120 4198 1535 4261 Praepositionem
1570 4201 1626 4246 in
1659 4215 1721 4247 ex
1905 4204 2010 4250 icus
2027 4218 2128 4250 non
2145 4203 2290 4251 datus
2311 4207 2451 4252 esset.
2487 4203 2586 4252 Sed
2609 4205 2805 4267 poetica

711 4261 993 4309 coniectura
1013 4263 1057 4310 1.
1073 4261 1153 4310 Fr.
1168 4261 1365 4310 christii
1397 4261 1561 4310 omisit
1585 4261 1716 4310 Bek-
1815 4279 1902 4312 aec
1936 4265 2159 4316 narratio.
2194 4267 2255 4316 cf.
2293 4267 2501 4316 Niebhr.
2531 4267 2564 4317 i.
2602 4283 2653 4332 p.
2690 4283 2800 4332 431.

711 4323 815 4372 ker.
844 4323 1253 4373 Neocioanlocus
1264 4323 1716 4386 elegantiordgsed
1781 4343 1829 4377 n.
1853 4341 1990 4391 1013.
