3000 4784
717 190 844 251 428
1497 184 1721 252 ΤΙΤΙ
1776 184 2047 252 LIVII

394 331 463 381 U.
485 331 546 381 O.
571 346 682 395 409·
717 319 1192 384 difficultatibus
1264 320 1474 407 potior
1544 322 1627 387 ad
1691 346 1913 388 curam
1974 320 2223 386 senatui
2284 317 2425 383 fuit.
2538 314 2881 381 Levatae

390 398 454 509 ff
483 396 684 509 gal-’33
720 406 996 471 maxime
1040 427 1161 482 rea,
1191 408 1345 491 quia
1383 408 1619 473 tributo
1658 432 1733 473 ac
1762 408 2015 474 delectu
2052 426 2499 495 supersessum.
2524 490 2539 503 ⁶
2592 403 2879 467 Tertio

393 496 470 571 11'.
493 524 553 573 ο,
581 525 704 573 Poe-
720 514 888 555 anno
917 505 1060 578 post
1091 491 1404 557 Satricum
1439 494 1803 559 restitutum
1840 518 1879 559 a
1906 492 2177 570 Volscis,
2210 490 2305 556 M.
2326 490 2625 555 Valerius
2674 488 2881 553 Cor-

390 586 512 637 telio
533 588 670 638 Coun.
719 600 853 655 vus,
899 577 1248 641 secundum
1299 579 1523 644 consul
1574 602 1719 645 cum
1772 580 1849 646 C.
1884 580 2171 645 Poetelio
2220 578 2441 653 factus,
2487 598 2719 663 quum
2778 598 2877 639 ex

719 662 910 728 Latio
939 663 1304 728 nuntiatum
1339 679 1523 743 esset,
1546 666 1792 753 legatos
1830 668 1911 731 ab
1942 666 2143 731 Antio
2176 664 2507 729 circumire
2640 661 2881 749 pulos

393 757 594 806 Bellum
723 748 1099 814 Latinorum
1139 749 1224 813 ad
1263 752 1713 818 concitandum
1752 753 2031 829 bellum;
2084 752 2453 900 priuffluam
2562 771 2642 812 us
2692 749 2877 811 hos-

393 836 507 895 cqm
531 821 651 869 νώ
723 836 884 899 tium
925 835 1128 913 fieret,
1160 835 1410 901 Volscis
1453 861 1628 903 arma
1667 839 1901 904 inferre
1952 840 2175 915 iussus,
2354 835 2688 899 Satricum
2734 858 2903 898 ειν
2955 890 2956 909 ἰ

391 900 499 936 ’ω’
719 922 922 986 ercitu
968 922 1197 987 infesto
1243 924 1467 1011 pergit.
1514 976 1533 988 .
1566 925 1717 1001 Quo
1752 948 1953 1012 quum
1994 924 2288 989 Antiates
2326 922 2563 1007 aliique
2594 919 2873 985 Volsci
2955 982 2956 989 ,

717 1009 1102 1095 praeparatis
1146 1010 1273 1073 iam
1319 1024 1486 1088 ante,
1528 1012 1583 1075 si
1626 1012 1785 1099 quid
1830 1012 1909 1076 ab
1955 1010 2167 1076 Roma
2208 1021 2585 1085 moveretur,
2620 1008 2875 1105 copiis

717 1095 1152 1173 occurrissent,
1183 1095 1360 1159 nulla
1397 1119 1577 1161 mora
1616 1098 1783 1163 inter
1824 1098 2103 1162 infensos
2142 1096 2393 1159 diutino
2438 1094 2586 1157 odio
2630 1092 2877 1156 dirm-

716 1181 906 1246 candi
934 1180 1102 1246 facta
1127 1194 1240 1245 est.
1293 1250 1298 1257 ,
1330 1180 1568 1260 Volsci,
1597 1183 1865 1249 ferocior
1902 1184 1985 1247 ad
2022 1180 2479 1256 rebellandum,
2510 1201 2731 1267 quam
2766 1177 2870 1241 ad

717 1267 1086 1333 bellandum
1114 1290 1289 1355 gene,
1321 1270 1663 1334 certamine
1692 1270 1866 1347 victi,
1895 1272 2049 1355 fuga
2076 1270 2273 1334 effusa
2308 1266 2535 1331 Satrici
2562 1266 2871 1329 moenia

717 1366 984 1441 petunt:
1033 1367 1117 1431 et,
1149 1377 1231 1419 ne
1272 1355 1342 1417 in
1381 1356 1577 1419 muris
1606 1355 1868 1443 quidem
1906 1356 2055 1420 satis
2084 1354 2267 1418 firma
2308 1376 2439 1440 spe,
2471 1374 2683 1438 quum
2730 1374 2865 1415 co—

719 1464 876 1505 rona
905 1439 1179 1504 militum
1207 1439 1417 1505 cincta
1453 1442 1581 1505 iam
1622 1442 1803 1507 scalis
1841 1455 2171 1529 caperetur
2202 1440 2372 1517 urba,
2404 1439 2489 1503 ad
2514 1452 2867 1524 quattuor

719 1526 918 1590 millia
954 1526 1248 1604 miiitum,
1281 1540 1531 1613 praeter
1570 1527 2047 1593 multitudinem
2086 1526 2427 1603 imbellem,
2458 1546 2593 1589 saee
2636 1524 2863 1589 dedi·

719 1613 888 1676 dere.
984 1612 1316 1712 Oppidum
1359 1612 1643 1677 dirutum
1687 1628 1879 1701 atque
1923 1615 2294 1679 incensum:
2347 1612 2429 1676 ab
2472 1610 2633 1675 aede
2684 1624 2859 1675 tan-

719 1711 858 1763 tum
918 1696 1145 1761 Matris
1205 1697 1494 1763 Matutae
1555 1700 1911 1765 abstinuere
1973 1700 2204 1787 ignem.
2306 1694 2555 1762 Praeda
2608 1696 2858 1761 omnis
2955 1750 2956 1755 ,

722 1784 907 1848 militi
965 1784 1130 1847 data.
1223 1783 1426 1848 Extra
1481 1786 1781 1872 praedam
1840 1800 2143 1874 quattuor·
2196 1784 2397 1848 millia
2454 1782 2851 1847 deditorum

720 1869 952 1933 habita.
1045 1868 1174 1933 Eos
1202 1870 1446 1935 vinctos
1474 1872 1698 1936 consul
1736 1886 1885 1937 ante
1916 1894 2169 1937 currum
2209 1869 2606 1956 triumphans
2640 1870 2803 1955 egit
2826 1892 2847 1930 ε

721 1954 995 2019 venditis
1045 1954 1279 2020 deinde
1337 1978 1404 2021 m
1532 1980 1635 2021 am
1684 1959 2032 2045 pecuniam.
2072 1957 2142 2021 in
2190 1956 2501 2021 aerarium
2547 1953 2845 2041 redegit.

726 2041 908 2118 Sunt,
958 2041 1072 2127 qui
1123 2042 1288 2108 hanc
1346 2038 1412 2107 ‘m
1482 2044 1826 2109 titudinem
1882 2045 2193 2131 captivam
2252 2062 2574 2107 servorum
2622 2040 2847 2105 fuiffie

719 2128 1032 2229 scribant:
1103 2128 1298 2215 idque
1359 2131 1559 2217 magis
1608 2130 1945 2196 verisimile
1997 2143 2111 2208 est,
2162 2150 2356 2216 quam
2406 2126 2660 2191 deditos
2714 2150 2845 2191 ve·
2955 2134 2956 2139 ’

721 2237 928 2279 misse.

498 2306 602 2365 28.
809 2299 950 2366 Hos
1007 2301 1297 2367 consules
1353 2304 1556 2368 secuti
1612 2317 1762 2368 sunt
1805 2303 1900 2368 M.
1927 2303 2159 2369 Fabius
2213 2300 2442 2379 DomO,
2500 2300 2633 2365 Ser.
2674 2299 2838 2365 Sul-

399 2388 465 2437 U·
489 2390 547 2438 G·
571 2400 681 2447 410·
719 2386 924 2473 picius
957 2387 1352 2454 Camerinus,
1446 2389 1827 2454 Auruncum
1880 2390 2031 2453 inde
2076 2387 2315 2453 bellum
2358 2389 2439 2452 ab
2482 2388 2839 2487 repentina

393 2456 456 2567 ᾗ·
487 2453 684 2565 ξὲιξξῗ·
721 2473 1130 2561 populatione
1161 2488 1493 2561 coeptum:
1528 2490 1852 2561 metuque,
1877 2498 1959 2539 ne
1990 2475 2061 2539 id
2086 2476 2323 2539 factum
2353 2474 2577 2561 populi
2606 2474 2831 2550 unius,

392 2554 496 2631 Sei.
513 2550 676 2641 Sulpi'-
721 2559 1050 2624 consilium
1097 2561 1302 2625 omnis
1353 2562 1628 2626 nominis
1674 2561 1889 2626 Latini
1941 2574 2122 2640 emet,
2174 2560 2446 2625 dictator
2488 2560 2665 2624 velut
2708 2560 2833 2624 ad-

391 2645 469 2720 ciq
490 2645 626 2694 0⁰⁸⁸·
721 2669 933 2711 versus
971 2660 1278 2710 armatum
1325 2647 1451 2711 iam
1489 2646 1749 2711 Latium
1781 2646 1856 2711 L.
1884 2647 2111 2711 Furius
2150 2661 2415 2723 creatuS‚
2446 2646 2833 2733 magistrum

393 2710 622 2822 3322?
644 2707 702 2756 L.
721 2733 1010 2818 equitum
1045 2732 1168 2797 Cn.
1193 2732 1511 2798 Manlium
1546 2732 1979 2883 (gapitolilnum
2012 2733 2189 2799 dixit.
2264 2732 2351 2797 Et
2379 2755 2579 2818 quum
2609 2731 2831 2881 (gluod

1677 2821 1689 2833 .
1844 2820 1857 2833 .
2265 2819 2278 2832 .
2391 2819 2404 2832 .
2442 2818 2456 2831 .
2552 2819 2567 2832 .
2666 2842 2689 2881 1
2732 2832 2803 2881 ω

395 2912 614 2990 ium
721 2840 1169 2966 33ρὲῗέἕὲῗᾷ
1197 2817 2235 2983 ἱῖἓῗέἑὲἳωὲἳειῗῗιὲε“ῗὲεὲῗῖὶ
2262 2832 2825 2991 Ῑΐὲἑέοςΐᾈῃὲωἱ
2848 2924 2876 2973 ⁷

393 2984 522 3029 ncti.
723 2987 1019 3051 maturari
1077 2990 1306 3074 potuit,
1367 2992 1437 3054 in
1497 2991 1839 3056 Auruncos
1895 2992 2139 3056 ductae.
2236 2928 2363 3055 qbi
2420 2990 2825 3091 praedonum

722 3072 940 3161 magis,
978 3096 1170 3159 quam
1217 3074 1513 3153 hostium,
1561 3078 1757 3142 animi
1804 3078 2063 3141 inventi.
2154 3076 2373 3142 Prima
2416 3100 2439 3140 1
2550 3100 2633 3141 ue
2680 3076 2823 3139 acie

720 3159 1104 3225 debellatum
1137 3174 1248 3225 est.
1341 3160 1637 3227 Dictator
1670 3178 1901 3241 tamen,
1934 3164 2087 3250 quia
2124 3177 2191 3228 et
2228 3162 2395 3228 ultro
2434 3162 2533 3228 bel
2562 3184 2674 3227 um
2718 3162 2825 3225 in-

722 3246 1014 3324 tulerant,
1075 3260 1141 3313 et
1205 3248 1339 3313 sine
1401 3248 1858 3314 detrectatione
1918 3274 1984 3314 se
2048 3250 2381 3315 certamini
2443 3249 2820 3326 offerebant,

721 3333 984 3398 deorum
1011 3336 1150 3421 'quo
1199 3358 1277 3400 ue
1323 3359 1362 3400 o
1445 3359 1475 3399 s
1519 3335 1910 3399 adhibendas
1952 3349 2142 3414 ratus,
2179 3336 2347 3399 inter
2390 3336 2591 3421 ipsam
2627 3335 2822 3400 dimi-

394 3438 522 3486 Iuno
543 3434 652 3485 Mo-
720 3420 1035 3485 cationem
1083 3443 1156 3485 ae
1203 3444 1306 3485 em
1391 3422 1589 3486 unoni
1640 3420 1944 3487 Monetae
1992 3423 2200 3486 vovit:
2252 3422 2435 3486 cuius
2480 3403 2867 3528 damnatusg

719 3616 916 3659 senatus
955 3611 1194 3673 potiorem
1227 3612 1400 3662 habuit
1431 3611 1730 3661 difficultati·
1798 3613 1929 3661 circa
1952 3614 2193 3662 Iunonem
2218 3614 2355 3662 illam
2378 3616 2682 3677 appellatam
2706 3616 2817 3663 Mo-

718 3675 811 3722 bus
829 3675 1160 3736 molestiisque
1183 3677 1396 3737 privatis.
1425 3678 1588 3725 cmv·
1797 3684 1963 3726 netam
1979 3681 2031 3725 :”
2062 3692 2243 3739 nempe
2274 3694 2307 3725 a
2334 3680 2594 3728 monendo.
2664 3680 2817 3727 Unde

787 3748 813 3797 7
845 3739 964 3786 Sine
983 3742 1343 3799 vacationibus]
1385 3740 1546 3788 Nulla
1566 3739 1737 3789 habita
1800 3740 1963 3803 colligi
1987 3747 2149 3803 potest
2168 3742 2343 3790 aedem
2366 3748 2483 3790 ante
2502 3743 2815 3791 aedificatam

717 3798 907 3847 ratione
929 3799 1272 3850 vacationum:
1309 3803 1490 3851 coactis
1518 3804 1584 3851 ad
1610 3804 1734 3851 mili-
1798 3804 1962 3863 fuisse,
1994 3820 2143 3866 quam
2180 3806 2309 3854 Iuno
2342 3806 2578 3854 Monetae
2614 3806 2816 3855 nemine

718 3862 840 3911 tiam
863 3863 1012 3911 etiam
1034 3863 1108 3923 iis,
1131 3865 1214 3925 qui
1247 3865 1298 3913 in
1327 3866 1532 3914 assuetis
1562 3874 1613 3916 et
1647 3867 1735 3915 mi-
1797 3868 2139 3931 insignimtur3
2198 3868 2419 3931 haecque
2463 3872 2611 3919 verba
2649 3872 2815 3919 audem

719 3926 1086 4040 ἓὲἑὶεὴρξέιὲἓῗὶῑέ
1106 3928 1250 4042 bgllis
1273 3929 1576 3979 vacationem
1609 3931 1733 3980 mili-
1796 3934 1983 4009 Iunprfi
2014 3934 2249 4044 ssiaonecae
2280 3936 2427 4007 vovi-c,
2460 3935 2635 4009 eodem
2666 3936 2815 4047 moltiio

875 4006 908 4039 a
1087 4030 1100 4042 .
1181 4007 1295 4042 κεν.
1797 4011 1901 4044 acci
1940 4012 2019 4044 ien
2272 4012 2332 4045 ac
2364 4012 2404 4044 ai
2436 4012 2681 4059 sci-ipsine
2794 4028 2813 4037 -

792 4058 823 4105 8
861 4058 1047 4105 Iunoni
1083 4058 1340 4118 Monetae]
1379 4058 1414 4083 “
1428 4058 1675 4121 Scriptum
1704 4074 1736 4107 a
1802 4012 1937 4108 viusl:³
1979 4010 2408 4119 Aedoff‘i’unoni,
2442 4076 2571 4123 quae
2608 4062 2815 4112 Moneta.

718 4119 888 4168 multis
909 4124 1033 4179 est,’'
1053 4120 1212 4183 inquit
1233 4121 1337 4171 Cic.
1357 4123 1419 4171 de
1443 4122 1558 4171 Div.
1574 4123 1605 4172 i.
1626 4138 1731 4172 101.
1796 4130 1967 4185 postea
1988 4126 2241 4186 appellata
2262 4130 2353 4181 est,
2374 4126 2523 4173 vovit.
2557 4126 2718 4175 Cur.

717 4186 750 4210 “
766 4198 918 4245 quum
948 4189 1104 4233 terrae
1133 4194 1296 4234 motus
1325 4187 1483 4235 factus
1514 4192 1655 4245 esset,
1678 4192 1734 4234 ut
1860 4202 1892 4251 9
1924 4190 2207 4237 Damnatus
2236 4190 2359 4249 voti]
2415 4188 2489 4237 Ut
2510 4204 2643 4251 supr.
2668 4206 2709 4238 v.
2734 4204 2809 4253 ²5.

717 4264 804 4295 sue
825 4248 975 4308 plena
1001 4250 1275 4309 procuratio
1297 4250 1450 4307 fieret,
1475 4265 1645 4299 vocem
1666 4252 1730 4298 ab
1792 4252 2020 4299 astrictus
2042 4253 2108 4300 ad
2138 4252 2511 4315 pemlvendum
2540 4262 2725 4313 votum,
2754 4262 2808 4303 ut

717 4310 840 4358 aede
865 4311 1070 4359 Iunonis
1090 4328 1152 4360 ex
1174 4328 1284 4361 arce
1309 4312 1579 4362 exstitisse:
1612 4328 1729 4374 quo·
1794 4315 1879 4375 qui
1902 4315 2001 4365 voti
2024 4330 2229 4377 compos
2248 4316 2407 4365 factus
2426 4314 2507 4365 nit.
2616 4322 2634 4357 ἰ
