3000 4784
761 226 955 294 LIB.
998 226 1151 294 VII„
1216 227 1440 295 CAP.
1496 232 1596 295 14.
2091 238 2222 299 413

100 368 125 397 ‘
152 382 285 425 nos
328 358 411 425 de
455 372 585 438 tua,
615 361 825 427 verius
867 377 979 429 est.
1074 361 1192 429 Sin
1234 376 1449 429 autem
1490 384 1626 430 non
1671 376 1854 431 tuum
1895 366 2078 446 istuc,
2111 367 2223 433 sed
2247 383 2313 435 U.
2337 381 2398 435 c.
2421 396 2534 449 39⁷·

100 454 125 483 ‘
150 445 497 535 publicum
524 459 621 512 est
649 448 1005 528 consilium,
1035 464 1102 516 et
1136 473 1479 516 consensus
1515 451 1598 515 ali
1646 452 1744 518 uis
1774 452 2058 531 Patrum,
2089 477 2224 519 non
2243 450 2306 500 A.
2339 448 2400 499 0·
2423 460 2535 511 355·

98 542 123 571 ‘
156 532 497 599 Gallicum
538 532 799 613 bellum,
827 558 945 601 nos
988 536 1067 601 ab
1112 538 1288 614 urbe,
1320 560 1359 602 a
1483 539 1618 603 nati
1663 562 1736 605 us
1780 540 2009 604 nostris
2051 540 2227 606 able·

100 628 125 657 ‘
150 631 347 719 gatos
391 632 605 685 tenet:
655 644 911 707 quaeso,
954 636 1027 687 ut
1068 645 1164 701 ea,
1241 646 1359 689 uae
1446 625 1630 703 icam,
1661 648 1794 691 non
1838 649 1878 690 a
1917 626 2226 693 militibus

102 714 127 745 ‘
152 707 535 793 imperatori
586 706 759 772 dicta
807 730 1082 786 censeas,
1305 733 1345 774 a
1393 710 1580 797 plebe
1633 711 1969 788 Patribus3
2039 736 2226 799 quae,

102 800 127 829 ‘
154 793 337 857 sicut
377 815 489 857 vos
530 805 738 859 vestra
784 793 1071 860 habeatis
1116 795 1397 873 consilia,
1446 796 1536 861 sic
1583 821 1650 862 se
1701 821 1818 863 sua
1867 798 2228 864 habituram

102 887 127 917 6
154 879 359 943 dicat.
456 877 621 954 Quis
672 881 931 946 tandem
982 895 1365 960 succenseat,
1420 882 1654 949 milites
1711 907 1830 949 nos
1887 908 2044 963 esse,
2093 908 2229 951 non

102 974 127 1003 ‘
154 987 383 1030 servos
423 967 711 1030 vestros?
777 967 860 1031 ad
903 966 1163 1045 bellum,
1202 990 1335 1033 non
1376 968 1449 1033 in
1491 969 1806 1049 exsilium,
1844 972 2114 1037 missos?
2173 971 2228 1035 si

104 1060 129 1089 6
215 1052 317 1115 uis
362 1050 473 1117 det
516 1051 792 1139 signum,
832 1054 903 1117 in
950 1054 1150 1118 aciem
1196 1054 1447 1135 educat,
1488 1068 1562 1120 ut
1607 1056 1756 1121 viris
1801 1079 1876 1121 ac
1921 1057 2230 1122 Romanis

106 1147 129 1179 ‘
156 1076 440 1226 gignum
486 1139 587 1217 sit,
634 1140 1075 1226 pugnaturos?
1118 1139 1171 1205 si
1217 1140 1385 1205 nihil
1432 1142 1623 1206 armis
1669 1166 1710 1206 o
1755 1164 1830 1207 us
1875 1143 1975 1219 sit,
2025 1144 2229 1209 otium

104 1234 129 1263 ‘
160 1224 421 1291 Romae
449 1225 679 1312 potius,
712 1248 906 1311 quam
934 1226 1004 1290 in
1034 1226 1269 1304 castris,
1300 1228 1598 1293 acturos?
1759 1250 1870 1293 aec
1900 1228 2074 1293 dicta
2099 1229 2230 1293 sint

106 1320 131 1351 ‘
158 1310 485 1377 Patribus.
576 1311 695 1389 Te,
749 1313 1107 1399 imperator,
1162 1312 1393 1377 milites
1452 1314 1550 1379 tui
1601 1336 1870 1392 oramus,
1923 1327 1996 1379 ut
2045 1314 2231 1379 nobis

106 1407 131 1437 6
214 1398 503 1484 ugnandi
529 1398 779 1485 copiam
806 1399 1012 1463 facias.
1110 1396 1332 1473 Quum
1360 1398 1615 1465 vincere
1645 1400 1956 1487 cupimus,
1991 1412 2130 1464 tum
2165 1411 2229 1464 te

108 1494 131 1524 ‘
158 1420 339 1549 Sace
366 1484 661 1560 vincere3
710 1484 825 1549 tibi
863 1484 1145 1550 lauream
1182 1484 1499 1572 insignem
1530 1485 1774 1552 deferre
1799 1509 1819 1562 ;
1867 1498 2079 1551 tecum
2121 1486 2233 1551 tri-

106 1580 131 1609 ‘
159 1570 555 1671 ampliantes
603 1571 827 1636 urbem
876 1570 1079 1647 inire3
1144 1584 1327 1637 tuum
1376 1586 1718 1659 sequentes
1761 1595 2018 1637 currum
2061 1570 2231 1637 Iovis

107 1667 132 1698 ‘
158 1657 399 1744 optimi
469 1656 731 1721 maximi
805 1656 1115 1744 templum
1178 1672 1499 1744 gratantes
1563 1672 1950 1745 ovantesque
2017 1658 2231 1723 adire.’

110 1743 509 1811 Orationem
581 1742 782 1807 Tullii
854 1757 1246 1831 exceperunt
1315 1767 1536 1831 preces
1607 1744 2073 1822 multitudinis3
2165 1758 2232 1809 et

106 1828 437 1917 undique,
490 1842 564 1894 ut
612 1829 866 1916 signum
914 1829 1111 1908 daret,
1161 1843 1235 1895 ut
1284 1854 1508 1918 capere
1561 1854 1736 1896 arma
1783 1832 2052 1911 iuberet,
2101 1830 2233 1895 cla-
2374 1872 2387 1887 ·

106 1917 407 1983 mabant.
496 1915 810 1994 Dictator,
850 1938 1217 2003 quanquam
1259 1940 1395 1982 rem
1438 1917 1674 1983 bonam
1717 1940 1904 1983 exem
1948 1917 2013 1982 lo
2057 1917 2233 1982 haud
2350 1913 2449 1976 14.

104 2002 439 2093 probabili
482 2014 688 2067 actam
744 2003 1063 2081 cernebat,
1116 2016 1331 2069 tamen
1381 2002 1716 2083 facturum,
1770 2028 1863 2090 qu
2001 2004 2234 2068 milites

104 2089 385 2167 vellent,
416 2111 483 2154 se
514 2089 791 2176 recepit3
839 2088 1255 2175 Tulliumque
1292 2103 1557 2167 secreto,
1590 2112 1904 2176 quaenam
1940 2089 2098 2155 haec
2131 2112 2234 2155 res

106 2178 229 2253 sit,
262 2189 376 2241 aut
412 2198 543 2262 quo
584 2190 725 2241 acta
764 2198 961 2253 more,
993 2187 1459 2263 percunctatur.
1554 2174 1804 2240 Tullius
1849 2197 2233 2262 magnopere

108 2288 157 2329 a
190 2262 503 2327 dictatore
537 2275 776 2363 petere,
824 2270 845 2301 ‘
863 2284 947 2327 ne
987 2284 1054 2326 se
1095 2261 1363 2326 oblitum
1398 2261 1552 2325 disci
1603 2260 1769 2325 linae
1809 2260 2116 2338 militaris,
2146 2282 2230 2326 ne

112 2360 135 2389 6
166 2349 297 2425 sui,
343 2370 503 2413 neve
546 2348 985 2436 imperatoriae
1032 2348 1393 2426 maiestatiS,
1438 2284 1765 2412 creperet:
1835 2345 2234 2411 multitudini
2253 2356 2266 2367 ⁶

70 2456 91 2497 ι
114 2444 139 2475 6
164 2434 544 2513 concitatae,
620 2457 739 2499 uae
782 2434 980 2501 ferme
1023 2434 1383 2498 auctoribus
1424 2433 1647 2498 similis
1689 2446 1873 2510 esset,
1909 2455 2041 2496 non
2085 2434 2234 2497 sub·

70 2546 87 2593 5
115 2532 137 2561 ‘
166 2521 437 2585 traxisse
466 2544 532 2587 se
607 2544 833 2597 ucem3
882 2542 965 2585 ne
994 2520 1139 2607 quis
1168 2520 1347 2597 alius,
1377 2518 1598 2606 quales
1626 2532 1801 2603 mota
1827 2540 2039 2583 creare
2069 2518 2233 2583 mul·-

112 2619 137 2649 6
166 2606 385 2672 titudo
442 2607 687 2684 soleret,
748 2607 1095 2673 exsisteret.
1210 2604 1384 2670 Nam
1439 2628 1506 2669 se
1559 2604 1824 2691 quidem
1879 2603 2045 2671 nihil
2101 2626 2234 2669 non

114 2704 137 2733 ‘
163 2693 433 2759 arbitrio
458 2694 852 2781 imperatoris
880 2706 1210 2757 acturum:
1244 2692 1337 2757 illi
1359 2714 1616 2778 quoque
1646 2704 1862 2755 tamen
1883 2688 2234 2755 videndum

112 2792 137 2820 ‘
164 2802 559 2880 magnopere
588 2802 743 2857 esse,
774 2792 848 2845 ut
874 2780 1227 2844 exercitum
1266 2778 1335 2842 in
1368 2790 1684 2878 potestate
1714 2777 1994 2842 baberet.
2085 2776 2234 2841 Dif-

112 2878 137 2909 ‘
161 2867 325 2931 ferri
352 2888 484 2931 non
511 2888 693 2953 posse
723 2865 883 2931 adeo
905 2866 1253 2930 concitatos
1282 2887 1558 2929 ammos:
1593 2865 1760 2953 ipsos
1783 2864 1902 2929 sibi
1923 2863 2136 2928 locum
2157 2886 2232 2927 ac

110 2964 135 2993 ‘
164 2966 428 3039 tempus
456 2951 785 3040 pugnandi
814 2964 1193 3039 sumpturos,
1226 2950 1279 3015 si
1320 2951 1400 3016 ab
1438 2951 1814 3039 imperatore
1844 2973 1976 3016 non
2005 2948 2232 3016 detur)

108 3042 315 3107 Dum
342 3038 499 3105 haec
527 3039 896 3126 loquuntur,
927 3039 1213 3103 iumenta
1239 3038 1399 3103 forte
1434 3038 1760 3138 pascentia
1787 3050 1968 3103 extra
1993 3036 2231 3103 vallum

114 3124 329 3193 Gallo
379 3125 661 3213 abigenti
709 3124 840 3191 duo
892 3124 1125 3189 milites
1176 3124 1455 3189 Romam
1507 3124 1901 3189 ademerunt.
1991 3121 2072 3186 In
2123 3144 2233 3189 eos

108 3234 285 3281 saxa
312 3211 599 3277 coniecta
626 3235 665 3276 a
696 3211 935 3277 Gallis:
982 3210 1219 3276 deinde
1258 3212 1339 3275 ab
1370 3210 1668 3275 Romana
1699 3210 1967 3273 statione
1997 3206 2234 3271 clamor

108 3312 327 3377 ortus,
374 3322 449 3363 ac
535 3320 861 3364 rocursum
902 3297 1223 3384 utrimque
1276 3307 1388 3362 est.
1479 3294 1746 3381 Iamque
1793 3292 1966 3357 haud
2009 3290 2234 3379 procul

110 3389 301 3453 iusto
343 3408 495 3473 proe
520 3385 583 3451 io
634 3408 735 3451 res
784 3396 983 3463 erant,
1028 3384 1098 3448 ni
1148 3381 1437 3448 celeriter
1476 3381 1866 3466 diremptum
1910 3391 2232 3443 certamen

210 3495 245 3537 r.
274 3472 681 3537 centuriones
708 3484 888 3537 esset.
984 3469 1317 3535 Affirmata
1343 3478 1514 3532 certe
1543 3490 1622 3532 eo
1653 3488 1803 3531 casu
1832 3463 2032 3529 Tullii
2062 3463 2235 3551 apud

110 3496 507 3627 {amtorem
536 3556 695 3623 fides
730 3570 864 3623 est:
913 3579 1035 3621 nec
1076 3554 1423 3642 recipiente
1462 3554 1590 3618 iam
1631 3551 2004 3617 dilationem
2043 3572 2133 3627 re,
2163 3550 2234 3613 in

108 3658 457 3739 posterum
484 3644 656 3709 diem
686 3644 975 3723 edicitur,
1006 3642 1141 3707 acie
1171 3654 1578 3741 pugnaturos.
1671 3638 1968 3703 Dictator
1995 3648 2232 3717 tamen,

110 3746 201 3801 ut
254 3732 371 3819 qui
423 3731 623 3819 magis
672 3730 922 3808 animis,
974 3751 1170 3816 quam
1220 3727 1478 3804 viribus,
1530 3726 1727 3791 fretus
1777 3724 1860 3791 ad
1911 3737 2235 3789 certamen

107 3817 566 3896 descenderet,
596 3816 813 3882 omnia
854 3814 1335 3902 circumspicere
1379 3827 1572 3900 atque
1619 3812 1854 3901 agitare
1899 3812 2129 3899 coepit,
2162 3824 2236 3876 ut

106 3918 263 3973 arte
319 3903 533 3992 aliqua
582 3916 886 3969 terrorem
936 3902 1225 3967 hostibus
1274 3900 1606 3965 incuteret.
1712 3897 1966 3965 sollerti
2019 3898 2234 3963 animo

192 4128 227 4171 4
261 4108 589 4167 Auctoribus]
649 4105 889 4167 Ducibus,
930 4105 991 4155 iis
1031 4121 1147 4168 quo-
1214 4106 1315 4155 dux
1358 4105 1644 4165 exoriretur,
1675 4102 1848 4165 quales
1887 4104 2006 4151 sunt
2041 4099 2076 4149 ii
2146 4112 2237 4171 uqa

104 4190 235 4227 rum
283 4170 577 4223 auctoritate
614 4178 667 4221 et
710 4170 911 4223 consilio
954 4170 1149 4233 regitur.
1213 4174 1351 4218 mota
1387 4184 1551 4219 creare
1593 4166 1862 4215 multitudo
1900 4164 2039 4213 solet.
2109 4114 2236 4217 am-

104 4242 294 4290 cuv.
1215 4234 1331 4283 dam
1352 4234 1475 4283 editi
1494 4234 1720 4298 quakm5
1752 4228 1914 4278 minus
1935 4232 2022 4277 aut
2043 4226 2237 4287 elegan-

186 4316 217 4363 5
244 4302 331 4350 Ne
351 4302 463 4365 quis
482 4302 631 4360 aliun,
834 4306 963 4349 mota
982 4314 1153 4351 oreore
1216 4302 1309 4359 ter,
1332 4302 1419 4347 aut
1440 4296 1652 4359 proprie.
1685 4294 1850 4345 Can.

104 4366 389 4418 multitudo
408 4366 606 4427 soleret]
676 4379 729 4433 'e
752 4362 861 4427 quis
882 4362 1008 4412 alius
1041 4361 1154 4413 talis
