3000 4784
894 200 1085 268 LIB.
1133 200 1253 267 Vl.
1318 200 1542 268 CAP.
1591 208 1694 269 29.
2223 208 2350 273 379

150 336 478 405 auxilio
510 338 853 405 tribunicio
866 352 935 404 et
962 362 1277 405 consensu
1304 340 1509 426 plebis
1531 340 1832 429 impediri
1852 340 2094 430 coepta.
2171 340 2348 407 Nam
2371 356 2440 408 U.
2465 348 2659 426 05375.

152 450 448 513 neque
480 426 631 491 duci
652 426 941 491 addictos
958 426 1199 492 tribuni
1220 426 1534 504 sinebant,
1555 448 1767 515 neque
1786 428 2066 495 iuniores
2087 430 2352 495 nomina
2368 425 2430 473 A.
2465 424 2527 474 C·
2549 436 2659 485 377·

157 514 497 578 dabant.
593 512 815 589 Quum
857 513 1153 578 Patribus
1181 513 1391 577 minor
1462 536 1716 581 raesens
1743 538 1900 581 cura
1926 516 2204 583 creditae
2237 539 2350 603 pe-

160 600 465 665 cuniae
497 600 651 664 iuris
679 623 716 664 e
877 599 1094 677 uendi,
1128 621 1321 686 quam
1352 599 1435 665 de
1460 614 1659 679 ectus,
1689 615 1896 678 esset3
1945 603 2186 691 quippe
2217 603 2346 668 iam

164 710 225 751 a
298 686 673 751 Praeneste
718 622 1037 787 {331ectoe
1087 686 1303 751 hostes
1344 686 1417 753 in
1468 710 1620 775 agro
1677 688 1936 755 Gabino
1986 689 2346 755 consedisse

168 774 687 851 nuntiabatur-3
732 773 992 838 interim
1026 773 1315 838 tribunos
1344 773 1550 860 plebis
1578 774 1746 839 fama
1782 798 1860 840 ea
1899 777 2036 863 ipsa
2061 776 2349 841 irritave-

172 876 315 924 rat
350 860 567 947 tnagis
581 859 664 924 ad
692 872 1055 945 susceptum
1078 871 1421 937 certamen,
1446 883 1638 947 quam
1663 861 2086 929 deterruerat:
2134 884 2346 950 neque

178 946 413 1011 aliud
460 947 544 1011 ad
576 946 953 1011 seditionem
995 945 1530 1031 exstinguendam
1573 947 1642 1009 in
1689 949 1864 1027 urbe,
1907 970 2102 1035 quam
2145 970 2346 1036 prope

179 1033 487 1098 illatum
530 1033 863 1097 moenibus
896 1032 1059 1119 ipsis
1100 1032 1360 1109 bellum,
1404 1031 1621 1098 valuit.
1715 1032 1890 1099 Nam
1934 1057 2136 1125 quum
2183 1047 2347 1099 esset
2465 1046 2570 1106 28.

182 1120 673 1185 Praenestinis
731 1119 1118 1195 nuntiatum,
1180 1118 1425 1183 nullum
1488 1120 1842 1184 exercitum
1911 1122 2343 1208 conscriptum
2567 1134 2572 1139 “

188 1206 513 1282 Romae,
552 1205 801 1270 nullum
846 1204 1077 1269 ducem
1122 1216 1369 1269 certum
1410 1228 1567 1283 esse,
1611 1206 1834 1271 Patres
1873 1230 1947 1271 ac
1986 1206 2240 1293 plebem
2276 1208 2344 1271 in

186 1304 443 1358 semet
478 1293 647 1379 ipsos
686 1312 937 1357 versos=
984 1291 1380 1356 occasionem
1425 1292 1546 1355 rati
1590 1290 1786 1356 duces
1829 1314 2070 1369 eorum,
2113 1293 2345 1391 raptim

126 1404 155 1437 1
190 1377 493 1465 agmine
524 1396 685 1456 act0,
715 1379 1087 1466 pervastatis
1110 1378 1401 1478 protinus
1429 1377 1614 1465 agris,
1645 1378 1728 1442 ad
1748 1392 1998 1466 portam
2023 1377 2342 1443 Collinam

192 1466 418 1551 signa
462 1463 753 1530 intulere.
845 1463 1082 1551 Ingens
1126 1487 1195 1529 m
1240 1464 1397 1529 urbe
1443 1464 1784 1552 trepidatio
1833 1464 1972 1530 fuit.
2069 1463 2346 1530 Concla-

196 1564 483 1617 matum
513 1551 596 1615 ad
625 1573 817 1628 anna,
848 1572 1223 1616 concursum
1272 1572 1353 1615 ue
1384 1551 1453 1614 in
1493 1574 1708 1617 muros
1738 1564 1932 1640 atque
1962 1564 2176 1639 portas
2205 1566 2340 1617 est:

198 1636 650 1724 tandemque,
704 1638 785 1703 ab
830 1636 1143 1703 seditione
1324 1636 1562 1701 bellum
1607 1638 1792 1716 versi,
1838 1637 2215 1703 dictatorem
2261 1638 2339 1703 T.
2363 1653 2427 1727 T:
2451 1650 2611 1727 Quin-

204 1722 627 1798 Quinctium
660 1724 1121 1789 Cincinnatum
1150 1746 1459 1788 creavere.
1554 1723 1618 1789 Is
1647 1724 2018 1812 magistrum
2049 1724 2342 1813 equitum
2363 1723 2488 1765 “²¹⁰³
2509 1718 2663 1766 ‘¹¹⁰²'

206 1810 316 1875 A.
348 1808 799 1897 Sempronium
837 1810 1205 1873 Atratinum
1234 1810 1415 1875 dixit.
1516 1809 1714 1886 Quod
1753 1812 1864 1877 ubi
1895 1812 2185 1877 auditum
2225 1826 2342 1889 est,
2364 1788 2455 1831 ‘⁰¹⁹'

206 1897 487 1981 (tantus
516 1896 651 1961 eius
670 1896 1068 1982 magistratus
1090 1908 1291 1961 terror
1311 1896 1476 1984 erat)
1498 1897 1687 1962 simul
1714 1898 1928 1963 hostes
1955 1922 1994 1963 a
2011 1899 2345 1964 moenibus

209 2004 573 2060 recessere,
594 1996 661 2048 et
690 1982 967 2047 iuniores
997 1982 1274 2046 Romani
1298 1982 1383 2049 ad
1410 1984 1696 2048 edictum
1725 1986 1862 2051 sine
1893 1985 2342 2050 retractatione

214 2090 615 2134 convenere.
709 2068 886 2133 Dum
916 2069 1333 2134 conscribitur
1369 2070 1618 2134 Romae
1650 2072 1983 2147 exercitus,
2015 2083 2218 2135 castra
2243 2072 2345 2134 in-

220 2156 431 2221 terim
489 2155 767 2221 hostium
818 2154 993 2220 haud
1050 2155 1271 2243 procul
1334 2154 1510 2219 Allia
1565 2156 1832 2221 flumine
1883 2158 2127 2245 posita:
2190 2157 2342 2221 inde

222 2265 465 2331 agrum
508 2242 633 2307 late
680 2242 1077 2331 populantes,
1122 2241 1413 2308 ‘fatalem
1457 2264 1524 2306 se
1569 2243 1713 2307 urbi
1759 2243 2088 2308 Romanae
2133 2242 2345 2307 locum

226 2338 257 2371 ‘
275 2329 564 2416 cepisse,’
608 2329 777 2396 inter
826 2352 893 2393 se
938 2328 1295 2393 iactabant:
1362 2336 1381 2366 ‘
1402 2328 1676 2393 similem
1765 2351 2018 2395 averem
2061 2329 2216 2395 inde
2267 2351 2342 2393 ac

232 2426 257 2457 ⁶
272 2418 495 2504 fugam
551 2416 705 2493 fore,
751 2439 825 2480 ac
881 2413 1051 2480 bello
1103 2414 1356 2479 Gallico
1407 2415 1616 2479 fuerit..
1773 2416 1991 2493 tenim,
2041 2416 2094 2480 si
2147 2416 2344 2493 diem,

234 2514 259 2543 ‘
280 2516 649 2569 contactum
676 2501 1003 2589 religione,
1036 2500 1479 2601 insignemque
1523 2500 1780 2565 nomine
1812 2502 1951 2566 eius
1979 2502 2122 2578 loci,
2158 2502 2344 2565 time-

170 2620 207 2653 α
237 2599 259 2631 ‘
282 2602 399 2654 ant
429 2589 723 2667 Romani,
749 2601 991 2675 quanto
1013 2610 1213 2674 magis
1246 2587 1520 2651 Alliensi
1543 2587 1648 2653 die
1682 2587 1919 2652 Alliam
1949 2588 2172 2675 ipsam,
2203 2594 2342 2652 mo-

237 2686 261 2719 ‘
278 2686 657 2740 numentum
690 2688 901 2741 tantae
934 2674 1149 2751 cladis,
1172 2673 1723 2739 reformidaturos?
1771 2673 2030 2762 Species
2057 2673 2342 2761 profecto

239 2774 261 2803 ‘
286 2762 391 2827 his
416 2762 503 2827 ibi
535 2774 744 2827 truces
770 2761 1103 2827 Gallorum
1134 2783 1489 2848 sonumque
1520 2761 1692 2825 vocis
1721 2761 1791 2826 in
1821 2760 2019 2826 oculis
2049 2773 2240 2847 atque
2271 2760 2340 2825 in

242 2859 266 2892 ‘
282 2850 537 2914 auribus
573 2849 749 2914 fore?
837 2847 975 2913 Has
1014 2847 1301 2913 inanium
1330 2870 1544 2912 rerum
1573 2848 1796 2913 inanes
1824 2848 1992 2935 ipsas
2017 2847 2344 2913 volventes

238 2936 673 3022 cogitationeS,
703 2936 991 3001 fortunae
1022 2933 1143 3001 loci
1169 2933 1615 3035 delegaverant
1635 2958 1778 3035 spes
1805 2958 1967 3001 suas.
2062 2934 2342 2999 Romani

243 3036 482 3100 contra,
523 3030 543 3060 ‘
562 3022 819 3087 Ubicun
869 3044 950 3085 ue
992 3036 1157 3087 esset
1200 3020 1471 3085 Latmus
1517 3021 1732 3098 hostm,
1773 3022 1924 3087 satis
1967 3022 2164 3099 scire,·
2193 3044 2344 3087 eum

189 3133 227 3180 3
248 3119 269 3151 ‘
293 3130 444 3186 esse,
484 3131 698 3196 quem,
730 3106 815 3171 ad
922 3107 1184 3195 egillum
1218 3107 1427 3173 lacum
1465 3108 1810 3185 devictum,
1842 3124 2102 3173 centum
2145 3130 2347 3171 anno-

249 3206 271 3236 ‘
292 3218 430 3260 rum
468 3218 623 3283 pace
652 3195 931 3259 obnoxia
964 3194 1304 3258 tenuerint.
1397 3193 1666 3270 Locum,
1696 3193 2013 3279 insignem
2041 3193 2348 3257 memoria

252 3294 273 3325 ‘
296 3280 502 3360 cladiS,
535 3282 925 3346 irritaturum
955 3303 1021 3345 se
1044 3280 1259 3367 potius
1288 3279 1369 3343 ad
1399 3278 1740 3343 delendam
1761 3278 2128 3343 memoriam
2151 3278 2350 3342 dede-

256 3380 275 3408 ‘
294 3370 467 3445 coris,
499 3392 692 3455 quam
731 3380 805 3432 ut
842 3368 1137 3432 timorem
1164 3366 1375 3443 faciat,
1407 3387 1490 3429 ne
1521 3388 1650 3451 qua
1679 3376 1845 3429 terra
1871 3363 1954 3429 sit
1983 3362 2226 3429 nefasta
2253 3364 2351 3427 vi-

257 3466 277 3495 ‘
297 3456 521 3521 ctoriae
561 3478 728 3520 suae.
828 3450 1009 3530 Quin
1038 3453 1158 3540 ipsi
1202 3452 1323 3517 sibi
1356 3450 1530 3517 Galli
1559 3451 1612 3515 si
1653 3450 1999 3516 offerantur
2041 3450 2146 3515 illo
2185 3450 2346 3528 loc0,

262 3554 363 3607 ‘se
410 3542 497 3607 ita
543 3554 955 3629 pugnaturos,
1006 3553 1080 3605 ut
1124 3538 1369 3605 Romae
1418 3538 1845 3625 pugnaverint
1887 3536 1956 3601 in
2001 3560 2068 3601 re
2157 3536 2350 3602 tenda

262 3641 281 3669 ⁶
308 3627 511 3715 patria,
545 3640 617 3693 ut
654 3641 909 3717 postero
942 3626 1047 3691 die
1090 3625 1171 3690 ad
1205 3625 1485 3703 Gabios3
1535 3638 1709 3708 tunc,
1751 3646 1952 3711 quum
1999 3646 2034 3688 e
2083 3624 2347 3701 ecerint,

265 3726 285 3755 ‘
306 3737 379 3779 ne
450 3714 545 3779 uis
574 3714 791 3791 hostis,
823 3714 931 3801 qui
966 3712 1220 3779 moenia
1256 3712 1550 3777 Romana
1576 3712 1887 3790 intrasset,
1919 3711 2220 3777 nuntium
2252 3734 2352 3777 se-

270 3814 287 3842 ‘
304 3824 419 3867 cun
596 3800 1024 3887 adversaeque
1083 3799 1372 3867 fortunae
1441 3798 1702 3865 domum
1763 3799 2108 3887 perferret?
2227 3797 2352 3861 His
2475 3796 2580 3855 29.

270 3888 572 3975 utrimque
596 3888 822 3952 animis
840 3886 921 3950 ad
944 3884 1181 3951 Alliam
1206 3898 1466 3950 ventum
1487 3900 1600 3951 est.
1679 3886 1976 3951 Dictator
2001 3887 2351 3959 Romanus,

270 3988 587 4064 postquam
639 3974 709 4039 in
753 3986 1097 4062 conspectu
1144 3972 1355 4037 hostes
1407 3986 1590 4037 erant
1631 3973 1922 4039 instructi
1971 3970 2354 4055 intentique,

346 4170 361 4202 1
392 4154 647 4211 Protinus]
688 4152 807 4201 Uno
830 4157 997 4200 tenore
1028 4154 1173 4212 prout
1197 4150 1269 4197 in·
1334 4148 1522 4198 Catull.
1547 4148 1646 4197 lxv.
1675 4161 1780 4195 ιοο.
1823 4146 2035 4194 Duxmz.

281 4218 509 4269 cedebant.
544 4218 707 4267 Gnnv.
1404 4226 1431 4273 3
1471 4213 1680 4260 Οεηεωιι
1714 4209 1984 4265 nummu]
2035 4205 2097 4253 cf.
2129 4204 2272 4265 Supr.
2311 4220 2358 4255 s.

343 4297 366 4330 ο
395 4284 581 4339 Quanto
601 4284 757 4343 nafis
778 4282 990 4329 Alliensi
1010 4280 1115 4338 die]
1154 4278 1204 4325 h.
1228 4294 1271 4326 ο.
1338 4278 1456 4324 Pax
1476 4277 1684 4325 οὑτω-πᾶα
1703 4288 1860 4333 aequo
1877 4270 2058 4320 foedera
2077 4268 2358 4331 opponitur.

286 4348 463 4403 Quanto
484 4344 641 4408 magis
661 4358 809 4407 quam
834 4343 1105 4392 Alliensem
1127 4341 1273 4392 diem.
1340 4339 1401 4388 cf.
1427 4338 1534 4387 infr.
1562 4337 1638 4386 vii.
1665 4351 1707 4397 5.
1729 4336 1931 4387 cub-'wei
1961 4340 2109 4396 uque
2129 4334 2338 4384 obn-atii.
