3000 4784
745 204 871 267 526
1513 195 1740 261 ΤῙΤΙ
1801 190 2071 261 LIVII

410 344 479 394 U·
503 344 564 395 Ο·
588 358 701 407 439-
740 335 925 401 derat
954 348 1209 413 turmas,
1234 333 1550 399 Samnites
1571 334 1949 421 potirentur.
2045 332 2178 399 Sed
2205 333 2550 421 extemplo
2571 332 2654 397 ad
2669 332 2840 419 pedes

407 410 470 459 A.
504 410 564 461 C·
592 423 701 471 ³¹3·
741 423 1119 488 descensum
1148 422 1229 485 ab
1254 420 1566 485 Romanis
1587 432 1704 497 est,
1728 422 1932 485 coacti
1981 443 2059 485 ue
2083 420 2258 485 idem
2283 418 2624 485 Samnites
2639 420 2824 483 facere.

743 509 831 575 Et
865 508 1202 595 repentina
1229 508 1395 573 acies
1424 508 1594 573 circa
1630 529 1896 594 corpora
1975 530 2168 571 ucum
2203 507 2514 594 pedestre
2555 505 2830 593 proelium

738 596 907 672 iniit,
938 617 1069 681 quo
1112 594 1287 659 haud
1322 594 1516 659 dubie
1561 608 1820 680 superat
1861 594 2228 659 Romanus:
2277 605 2830 680 recuperatumque

740 680 923 746 Aulii
968 702 1215 767 corpus,
1248 680 1449 745 mixta
1492 703 1642 745 cum
1683 679 1898 745 dolore
1933 680 2194 758 laetitia,
2225 681 2512 745 victores
2553 680 2626 743 in
2667 692 2834 742 castra

738 768 1038 833 referunt.
1136 766 1473 843 SamniteS,
1504 766 1668 831 duce
1699 767 1946 843 amiSSO,
1978 780 2046 832 et
2072 789 2190 853 per
2209 780 2522 853 equestre
2545 776 2832 831 certamen

740 854 999 919 tentatis
1026 852 1285 929 viribus,
1316 852 1550 917 omissa
1581 852 1877 931 Saticula,
1910 875 2104 939 quam
2127 854 2582 940 nequicquam
2611 848 2834 915 defendi

738 940 1059 1016 rebantur,
1091 939 1175 1003 ad
1208 938 1471 1005 Plistiae
1503 938 1900 1006 obsidionem
1929 939 2242 1016 redeunt3
2289 940 2606 1025 intraque
2635 956 2834 1025 paucos

739 1025 877 1091 dies
928 1024 1208 1091 Saticula
1262 1026 1594 1091 Romanus
1643 1048 1760 1125 per
1817 1025 2234 1103 deditionem,
2285 1024 2530 1091 Plistia
2580 1046 2692 1111 per
2731 1023 2833 1083 vim

518 1128 622 1187 23,
746 1112 995 1177 Samnis
1023 1113 1284 1200 potitur.
1376 1111 1632 1177 Mutata
1649 1111 1800 1177 inde
1830 1112 1982 1177 belli
2011 1112 2196 1177 sedes
2225 1124 2356 1177 est:
2407 1112 2506 1177 ad
2533 1112 2746 1177 Soram
2769 1128 2832 1170 ex

406 1212 559 1287 Sorae
576 1212 657 1259 de·
746 1198 1006 1265 Samnio
1053 1199 1253 1286 Apuli
1338 1222 1419 1263 ue
1460 1198 1783 1263 traductae
1823 1198 1846 1261 l
1931 1198 2124 1263 'ones
2220 1198 2378 1265 Sora
2407 1198 2502 1263 ad
2553 1194 2834 1263 Samnites

410 1276 643 1389 ξ’ἕῗωέᾱ
742 1287 1079 1364 defecerat,
1140 1287 1275 1351 inte
1334 1286 1489 1351 ectis
1549 1284 1792 1351 colonis
1927 1307 2319 1350 omanorum.
2447 1284 2611 1360 Quo
2667 1300 2832 1368 quum

478 1345 671 1390 mmtes.
739 1373 913 1461 prior
959 1373 1289 1438 Romanus
1336 1372 1674 1448 exercitus,
1727 1370 1810 1437 ad
1854 1371 2286 1436 ulciscendam
2339 1371 2594 1437 civium
2639 1385 2830 1433 necem

740 1459 1367 1561 recuperandamque
1440 1457 1777 1535 coloniam,
1851 1458 2098 1545 magnis
2175 1458 2528 1524 itineribus
2605 1474 2834 1543 praeve-

738 1546 956 1624 nisset,
987 1559 1055 1611 et
1096 1568 1293 1633 sparsi
1320 1568 1439 1633 per
1468 1544 1599 1610 vias
1641 1543 2088 1632 speculatore&
2117 1544 2304 1631 sequi
2348 1544 2648 1631 legiones
2679 1539 2824 1605 Sam-

740 1633 992 1709 nitium,
1024 1655 1145 1697 nec
1174 1632 1299 1697 iam
1346 1632 1570 1731 procul
1599 1632 1836 1708 abesse,
1868 1630 1976 1695 alii
2005 1653 2196 1717 super
2233 1631 2410 1708 ahoe,
2445 1629 2828 1720 nuntiarent-³

742 1719 993 1784 obviam
1026 1719 1187 1783 itum
1217 1718 1403 1795 host1,
1428 1731 1622 1805 atque
1651 1716 1736 1783 ad
1764 1717 2072 1783 Lautulas
2100 1717 2368 1804 ancipiti
2397 1715 2649 1805 proelio
2669 1712 2824 1777 dirm-

740 1816 955 1869 catum
993 1817 1107 1869 est.
1201 1803 1358 1869 Non
1393 1805 1645 1882 caedes,
1676 1826 1808 1870 non
1835 1804 1989 1891 fuga
2025 1803 2285 1869 alterius
2311 1806 2542 1891 partia,
2571 1800 2684 1865 sed
2719 1814 2826 1860 nox

740 1890 1035 1966 incertos,
1085 1890 1237 1954 victi
1282 1890 1638 1955 victoresne
1699 1902 1929 1967 essent,
1981 1889 2255 1955 diremit.
2348 1888 2632 1955 Invenio
2681 1878 2822 1969 apud

740 1975 1072 2062 quosdam,
1104 1976 1429 2041 adversam
1470 1999 1616 2042 eam
1644 1999 1926 2064 pugnam
1965 1975 2276 2041 Romanis
2303 1976 2529 2053 fuisse,
2561 1986 2740 2059 atque
2769 1967 2854 2065 {116

742 2085 819 2128 ea
845 2062 1149 2128 cecidisse
1184 2062 1267 2137 Q.
1291 2063 1585 2142 Aulium,
1615 2064 1984 2150 magistrum
2029 2063 2338 2150 equitum.
2437 2060 2747 2128 Suffectus
2769 2075 2820 2115 m

742 2150 955 2215 locum
978 2147 1159 2213 Aulii
1194 2148 1271 2213 C.
1300 2148 1534 2213 Fabius
1555 2149 1856 2235 magister
1881 2150 2176 2235 equitum
2203 2171 2353 2213 cum
2371 2147 2664 2214 exercitu
2683 2160 2820 2207 novo

742 2238 823 2302 ab
856 2236 1067 2301 Roma
1096 2234 1389 2311 advenit3
1437 2247 1521 2312 et,
1553 2256 1670 2321 per
1701 2234 2076 2321 praemissos
2103 2235 2364 2299 nuntios
2394 2232 2686 2301 consulto
2711 2227 2822 2290 dic·

741 2334 963 2399 tatore,
1014 2321 1125 2386 ubi
1176 2321 1560 2397 subsisteret,
1610 2344 1818 2407 quove
1877 2334 2010 2385 tem
2095 2343 2184 2399 re,
2237 2335 2305 2386 et
2353 2345 2491 2408 qua
2540 2341 2622 2384 ex
2667 2324 2814 2403 parte

742 2408 989 2475 hostem
1030 2408 1498 2495 aggrederetur,
1531 2406 1813 2473 substitit
1849 2430 1964 2473 occ
2035 2420 2154 2485 tus,
2184 2406 2268 2473 ad
2302 2408 2525 2473 omnia
2553 2404 2694 2471 satis
2727 2418 2818 2463 ex·

740 2495 1001 2583 ploratis
1046 2494 1341 2560 consiliis.
1433 2493 1751 2570 Dictator,
1804 2516 2006 2581 quum
2064 2516 2182 2581 per
2229 2494 2478 2582 aliquot
2521 2493 2653 2557 dies
2699 2494 2814 2574 post

742 2605 1025 2670 pugnam
1054 2581 1471 2647 continuisset
1496 2602 1645 2645 suos
1673 2580 1840 2645 intra
1866 2580 2124 2657 vallum,
2155 2581 2390 2647 obsessi
2423 2579 2624 2667 magis
2650 2590 2814 2662 quum

742 2668 1091 2734 obsidentis
1142 2667 1353 2746 modo,
1406 2667 1660 2755 signum
1711 2689 1780 2731 re
1864 2680 1975 2732 nte
2027 2689 2280 2755 pugnae
2333 2666 2691 2755 proposuit3
2741 2668 2809 2730 et,

743 2754 1061 2821 efficacius
1110 2768 1281 2821 ratus
1328 2754 1411 2819 ad
1453 2752 1780 2819 accenden
1825 2776 1896 2819 os
1944 2754 2226 2819 virorum
2267 2754 2532 2819 fortium
2581 2748 2810 2817 animos,

746 2841 989 2907 nullam
1024 2842 1197 2917 alibi,
1228 2864 1419 2927 quam
1458 2841 1530 2905 in
1572 2852 1775 2905 semet
1804 2840 1962 2928 ipso,
1993 2841 2292 2941 cuiquam
2331 2840 2618 2906 relictam
2643 2858 2672 2899 s
2741 2851 2808 2928 Ψ,

747 2927 829 2989 de
890 2927 1187 3012 magistro
1238 2928 1530 3013 equitum
1587 2949 1882 3015 novoque
1942 2941 2230 2993 exercitu
2283 2926 2554 2993 militem
2598 2945 2665 2989 ce
2717 2928 2804 2979 Vlt-

748 3010 853 3087 Et,
900 3024 1201 3099 tauquam
1246 3012 1441 3090 nulla,
1482 3012 1609 3077 nisi
1655 3012 1723 3077 in
1771 3013 2125 3101 eruptione,
2170 3036 2313 3114 spes
2355 3026 2542 3091 emet,
2581 3020 2600 3051 ⁶
2615 2998 2809 3099 Loci&

746 3097 975 3185 inquit,
1024 3106 1045 3135 ‘
1062 3099 1363 3186 angustis,
1416 3098 1671 3177 milites,
1717 3099 2122 3188 deprehensi,
2163 3100 2288 3165 msi
2383 3122 2536 3165 uam
2583 3096 2806 3161 victoria

748 3194 768 3223 ‘
790 3184 1289 3274 patefecerimus,
1348 3184 1520 3251 viam
1589 3186 1832 3251 nullam
1903 3186 2228 3252 habemus.
2371 3187 2566 3252 tativa
2630 3188 2808 3245 nostra

748 3280 768 3310 ‘
791 3274 1190 3339 munimento
1244 3273 1393 3339 satis
1451 3284 1591 3339 tuta
1634 3284 1820 3349 sunt3
1893 3273 2009 3339 sed
2058 3273 2278 3360 inopia
2327 3272 2553 3338 eadem
2595 3266 2798 3335 infesta.

748 3367 769 3399 ‘
792 3358 965 3425 Nam
994 3374 1063 3425 et
1086 3361 1257 3425 circa
1282 3360 1498 3425 omnia
1534 3358 1926 3436 defecerunt,
1957 3358 2130 3425 unde
2159 3359 2428 3425 subvehi
2457 3362 2803 3426 commeatus

748 3454 767 3484 ‘
786 3458 1120 3596 poterant3
1168 3460 1252 3525 et,
1294 3446 1347 3511 si
1390 3446 1680 3511 homines
1723 3446 1938 3511 iuvare
1983 3445 2202 3523 velint,
2233 3447 2456 3533 iniqua
2497 3446 2628 3511 loca
2661 3445 2796 3531 811¹}ss

748 3540 768 3570 ‘
822 3544 1013 3619 taque
1054 3556 1187 3597 non
1226 3532 1571 3597 frustrabor
1605 3555 1725 3619 ego
1753 3554 1884 3610 voe,
1915 3546 2118 3597 castra
2159 3532 2266 3597 hic
2303 3526 2720 3620 relinquendo,
2741 3537 2796 3617 ,¹¹¹

748 3626 769 3656 ‘
789 3641 974 3704 quae,
1024 3619 1259 3685 infecta
1307 3618 1588 3694 victoria,
1637 3618 1802 3683 sicut
1845 3618 2112 3704 pristino
2165 3618 2293 3697 die,
2346 3642 2458 3684 vos
2505 3611 2792 3701 recipiam·

748 3712 768 3741 ‘
790 3704 1007 3767 Armis
1035 3706 1452 3783 munimenta,
1476 3728 1608 3769 non
1639 3704 2054 3770 munimentis
2071 3726 2246 3769 arma
2265 3717 2405 3770 tuta
2431 3726 2564 3770 esse
2580 3699 2790 3766 debent·

748 3798 768 3828 ‘
790 3786 1016 3853 Castra
1058 3789 1336 3855 habeant
1392 3804 1834 3878 repetantque,
1881 3792 2112 3878 quibus
2171 3814 2401 3879 operae
2441 3803 2540 3857 est
2591 3782 2792 3877 trahere

748 3886 767 3915 ‘
788 3873 1064 3940 bellum:
1114 3898 1229 3939 nos
1264 3877 1552 3940 omnium
1583 3900 1793 3941 rerum
1835 3890 2213 3965 respectum,
2245 3890 2668 3965 praeterquam
2689 3883 2789 3959 *³¹01

748 3972 768 4002 ‘
791 3962 1007 4041 toriae,
1060 3963 1243 4027 nobis
1300 3962 1713 4028 abscidamus.
1807 3964 1994 4029 Ferte
2053 3965 2236 4051 signa
2285 3965 2354 4029 in
2399 3965 2664 4030 hostem:
2703 3949 2788 4013 1¹b¹

807 4146 840 4195 6
860 4149 1131 4197 Adversum
1145 4164 1253 4197 eam
1270 4151 1516 4211 puynam]
1543 4148 1758 4197 Romam
1823 4150 1886 4198 cf.
1905 4148 2016 4199 infr.
2034 4152 2168 4199 eima
2187 4150 2351 4199 σηπία
2365 4148 2648 4212 defecerunt·
2689 4132 2785 4185 ΝΜ·

742 4210 793 4257 in
829 4210 935 4270 pari
960 4212 1237 4261 discrimine
1258 4219 1407 4273 atque
1429 4229 1506 4272 eo,
1528 4228 1626 4272 quo
1649 4216 1758 4273 post
1823 4219 1899 4261 ter
1931 4214 2293 4263 calamitatibus
2325 4214 2514 4275 patriae
2537 4222 2642 4261 sune
2661 4200 2783 4249 ''⁶¹¹⁰''

744 4274 1053 4320 Cannensem
1087 4288 1320 4336 pugnam,
1356 4290 1487 4323 nune
1521 4282 1760 4323 versatam
1824 4277 2063 4326 obtendit.

744 4332 891 4379 fuisse
928 4336 1175 4383 existimat
1215 4338 1265 4385 N
1269 4337 1421 4386 iebhr.
1457 4337 1525 4386 iii.
1567 4354 1612 4385 n.
1648 4352 1756 4397 405.
