3000 4784
826 197 1019 263 LIB.
1076 196 1165 263 II.
1228 194 1449 263 CAP.
1495 202 1601 263 43.
2133 200 2248 261 121

168 435 343 520 quon
462 509 477 521 ·
536 509 553 522 .
628 422 694 485 in
740 422 895 487 urbe
942 422 1231 509 agrisque
1270 422 1651 488 ostentantia
1687 444 1923 485 minas:
1973 434 2258 522 motique
2277 413 2337 463 A.
2370 414 2430 463 0·
2453 415 2564 473 481·

166 530 255 571 ira
296 530 593 573 numims
632 531 881 573 causam
925 508 1167 574 nullam
1214 509 1399 573 aliam
1438 522 1610 573 vates
1647 509 1978 585 canebant,
2005 508 2260 595 pubhce

168 595 621 743 ppvatimun
672 618 845 660 nunc
894 596 1078 673 extis,
1125 618 1298 659 nunc
1353 618 1471 683 per
1519 617 1682 673 aves,
1731 594 2022 672 consulti,
2069 616 2262 681 quam

242 680 333 744 ud
374 682 503 745 rite
550 703 729 746 sacra
768 682 923 746 fieri.
1020 682 1153 757 Qui
1196 695 1463 747 terrores
1507 695 1721 747 tamen·
1767 704 1844 746 eo
1887 704 2158 758 evasere,
2187 695 2263 747 ut

129 790 157 831 4
174 766 275 853 Op
316 768 397 844 ia,
432 768 623 855 virgo
651 768 943 847 Vestalis,
976 768 1275 833 damnata
1301 769 1528 833 incesti
1673 786 1790 833 nas
1818 768 2085 833 dederit.

130 880 155 928 5
254 790 335 929 ὅ,
382 854 631 919 Fabius
676 855 825 919 inde
872 870 941 921 et
986 854 1064 921 C.
1108 854 1310 920 Iulius
1353 878 1506 921 cons
1576 878 1644 919 es
1687 855 1854 921 facti.
1947 854 2048 919 Eo
2093 877 2262 919 anno
2371 859 2478 919 43.

172 962 293 1004 non
338 942 609 1028 segnior
644 942 957 1008 discordia
998 942 1191 1021 domi,
1232 955 1298 1006 et
1338 942 1576 1007 bellum
1619 941 1767 1007 foris
1813 942 2081 1009 atrocius
2119 940 2257 1006 fuit.
2281 944 2347 993 U·
2371 943 2430 992 0·
2455 955 2565 1005 272·

169 1027 269 1091 Ab
314 1028 577 1115 Aequis
628 1052 803 1094 arma
851 1043 1117 1130 sumpta.
1210 1027 1515 1094 Veientes
1639 1050 1780 1093 rum
1823 1050 2080 1115 quoque
2127 1026 2261 1093 Ro·
2279 1009 2346 1127 ἃ
2369 1008 2565 1120 ξῶξο·

170 1134 502 1179 manorum
622 1115 913 1203 palantes
934 1116 1231 1180 inierunt.
1299 1115 1592 1190 Quorum
1693 1115 1920 1180 llorum
1941 1126 2259 1180 crescente
2278 1136 2353 1184 ΙΙ.
2377 1136 2435 1186 c.
2455 1136 2589 1185 Iulio

131 1206 331 1277 ὅσω-ει,
380 1201 471 1267 Κ,
567 1203 747 1267 abins
790 1216 859 1267 et
909 1202 1015 1291 Sp.
1049 1202 1275 1267 Furius
1320 1202 1610 1267 consules
1653 1201 1835 1265 fiunt.
1929 1200 2258 1279 Ortonam,
2276 1200 2412 1249 00⁸⁸·

174 1284 467 1351 Latinam
498 1290 749 1365 urbem,
782 1289 999 1376 Aequi
1028 1290 1495 1377 oppugnabant.
1577 1288 1903 1365 VeienteS,
1931 1287 2108 1374 pleni
2134 1287 2261 1351 iam
2279 1284 2348 1335 U.
2370 1285 2430 1334 0·
2455 1296 2562 1347 ²73·

175 1374 683 1459 populationum,
709 1377 981 1441 Romam
1010 1376 1211 1463 ipsam
1238 1398 1305 1440 se
1342 1399 1383 1439 o
1424 1387 1813 1462 pugnaturos
1843 1374 2257 1438 minabantur.
2280 1350 2350 1462 ζ’.
2373 1350 2566 1461 ξὲζίἶῗ·

179 1456 305 1533 Qui
347 1473 649 1541 terrores,
681 1486 879 1551 quum
922 1484 1319 1549 compescere
1408 1463 1692 1539 eberent‚
1733 1482 1966 1525 auxere
2009 1460 2152 1524 insu
2233 1482 2264 1523 r
2283 1477 2356 1527 11.
2381 1478 2466 1539 Sp.
2491 1477 2589 1525 Fu-

176 1545 411 1611 animos
450 1547 698 1649 plebist
746 1550 1117 1635 redibatque
1162 1571 1293 1613 non
1336 1571 1463 1613 sua·
1490 1560 1716 1635 sponte
1804 1546 1933 1612 lebi
1977 1568 2114 1611 mos
2199 1568 2264 1611 e·
2280 1541 2352 1591 ²³⁰
2371 1544 2508 1593 0⁰⁸⁸·

140 1634 484 1699 rtrectandi
548 1635 860 1701 militiam.
984 1634 1113 1700 Sed
1175 1634 1283 1736 Sp.
1348 1634 1636 1699 Licinius
1695 1647 1774 1699 tn
1819 1656 1984 1699 unus
2040 1632 2263 1721 plebia

180 1719 415 1785 venisse
458 1735 717 1809 tempus
754 1736 925 1787 ratus
962 1745 1081 1809 per
1112 1721 1402 1787 ultimam
1436 1720 1877 1787 necessitatem
1903 1720 2060 1808 legis
2087 1742 2266 1807 agra-

178 1802 299 1868 riae
344 1806 651 1873 Patribus
692 1808 1139 1896 injungendae,
1184 1832 1363 1874 susce
1448 1820 1546 1875 rat
1587 1830 1722 1872 rem
1766 1807 2104 1873 militarem
2146 1808 2268 1871 im-

184 1890 584 1974 pediendam.
679 1893 989 1960 Ceterum
1040 1908 1176 1960 tota
1223 1896 1357 1960 invi
1406 1896 1464 1960 ’a
1514 1894 1888 1960 tribuniciae
1936 1894 2267 1981 potestatis

182 1998 353 2042 versa
378 1980 449 2044 in
479 1994 809 2047 auctorem
846 1994 978 2047 est:
1026 2004 1147 2047 nec
1188 1984 1259 2046 in
1302 2004 1450 2047 eum
1490 1981 1780 2046 consules
1819 1981 2041 2059 acrius,
2073 2002 2266 2067 quam

146 2076 173 2124 8
186 2062 299 2147 ipsi
326 2066 465 2132 eius
493 2068 799 2156 collegae,
830 2069 1028 2133 coorti
1058 2082 1243 2133 sunt:
1292 2068 1658 2156 auxilioque
1697 2090 1918 2133 eorum
1947 2067 2266 2132 delectum

186 2152 465 2217 consules
494 2155 754 2219 habent.
848 2155 957 2219 Ad
985 2155 1115 2220 duo
1143 2155 1331 2220 simul
1369 2155 1538 2220 bella
1576 2156 1890 2219 exercitus
1931 2155 2262 2219 scribitur:

146 2251 175 2299 9
189 2234 509 2306 ducendus
552 2241 749 2307 Fabio
792 2242 863 2305 in
893 2241 1173 2330 Aequos,
1216 2244 1283 2306 in
1312 2241 1620 2306 Veientes
1651 2240 1840 2306 Furio
1884 2241 2085 2306 datur.
2178 2239 2267 2304 Et

192 2319 255 2384 in
280 2322 663 2393 Veientibus
700 2328 961 2415 quidem
1004 2329 1166 2393 nihil
1203 2329 1469 2415 dignum
1513 2329 1818 2393 memoria
1859 2340 2108 2415 gestum
2149 2340 2261 2391 est.

192 2405 377 2506 ljabio
414 2414 747 2503 aliquanto
775 2415 927 2502 fplns
964 2416 1203 2515 negotii
1242 2439 1389 2480 cum
1426 2415 1690 2491 civibu&
1721 2436 1914 2500 quam
1943 2437 2091 2479 cum
2119 2414 2266 2478 hos-

196 2494 368 2591 t}bu8‚
397 2501 545 2567 fuit.
638 2501 825 2566 Unus
866 2502 975 2566 ille
1018 2524 1132 2578 vir,
1174 2502 1308 2588 ipse
1352 2500 1594 2578 consul,
1635 2500 2087 2586 rempublicam
2131 2522 2263 2563 sus-
2284 2525 2495 2574 Romani

196 2584 391 2663 tmuit,
422 2609 621 2675 quam
664 2588 981 2655 exercitus
1024 2588 1173 2653 odio
1216 2586 1510 2665 consuli&
1548 2600 1860 2674 quantum
1902 2588 1971 2650 5¹²
2013 2609 2080 2651 ⁸⁶
2122 2586 2264 2663 ΜΒ
2281 2590 2560 2703 ffitezxsso-

2284 2736 2408 2771 cere.

169 334 246 399 ad
567 334 699 399 iam
740 336 1026 399 omnium
1070 348 1317 401 mentes
1368 335 1657 423 prodigia
1707 332 2022 435 coelestia,
2062 355 2259 435 prope
2279 347 2347 398 U.
2369 322 2574 409 (2271.

200 2790 323 2843 Usus
340 2798 573 2861 loquendi
594 2804 697 2847 tam
720 2813 799 2860 ap.
824 2796 1036 2857 Livium,
1049 2812 1194 2859 quam
1259 2794 1461 2845 Σικίλιος
1494 2794 1570 2859 (in
1609 2796 1715 2845 cod.
1755 2794 1904 2844 Rom.
1941 2793 2160 2859 Σικίνιος)
2191 2812 2269 2859 ap.

198 2866 271 2917 ap.
290 2860 407 2910 alios
430 2864 691 2926 scriptores
720 2862 837 2911 huic
868 2861 1197 2911 emendationi
1262 2862 1409 2910 Dion.
1427 2860 1560 2910 unde
1575 2860 1800 2923 Sigonius
1819 2874 1916 2908 non
1933 2860 2062 2909 male
2079 2863 2270 2911 emend.

200 2919 331 2975 favet.
364 2926 533 2977 Dosa.
600 2927 887 2976 Exercitum
904 2926 1093 2975 Valerii
1112 2941 1197 2973 no-
1258 2928 1343 2989 Sp.
1372 2927 1576 2984 Ισᾶῖίως
1610 2941 1671 2973 ex
1706 2940 1805 2987 qua
1837 2930 1984 2987 gente
2019 2924 2164 2973 multi
2197 2926 2274 2974 his

200 2984 333 3036 luisse
354 2990 547 3042 vincere
566 2990 733 3040 scribit
755 2990 904 3039 Dion.
928 2990 1021 3039 viii.
1045 2992 1075 3039 8
1110 3026 1123 3039 .
1260 2989 1562 3053 temporibus
1591 2988 1772 3038 tribuni
1803 2988 1957 3049 fuere,
1977 2988 2273 3039 infestissimi

260 3069 288 3110 4
330 3056 510 3117 Oppia,
564 3057 701 3117 oio-90
748 3055 989 3114 Vestalis]
1104 3070 1196 3103 uae
1262 3054 1499 3103 Patribus.
1542 3054 1672 3103 Rur.
1747 3053 1843 3103 Sed
1874 3054 2120 3101 Licinium
2155 3054 2272 3118 legit

202 3112 413 3178 Pompua
436 3126 638 3169 vocatur
660 3120 714 3167 in
739 3118 919 3167 Euseb.
942 3118 1123 3167 Chron.
1147 3134 1195 3180 p.
1260 3119 1311 3168 N
1315 3119 1465 3167 iebhr.
1484 3118 1533 3166 ii.
1551 3133 1598 3179 p.
1619 3120 1722 3181 189.
1779 3117 1998 3174 Quidam
2014 3117 2124 3167 libri
2143 3120 2270 3181 Spu-

208 3176 303 3251 16·7.
354 3185 555 3247 Popilia
589 3184 727 3233 Oros.
759 3183 809 3231 ii.
841 3184 887 3231 8.
920 3188 971 3231 et
1004 3183 1201 3245 Opimia
1260 3185 1369 3232 rim
1384 3185 1596 3231 Publius
1611 3184 1832 3233 Licinius
1851 3182 2115 3242 habebant,
2133 3197 2268 3231 men·

206 3238 342 3293 Dion.
365 3246 458 3298 viii.
482 3250 562 3313 89.
584 3262 662 3311 90.
697 3247 779 3308 qui
806 3262 915 3295 eam
938 3246 1097 3293 vivam
1120 3247 1199 3293 de-
1262 3247 1379 3294 dose
1400 3252 1455 3294 ut
1478 3245 1789 3307 exposuimus
1809 3261 1938 3307 supr.
1965 3259 2036 3307 15.

206 3304 366 3357 fossam
408 3312 531 3361 dicit
563 3311 613 3359 in
651 3325 827 3372 campo
863 3312 1099 3359 scelerato
1135 3310 1199 3358 ad
1326 3311 1357 3358 8
1379 3312 1510 3357 Eius
1528 3310 1758 3370 colloque]
1798 3308 1932 3357 Hinc
1955 3310 2108 3371 liquet
2128 3310 2272 3359 unius

208 3378 382 3428 P⁰rtam
404 3376 669 3425 Collinam.
703 3376 834 3425 Rur.
1260 3372 1652 3422 intercessionem
1695 3378 1864 3421 contra
1895 3372 2128 3422 maiorem
2162 3390 2269 3436 par-
2359 3399 2366 3413 ·

266 3446 291 3495 5
324 3439 375 3487 Ο.
421 3442 613 3501 Iulius]
672 3440 843 3488 Patres
894 3437 1051 3500 primo
1105 3438 1201 3499 Ap.
1264 3442 1365 3485 tem
1408 3437 1709 3485 tribunorum
1753 3438 1845 3486 hoc
1887 3443 2106 3501 tempore
2146 3438 2270 3487 nihil

210 3496 457 3553 Claudium
496 3504 744 3553 consulem
784 3507 1080 3560 creaverant,
1116 3502 1201 3549 sed
1264 3501 1485 3551 valuisse.
1519 3501 1570 3550 N
1572 3499 1724 3549 iebhr.
1744 3500 1776 3549 i.
1799 3517 1847 3564 p.
1869 3499 1979 3567 609.

210 3574 347 3619 quum
384 3569 629 3618 centuriae
668 3567 811 3616 illum
853 3568 978 3615 ferre
1014 3580 1200 3614 recusa·
1326 3582 1360 3631 9
1392 3567 1544 3615 Fabio
1585 3567 1642 3614 in
1676 3567 1893 3629 Aequos]
1925 3567 2004 3627 „In
2047 3566 2273 3616 omnibus

214 3636 325 3687 rent,
342 3632 399 3682 Ο.
434 3634 591 3682 Iulius
622 3633 811 3694 collega
831 3631 898 3686 Q.
932 3628 1087 3678 Fabio
1118 3630 1201 3677 da·-
1266 3631 1375 3679 edd.
1398 3636 1514 3678 ante
1537 3629 1786 3692 Sigonium
1808 3630 2056 3691 legebatur
2070 3648 2085 3679 :
2116 3633 2274 3681 Furio

214 3692 283 3737 tus
302 3700 383 3743 est.
432 3698 581 3746 Dion.
604 3695 702 3745 viii.
724 3711 802 3760 90.
852 3694 1057 3743 Niebhr.
1080 3692 1128 3741 ii.
1154 3708 1202 3755 p.
1266 3696 1322 3742 in
1352 3696 1562 3757 Aequos,
1585 3696 1641 3743 in
1679 3695 1890 3744 Veientes
1919 3696 2074 3744 Fabio
2109 3698 2276 3755 datur,

222 3754 313 3815 ¹85·
357 3758 452 3809 Sed
472 3763 636 3810 Iulius
656 3775 720 3809 ex
742 3759 1019 3808 coniectura
1040 3758 1201 3819 Sigon.
1266 3774 1393 3819 quae
1412 3757 1610 3820 quidem
1632 3757 1776 3806 lectio
1799 3758 1960 3807 efficta
1977 3758 2124 3808 fixisse
2146 3759 2275 3809 vide-

220 3824 435 3884 provenit,
466 3825 657 3875 codices
684 3826 873 3873 Tullius
905 3838 1021 3885 prae
1053 3838 1104 3871 se
1136 3822 1203 3869 fe-
1268 3827 1363 3880 tm,
1382 3838 1481 3885 quo
1505 3821 1672 3871 Livius
1701 3838 1812 3871 cum
1837 3822 1984 3873 Dion.
2005 3823 2072 3873 ix.
2097 3839 2141 3872 α.
2164 3839 2277 3872 con-

218 3888 331 3933 ΝΜ.
1269 3886 1508 3937 cilaretur.
1573 3887 1670 3935 Sed
1697 3903 1846 3950 quum
1877 3888 1999 3936 haec
2027 3888 2172 3936 lectio
2195 3887 2276 3935 Li-

273 3944 303 3994 6
332 3952 575 4013 Ortonam,
586 3954 815 4004 Latinam
830 3952 1021 4011 urbem]
1057 3948 1204 3999 Ultra
1268 3950 1400 3999 vium
1438 3952 1487 3999 in
1531 3966 1662 4013 seqq.
1701 3950 1791 3999 sibi
1827 3966 2094 4014 repugnare
2136 3950 2276 4009 facit,

224 4006 450 4077 Algidum,
476 4034 573 4067 non
611 4019 754 4079 longe
788 4032 821 4065 a
852 4015 1111 4073 Corbione,
1142 4014 1205 4062 de
1267 4014 1417 4063 satius
1458 4031 1561 4064 esse
1598 4015 1805 4074 videtur,
1839 4014 2100 4063 lectionem
2143 4015 2275 4088 Sigo-

224 4084 308 4129 qua
323 4080 391 4136 ,cf-
422 4082 488 4133 iii.
511 4096 587 4145 30.
620 4097 735 4130 nam
769 4083 955 4129 Ortona
987 4076 1206 4142 (Ὄρϊων,
1269 4078 1463 4128 nianam
1472 4080 1666 4139 servari,
1675 4096 1737 4129 ne
1745 4078 2277 4141 supinaenegligentiae

224 4134 362 4190 Strab.
386 4160 427 4195 v.
449 4163 496 4210 p.
524 4144 655 4210 167.)
676 4144 824 4194 etiam
852 4144 1205 4191 Frentanorum
1270 4150 1433 4193 noster
1471 4150 1712 4207 arguatur.
1748 4144 1914 4193 Dosa.
1979 4141 2279 4190 Niebuhr-ius

228 4212 332 4314 (ἐξὲξ
347 4214 395 4257 et
410 4212 581 4262 navale
608 4210 671 4259 ad
694 4224 827 4258 mare
852 4207 1205 4257 Hadriaticum.
1270 4208 1776 4323 wionffibgtionfltii'
1791 4206 2176 4317 qugmhffffi
2199 4204 2276 4314 vi}-

332 4305 345 4317 .
1278 4286 1349 4334 17.
1392 4288 1421 4321 e
1591 4306 1610 4331 ‚
1652 4288 1716 4333 po
1739 4286 1836 4321 iore
2171 4302 2184 4315 .
2263 4300 2280 4315 .

289 4344 311 4391 7
330 4335 407 4397 Sp.
418 4342 635 4389 Licinius
658 4341 883 4389 tribunus
899 4336 997 4400 ph]
1018 4334 1209 4399 Σπόριος
1272 4337 1380 4395 428.
