3000 4784
136 2191 177 2238 3
200 2098 529 2225 trisciundis

876 212 1066 279 LIB.
1114 213 1231 279 VI.
1301 212 1524 279 CAP.
1575 219 1676 279 38.
2197 224 2326 286 389

194 359 223 389 6
248 375 429 430 esse,
460 352 635 439 quod
664 352 936 418 comitiis
972 374 1089 438 per
1124 351 1391 439 gratiam
1420 364 1735 438 nequeat:
1783 364 1850 417 et
1877 350 2316 441 seponendum
2341 376 2407 430 U.
2431 380 2491 427 c.
2515 379 2626 441 386.

195 446 224 476 ‘
248 452 453 505 extra
500 451 821 503 certamen
868 437 1137 503 alterum
1183 438 1601 515 consulatum,
1647 438 1730 502 ad
1777 462 1968 525 quem
2017 442 2188 529 plebi
2233 444 2318 510 sit
2335 442 2393 489 A.
2428 442 2489 493 C·
2513 442 2622 504 366-

194 532 223 562 6
244 525 511 601 aditus3
558 524 859 625 quoniam
904 525 973 588 in
1012 525 1354 613 certamine
1385 523 1642 589 relictus
1723 526 2030 591 raemium
2065 550 2318 616 semper

194 618 223 649 ‘
252 612 647 711 potentioris
662 612 911 675 ἥψω-ηε
938 610 1035 675 sit.
1130 609 1271 675 Nec
1300 611 1427 675 iam
1533 634 1631 675 sse
1663 548 1790 675 <ilci
1819 612 1907 689 id,
1933 614 2108 700 quod
2128 628 2317 686 antea

194 706 223 734 ‘
248 710 501 762 iactare
544 696 711 761 soliti
758 697 906 773 sint,
954 711 1087 761 non
1127 719 1261 761 esse
1300 696 1369 761 in
1408 720 1451 783 p
1476 696 1673 763 ebeiis
1719 698 1982 765 idoneos
2020 700 2186 765 viros
2230 703 2314 767 ad

194 791 223 821 6
242 783 513 849 curules
530 784 943 869 magistram.
1034 781 1375 869 Numquid
1392 782 1566 847 enim
1587 783 1909 849 socordius
1931 798 2042 850 aut
2057 788 2312 873 segnius

193 877 222 907 ‘
240 869 713 957 rempublicam
736 867 1159 933 administrari
1174 881 1319 954 post
1340 867 1412 932 P.
1438 868 1675 933 Licinii
1695 869 1878 934 Calvi
1899 871 2309 951 tribunatum,

196 963 223 994 ‘
244 956 375 1042 qui
402 957 641 1043 primus
670 978 751 1019 ex
781 954 967 1041 plebe
998 968 1245 1019 creatus
1273 955 1375 1031 sit,
1406 976 1600 1040 quam
1629 978 1745 1045 per
1771 979 1880 1021 eos
1907 980 2108 1023 annos
2133 974 2312 1046 gesta

194 1050 223 1079 ‘
256 1043 373 1119 sit,
396 1042 626 1129 quibus
654 1054 905 1128 praeter
932 1040 1227 1141 patricios
1250 1063 1441 1105 nemo
1470 1041 1763 1107 tribunus
1792 1042 2066 1107 militum
2082 1045 2308 1111 fuerit?

193 1136 222 1166 ‘
252 1128 452 1203 Quin<
483 1140 703 1193 contra
744 1127 1039 1215 patricios
1066 1126 1309 1213 aliquot
1351 1126 1682 1199 damnatos
1723 1141 1866 1214 post
1893 1130 2305 1209 tribunatum,

192 1222 223 1252 ‘
240 1215 585 1279 neminem
623 1213 963 1300 plebeium.
1060 1211 1445 1288 Quaestores
1490 1236 1768 1300 quoque,
1815 1215 1980 1279 sicut
2023 1216 2310 1282 tribunos

194 1308 225 1337 ‘
244 1299 556 1376 militum,
585 1300 814 1387 paucis
846 1311 995 1365 ante
1038 1300 1223 1365 annis
1264 1322 1348 1365 ex
1386 1298 1574 1385 plebe
1609 1312 1866 1385 coeptos
1907 1302 2140 1365 creari:
2187 1326 2308 1367 nec

195 1393 224 1423 ‘
250 1386 453 1451 ullius
470 1408 689 1451 eorum
789 1385 1013 1471 pulum
1028 1385 1393 1449 Romanum
1411 1385 1816 1472 poenituisse.
1887 1385 2308 1453 Consulatum

196 1481 226 1509 6
246 1494 583 1559 superesse
612 1408 910 1557 pleffiiis:
960 1494 1102 1537 eam
1132 1494 1265 1535 esse
1298 1494 1507 1535 arcem
1537 1471 1862 1548 libertatiS‚
1892 1472 1960 1535 id
1991 1470 2304 1539 columen.

197 1566 226 1596 6
250 1558 333 1623 Si
362 1580 441 1623 eo
468 1572 843 1645 perventum
870 1558 971 1634 sit,
994 1572 1130 1621 tum
1152 1580 1237 1643 po
1282 1556 1461 1621 ulum
1494 1557 1860 1622 Romanum
1876 1582 2022 1623 vere
2053 1572 2310 1625 exactos

200 1653 229 1683 ‘
250 1668 347 1709 ex
374 1645 531 1709 urbe
559 1666 757 1730 regoe,
789 1658 855 1709 et
882 1643 1171 1709 stabilem
1200 1643 1245 1706 li
1290 1656 1556 1707 ertatem
1574 1666 1752 1709 suam
1781 1644 2304 1711 existimaturum.

198 1738 227 1768 ‘
257 1730 526 1830 Quippe
585 1752 669 1795 ex
716 1730 826 1795 illa
881 1729 987 1795 die
1036 1729 1102 1793 in
1164 1728 1414 1816 plebem
1466 1742 1736 1795 ventura
1791 1731 2022 1808 omnia,
2077 1732 2310 1817 quibus
2355 1798 2370 1813 ,

200 1826 229 1855 6
251 1816 509 1903 patricii
538 1816 873 1893 excellant,
904 1815 1239 1903 imperium
1271 1828 1461 1901 atque
1490 1815 1818 1893 honorem,
1841 1817 2107 1903 gloriam
2137 1818 2307 1895 belli,

200 1912 229 1941 6
250 1925 482 1989 genus,
534 1902 951 1979 nobilitatem,
996 1924 1227 1989 magna
1276 1901 1425 1989 ipsis
1473 1902 1762 1979 fruenda,
1807 1904 2048 1969 maiora
2095 1904 2310 1969 liberis

204 1998 233 2027 ‘
250 1988 715 2076 relinquenda!
802 1986 1017 2055 Huius
1044 1988 1295 2074 generis
1325 1989 1640 2053 orationes
1681 1990 1790 2053 ubi
1821 1990 2020 2089 accipi
2050 1989 2304 2067 videre3

256 2096 447 2139 ovam
502 2097 535 2138 r
656 2074 895 2139 tionem
952 2074 1373 2160 promulgant,
1425 2085 1499 2137 ut
1556 2096 1672 2159 pro
1718 2074 2070 2139 duumviris
2119 2077 2308 2141 sacris

533 2096 899 2226 fficemviri
928 2174 1255 2235 creentur3
1304 2158 1393 2223 ita
1420 2172 1495 2222 ut
1522 2180 1666 2244 pars
1703 2182 1784 2223 ex
1813 2160 2020 2245 plebe,
2051 2183 2196 2246 pars
2223 2184 2306 2225 ex

206 2247 513 2311 Patribus
557 2247 703 2311 fiat:
752 2245 1167 2330 omniumque
1212 2266 1431 2308 earum
1480 2244 1882 2330 rogationum
1929 2246 2188 2311 comitia
2237 2247 2305 2309 in

204 2332 561 2397 adventum
590 2334 727 2397 eius
754 2331 1071 2397 exercitus
1100 2330 1421 2406 differunt,
1455 2329 1570 2415 qui
1600 2328 1876 2395 Velitras
1904 2329 2250 2396 obsidebat.

302 2419 491 2483 Prius
507 2418 926 2484 circumactus
948 2429 1045 2481 est
1064 2439 1287 2492 annus,
1310 2437 1503 2514 quam
1523 2414 1834 2481 aVelitris
1853 2416 2328 2481 reducerentur
2429 2438 2532 2497 38,

204 2504 513 2605 legiones.
607 2503 707 2569 Ita
748 2524 1055 2590 suspensa
1096 2502 1177 2567 de
1223 2501 1469 2601 legibus
1512 2522 1614 2565 res
1653 2501 1736 2565 ad
1779 2524 1974 2565 novos
2021 2502 2308 2567 tribunos

206 2590 491 2655 militum
528 2590 757 2655 dilata:
804 2612 953 2655 nam
998 2588 1202 2675 plebis
1232 2587 1520 2652 trlbunos
1562 2586 1820 2652 eosdem
1857 2586 2017 2653 duos
2061 2588 2306 2674 utique,

208 2677 369 2763 quia
384 2675 443 2740 le
530 2699 597 2740 m
613 2676 843 2742 latores
860 2686 1061 2751 erant,
1078 2674 1296 2761 plebes
1314 2671 1653 2739 reficiebat.
1738 2672 2012 2737 Tribuni
2034 2672 2307 2738 militum
2327 2690 2395 2740 U.
2418 2691 2479 2741 c.
2504 2694 2565 2753 38
2573 2708 2612 2753 5-

206 2762 412 2827 creati
442 2700 529 2826 ἓ.
546 2762 908 2837 Quinctius
937 2760 1069 2825 Ser.
1102 2759 1459 2835 Corneliae,
1496 2758 1628 2825 Ser.
1653 2757 1991 2845 Sulpiciae,
2029 2758 2135 2847 Sp.
2161 2760 2308 2825 Ser·
2325 2756 2385 2803 A.
2418 2757 2478 2804 0·
2503 2756 2613 2829 ,3⁶5-

209 2848 421 2924 vilius,
452 2848 527 2912 L.
554 2848 865 2933 PapiriuS,
898 2847 975 2911 L.
995 2845 1319 2910 Veturius.
1411 2844 1736 2931 Principio
1779 2846 1990 2910 statim
2029 2848 2182 2910 anni
2224 2846 2307 2911 ad
2324 2816 2620 2933 gioossffisrr

210 2933 505 2997 ultimam
532 2933 1006 2999 dimicationem
1034 2932 1116 2996 de
1146 2931 1393 3017 legibus
1420 2943 1718 2997 ventum:
1765 2944 1854 3008 et,
1885 2954 2084 3018 quum
2107 2934 2307 2998 tribus
2325 2917 2439 2995 Mili
2618 2920 2633 2936 ’

210 3033 608 3096 vocarentur,
654 3042 775 3084 nec
818 3016 1185 3083 intercessio
1228 3017 1614 3104 collegarum
1664 3017 1968 3083 latoribus
2011 3019 2302 3097 obstaret,

212 3105 451 3191 trepidi
492 3105 713 3170 Patres
752 3105 836 3169 ad
880 3104 1010 3168 duo
1050 3103 1274 3167 ultima
1316 3103 1573 3180 auxilia,
1603 3126 1921 3169 summum
1967 3104 2306 3189 imperium

208 3213 531 3255 summum
581 3214 661 3255 ue
684 3191 765 3255 ad
794 3191 1017 3266 civem,
1041 3190 1405 3254 decurrunt.
1496 3189 1894 3253 Dictatorem
1917 3190 2044 3253 dici
2065 3189 2300 3274 placet:
2325 3207 2554 3257 Dictator

214 3277 452 3341 dicitur
588 3324 603 3341 .
632 3276 859 3341 Furius
916 3274 1245 3350 CamilluS,
1290 3275 1404 3360 qui
1462 3274 1832 3359 magistrum
1879 3274 2172 3359 equitum
2224 3274 2304 3339 L.
2324 3278 2514 3345 creatur
2530 3274 2624 3324 Ca-

218 3362 566 3427 Aemilium
588 3374 861 3449 cooptat.
933 3361 1185 3447 Legum
1204 3382 1461 3445 quoque
1483 3357 1714 3421 latores
1735 3357 2033 3422 adversus
2060 3373 2304 3423 tantum
2322 3335 2490 3385 ¹¹¹¹¹¹¹¹⁸
2513 3338 2612 3388 IV.

212 3461 583 3547 apparatum
612 3447 1111 3511 adversariorum
1154 3458 1220 3508 et
1250 3444 1369 3592 ipsi
1412 3465 1666 3507 causam
1694 3443 1897 3529 plebis
1940 3444 2008 3506 in
2053 3445 2304 3509 entibus

212 3534 440 3599 animis
468 3548 749 3599 armant:
796 3532 1193 3617 concilioque
1224 3553 1269 3617 p
1293 3530 1425 3594 ebis
1455 3528 1718 3605 indict0,
1741 3529 1942 3593 tribus
1972 3552 2010 3593 a
2083 3532 2304 3595 suffra-

210 3620 389 3707 gium
406 3632 648 3685 vocant.
747 3617 969 3694 Quum
997 3616 1286 3692 dictator,
1306 3614 1572 3765 stCilpa-tus
1595 3614 1846 3701 agmine
1875 3616 2300 3701 patriciorum,

212 3705 439 3793 plenus
488 3707 617 3770 irae
668 3706 1111 3790 minarumque
1164 3724 1353 3767 conse
1402 3702 1570 3779 isset,
1622 3714 1814 3787 atque
1863 3716 2154 3802 ageretur
2203 3727 2302 3769 res

212 3792 397 3857 solito
413 3794 691 3878 primum
711 3790 1057 3856 certamine
1076 3790 1245 3854 inter
1264 3810 1331 3853 se
1353 3788 1751 3853 tribunorum
1768 3788 1938 3875 pleb1
1961 3789 2300 3857 ferentium

282 4040 309 4073 α
343 4027 525 4073 Paucis
558 4032 675 4075 ante
710 4027 883 4084 annu]
932 4024 1074 4072 Totis
1106 4038 1222 4085 qua-
1288 4024 1375 4071 lini
1393 4024 1758 4081 mandarentur,
1771 4036 1909 4083 quos,
1921 4028 2094 4085 utpote
2109 4022 2300 4068 Graeca

212 4088 447 4162 draginta,
480 4104 611 4151 supr.
632 4088 697 4137 iv.
722 4100 799 4150 54.
868 4088 976 4136 Nisi
999 4088 1123 4135 forte
1152 4087 1222 4135 in·-
1288 4086 1488 4149 origine,
1525 4086 1730 4147 plebeiis
1763 4084 2108 4133 communicari
2139 4084 2299 4130 minus

214 4154 528 4214 telhgendum
572 4158 663 4211 est,
708 4152 877 4214 paucis
918 4157 1033 4199 ante
1082 4150 1225 4198 annis
1286 4150 1564 4211 religiosum
1607 4156 1725 4199 erat.
1808 4148 1922 4195 Hac
1971 4153 2136 4194 tamen
2191 4147 2298 4208 lege

212 4230 358 4278 quam
380 4216 559 4264 tribuni
583 4218 862 4264 consulares
884 4230 945 4263 ex
970 4216 1115 4277 plebe
1136 4214 1219 4261 fie-
1286 4214 1426 4275 plebs
1451 4214 1499 4260 in
1535 4219 1724 4275 partem
1747 4210 2044 4273 reipublicae
2065 4210 2296 4269 quodam-

214 4285 333 4329 nent.
366 4280 525 4329 Cussv.
752 4292 755 4297 ·
1286 4277 1434 4324 modo
1460 4282 1724 4324 vocataest

282 4358 313 4405 3
339 4342 639 4406 Decemviri]
687 4342 883 4401 Quibus
920 4341 1029 4390 libri
1064 4340 1219 4402 Sibyl·
1297 4396 1313 4419 κ
