3000 4784
597 647 984 732 EPITO
1017 647 1203 731 ME
1289 649 1665 732 LIBRI
1757 651 1877 734 II.

205 1149 324 1211 BR
333 1150 402 1214 U
405 1151 548 1215 TU
545 1152 602 1214 S
653 1154 1042 1215 iureiurando
1089 1153 1387 1236 populum
1446 1156 1749 1227 astrinxit,
1804 1155 2091 1214 neminem
2142 1175 2278 1235 rey-

205 1257 338 1298 nare
387 1239 620 1300 Romae
662 1261 1000 1323 passuros.-
1077 1239 1483 1322 Tarquinium
1552 1239 1937 1314 Collatinum,
1996 1239 2279 1340 colleqam

205 1343 384 1398 suum,
421 1335 676 1408 propter
721 1327 1078 1410 affinitatem
1140 1326 1617 1427 Tarquiniorum
1675 1335 2030 1408 suspectum,
2094 1327 2282 1408 coegit

204 1411 500 1473 consulatu
545 1434 608 1472 se
645 1413 942 1488 abdicare,
986 1423 1044 1474 et
1082 1414 1320 1473 civitate
1366 1413 1605 1474 cedere.-
1648 1412 1801 1474 bona
1847 1433 2053 1494 requm
2092 1413 2283 1494 diripi

204 1497 399 1560 iussit.-
446 1521 669 1582 aqrum
708 1500 916 1561 Marti
957 1501 1340 1573 consecravit,
1384 1502 1491 1601 qui
1542 1498 1809 1583 Campus
1852 1499 2131 1560 Martius
2172 1520 2279 1560 no—

205 1585 452 1646 minatus
497 1595 602 1647 est.
681 1586 1094 1648 Adolescentes
1139 1585 1374 1661 nobiles,
1419 1588 1482 1648 in
1524 1586 1739 1670 quibus
1776 1607 1913 1647 suos
1955 1607 2187 1670 quoque
2222 1593 2283 1646 et

203 1673 408 1731 sororis
427 1673 628 1751 filios,
673 1675 820 1757 quia
867 1676 1332 1735 coniuraverant
1373 1673 1446 1734 de
1489 1673 1841 1756 recipiendis
1887 1673 2140 1756 reqibus,
2188 1693 2281 1732 se-

205 1759 326 1816 curi
359 1761 697 1840 percussit.
746 1781 914 1822 servo
960 1760 1163 1834 indici,
1208 1761 1309 1821 cui
1363 1760 1633 1822 Vindicio
1680 1781 1887 1822 nomen
1908 1760 2066 1842 fhit,
2106 1759 2281 1820 liber-

205 1850 368 1904 tatem
397 1845 600 1908 dedit.-
649 1868 720 1906 ex
759 1849 930 1907 cuius
969 1847 1200 1908 nomine
1233 1847 1500 1908 vindicta
1529 1857 1617 1908 est
1642 1847 1967 1930 appellata.
2073 1846 2277 1923 Quum

205 1929 474 1992 adversus
517 1955 703 2016 reyes,
749 1935 872 2016 qui,
915 1936 1236 1994 contractis
1281 1933 1609 1995 Veientium
1638 1943 1698 1994 et
1747 1934 2278 2016 Tarquiniensium

207 2019 392 2098 copiis,
444 2019 662 2080 bellum
719 2020 1068 2094 intulerant,
1129 2021 1444 2080 exercitum
1502 2021 1781 2094 duxisset,
1842 2022 1906 2081 in
1964 2023 2093 2080 acie
2143 2040 2279 2080 cum

207 2101 444 2179 Arunte,
482 2106 637 2185 filio
694 2105 971 2189 Superbi,
1026 2114 1424 2167 commortuus
1473 2115 1603 2168 est.-
1664 2127 1911 2189 eumque
1969 2115 2280 2168 matronae

207 2209 416 2251 annum
447 2192 745 2254 luxerunt.
835 2193 914 2254 P.
964 2192 1240 2254 Valerius
1282 2192 1491 2254 consul
1531 2193 1710 2276 leqem
1749 2193 1821 2254 de
1858 2195 2282 2276 provocatione

208 2275 285 2335 ad
324 2279 620 2360 populum
669 2279 822 2340 tulit.
943 2271 1306 2363 Capitolium
1364 2279 1703 2344 dedicatum
1751 2288 1853 2341 est.
1943 2280 2278 2354 Porsenna,

209 2381 300 2421 rex
363 2363 767 2440 Clusinorum,
827 2365 972 2427 bello
1019 2388 1141 2449 pro
1213 2366 1569 2449 Tarquiniis
1626 2375 1911 2468 suscepto,
1960 2388 2147 2450 quum
2198 2366 2286 2428 ad

211 2446 538 2512 Ianiculum
601 2455 865 2527 venisset,
928 2474 1000 2514 ne
1065 2453 1330 2513 Tiberim
1390 2455 1695 2526 transiret,
1754 2455 2016 2513 virtute
2035 2453 2279 2516 Coclitis

209 2532 448 2598 Horatii
479 2539 825 2621 prohibitus
869 2547 994 2612 est,·
1042 2541 1165 2622 qui,
1207 2538 1353 2600 dum
1397 2539 1511 2600 alii
1537 2547 1781 2621 pontem
1828 2538 2139 2600 sublicium
2168 2561 2281 2604 re—

207 2623 486 2699 scindunt,
523 2625 687 2688 solus
713 2625 1012 2686 Etruscos
1050 2627 1369 2698 sustinuit,
1359 2648 1374 2663 ·
1421 2633 1495 2700 et,
1535 2634 1719 2726 ponte
1765 2634 1962 2708 rupt0,
2004 2635 2282 2688 armatus

209 2728 262 2766 se
306 2713 366 2771 in
392 2710 641 2793 flumen
687 2713 866 2786 misit,
920 2721 979 2772 et
1021 2711 1108 2772 ad
1149 2733 1286 2772 suos
1337 2713 1623 2776 tranavit.
1713 2711 1993 2773 Alterum
2036 2714 2286 2774 accessit

211 2795 430 2858 virtutis
475 2797 806 2880 exemplum
849 2821 890 2858 a
935 2797 1185 2859 Mucio:
1234 2799 1358 2881 qui,
1400 2819 1585 2881 quum
1632 2797 1719 2858 ad
1740 2799 2093 2880 feriendum
2121 2798 2281 2860 Por-

209 2901 436 2945 sennam
479 2893 688 2946 castra
732 2885 986 2950 hostium
1027 2887 1324 2958 intrasset,
1373 2887 1562 2946 occiso
1606 2885 1821 2960 scriba,
1866 2906 2036 2969 quem
2086 2907 2279 2986 reqem

211 2988 319 3028 esse
349 2972 630 3051 putabat,
678 2972 1144 3054 comprehensus,
1187 2973 1526 3072 impositam
1565 2971 1863 3033 altaribus
1906 2993 2172 3047 manum,
2215 2974 2279 3034 in

212 3055 408 3134 quibus
451 3059 867 3138 sacrificatum
925 3067 1074 3132 erat,
1123 3060 1296 3120 exuri
1340 3080 1567 3141 passus
1624 3067 1750 3133 est,·
1810 3059 2074 3142 dix-itque
2132 3059 2281 3121 tales

212 3147 478 3205 trecentos
527 3167 648 3206 esse
705 3146 1044 3206 coniuratos
1094 3147 1158 3206 in
1210 3154 1453 3206 mortem
1496 3146 1688 3227 ipsius
1735 3147 1907 3227 reqis.
2005 3144 2280 3222 Quorum

213 3227 592 3292 admiratione
630 3241 868 3293 coactus
896 3230 1211 3294 Porsenna
1239 3233 1419 3314 pacis
1452 3231 1809 3292 conditiones
1826 3232 2021 3312 ferre,
2068 3232 2281 3293 bellum

213 3316 410 3390 omisit,
457 3320 716 3400 acceptis
761 3317 1087 3380 obsidibus.
1079 3341 1094 3356 ·
1140 3339 1210 3378 es:
1253 3318 1467 3401 quibus
1510 3319 1679 3400 virqo
1723 3337 1848 3378 una
1889 3315 2131 3394 Cloelia,
2181 3319 2283 3379 de-

215 3403 380 3482 ceptis
429 3405 785 3478 custodibus,
826 3425 941 3487 per
997 3403 1260 3466 Tiberim
1308 3404 1396 3466 ad
1435 3425 1574 3464 suos
1620 3406 1925 3466 tranavit.-
1974 3414 2049 3479 et,
2098 3426 2283 3487 quum

217 3487 434 3550 reddita
472 3500 638 3566 esset,
677 3513 718 3552 a
746 3490 1062 3552 Porsenna
1097 3491 1418 3571 honorifice
1462 3492 1731 3564 remi-ssa,
1778 3493 2035 3573 equestri
2078 3500 2284 3553 statua

215 3571 424 3637 donata
474 3586 577 3638 est.
667 3576 790 3661 Ap.
835 3577 1130 3646 Claudius
1179 3599 1250 3638 ex
1305 3576 1551 3639 Sabinis
1598 3576 1857 3638 Romam
1908 3578 2281 3661 transfuyit:

219 3658 280 3718 ob
295 3661 424 3724 hoc
462 3662 728 3726 Claudia
771 3664 962 3728 tribus
1010 3664 1245 3725 adiecta
1290 3673 1392 3726 est.
1483 3660 1793 3724 Numerus
1844 3664 2106 3725 tribuum
2153 3687 2285 3726 am-

209 3745 427 3825 pliatus
482 3759 587 3825 est,
637 3758 708 3812 ut
760 3760 948 3813 essent
1001 3752 1217 3834 viqinti
1271 3772 1412 3814 una.
1504 3749 1815 3812 Adversus
1879 3750 2286 3834 Tarquinium

227 3829 566 3916 Superbum,
621 3859 756 3902 cum
797 3836 1164 3899 Latinorum
1215 3839 1470 3898 exercitu
1524 3837 1738 3899 bellum
1788 3836 2153 3918 inferentem,
2199 3837 2281 3898 A.

220 3916 550 3985 Postumius
606 3923 866 3985 dictator
909 3945 1197 4007 prospere
1242 3924 1551 4007 puynavit
1604 3923 1775 4008 apud
1829 3924 2027 3985 laeum
2078 3923 2288 4006 Reyil-

223 4003 350 4068 lum.
436 4009 634 4086 Plebs,
665 4031 850 4094 quum
879 4020 1133 4094 propter
1172 4032 1346 4072 nexos
1385 4011 1483 4072 ob
1493 4034 1595 4073 aes
1633 4011 1895 4074 alienum
1924 4013 1989 4072 in
2024 4009 2287 4072 Sacrum

225 4103 455 4158 montem
519 4100 856 4172 secessisset,
917 4098 1158 4160 consilio
1214 4097 1488 4160 Menenii
1542 4097 1857 4181 Aqrippae
1914 4119 1955 4158 a
2012 4096 2291 4157 seditione

225 4193 480 4245 revocata
551 4193 653 4247 est.
773 4143 943 4247 Idem
1002 4184 1308 4269 Aqrippa,
1370 4206 1557 4268 quum
1627 4185 1975 4257 decessisset,
2038 4190 2293 4265 propter

219 4279 618 4350 Paupertatem
667 4272 910 4354 publico
967 4273 1260 4355 impendio
1319 4271 1512 4333 elatus
1572 4279 1672 4332 est.
1779 4269 2041 4331 Tribuni
2094 4267 2289 4348 plebis

228 4353 466 4438 quinque
515 4361 705 4420 creati
751 4368 906 4420 sunt.
1012 4359 1318 4442 Oppidum
1379 4358 1723 4419 Volscorum
1777 4353 2003 4418 Corioli
2047 4363 2292 4438 captum
