3000 4784
798 220 987 287 LIB.
1047 219 1098 286 Ι.
1168 219 1386 288 ΟΑΡ.
1451 225 1546 287 13.
2134 226 2207 288 17

144 351 384 420 1Mettm
427 354 708 435 Curtium
748 359 826 424 ab
865 357 1172 423 Romanis
1212 355 1453 420 Hostus
1485 354 1810 420 Hostilius·
1904 351 2032 418 Hic
2078 377 2212 419 rem

177 439 482 506 Romanam
511 443 604 507 ini
651 467 738 508 uo
765 445 904 510 loco
933 443 1016 509 ad
1043 444 1247 532 prima
1275 443 1454 530 signa
1479 443 1692 506 animo
1720 455 1911 528 atque
1950 440 2215 505 audacia

171 527 486 594 mstinebat.
579 468 680 594 Ιῗῐ
709 530 950 596 Hostus
978 529 1228 606 cecidit,
1260 529 1591 593 confestim
1631 528 1922 593 Romana
1948 527 2213 591 inclina-

173 628 255 676 tur
269 615 414 679 acies
422 640 440 692 ;
483 617 752 704 fiisaque
775 633 872 682 est
891 616 974 682 ad
995 629 1272 681 veterem
1293 629 1540 702 portam
1562 614 1805 679 Palatii.
1876 613 2208 690 Romulus,

170 715 223 762 et
259 700 375 788 ipse
419 705 606 768 turba
657 704 1036 792 fugientium
1079 715 1274 778 actuS,
1321 725 1494 766 arma
1544 701 1627 765 ad
1670 700 1917 766 coelum
1964 699 2211 776 tollenS,

171 784 428 936 (iugiter,
457 791 624 867 tuis,’
655 790 884 878 inquit,
933 791 1174 854 ‘iussus
1221 788 1438 853 avibus
1480 788 1586 853 hic
1628 789 1697 851 in
1726 787 1971 851 Palatio
2057 787 2217 850 rima

167 879 184 906 ‘
290 873 743 941 ifundamenta
769 876 907 942 ieci.
986 877 1220 940 Arcem
1245 875 1390 950 iam,
1413 874 1651 938 scelere
1670 897 1769 938 em
1818 886 1966 949 tam,
2042 873 2215 938 abini

165 957 434 1025 ‘habentz
481 963 638 1028 inde
685 963 810 1028 huc
853 962 1096 1039 armati,
1127 974 1418 1048 superata
1459 961 1671 1026 media
1706 959 1888 1037 vale,
1921 959 2209 1024 tendunt.

163 1045 268 1108 ‘At
292 1057 376 1124 tu,
405 1061 588 1135 pater
618 1050 815 1115 deum
842 1048 1319 1134 hominumque,
1352 1047 1503 1111 hinc
1539 1047 1759 1111 saltem
1788 1069 1929 1110 arce
1960 1045 2210 1110 hostes:

161 1129 349 1197 ‘deme
396 1147 710 1201 terrorem
755 1135 1079 1212 Romanis,
1125 1134 1464 1220 fugamque
1524 1131 1776 1198 foedam
1826 1132 1991 1196 siste.
2085 1131 2214 1196 Hic

123 1240 142 1272 α
159 1223 287 1302 ‘ego
333 1220 444 1284 tibi
499 1223 816 1310 templum
873 1221 1104 1288 Statori
1157 1219 1313 1298 Iovi,
1367 1219 1541 1307 quod
1592 1230 2076 1283 monumentum
2136 1219 2217 1282 sit
2236 1246 2423 1308 Iupiter

159 1310 174 1338 ί

211 1413 309 1455 aec
347 1409 664 1479 precatus,
713 1395 909 1460 veluti
955 1417 1010 1458 si
1051 1393 1342 1457 sensisset
1383 1391 1630 1456 auditas
1672 1413 1907 1478 preceS,
1964 1399 1985 1428 ‘
2002 1389 2217 1467 Hinc‚'

154 1473 350 1596 inquit,
391 1486 411 1517 τ
430 1479 737 1559 Romani,
757 1480 1012 1596 ‘Iupiter
1051 1479 1326 1630 ‹iptimus
1361 1478 1677 1578 maximus
1710 1477 1993 1542 resistere
2025 1489 2215 1564 atque

153 1564 2217 1754 ιὲἓῗᾷἷέΐξῑῗᾙἯΡήωὲῗ-ἓωᾶἓἕυῖζῗὼξΐὲῗιὲἳῖε

157 1731 388 1802 Curtius
408 1743 493 1806 ab
529 1739 783 1806 Sabinis
804 1741 1096 1827 princeps
1125 1742 1208 1804 ab
1237 1761 1378 1804 arce
1409 1737 1870 1814 decucurrerat,
1894 1749 1961 1800 et
1990 1737 2218 1800 effusos

150 1836 338 1906 egerat
393 1825 746 1904 Romanos,
796 1841 928 1892 toto
963 1821 1298 1926 ‘quantum
1348 1824 1485 1888 foro
1536 1823 1809 1911 spatium
1866 1836 1979 1888 est.
2072 1821 2140 1886 N
2142 1845 2217 1887 ec

151 1909 346 1990 procul
370 1912 498 1976 iam
522 1937 562 1978 a
583 1926 770 2000 porta
789 1912 1019 1978 Palatii
1049 1926 1202 1987 erat,
1222 1910 1568 1987 elamitanS,
1603 1919 1623 1949 ‘
1639 1909 1927 1974 Vicimus
1942 1909 2219 1996 perfidos

150 1998 167 2025 ‘
183 1991 458 2082 hospites,
505 1999 802 2065 imbelles
851 1999 1078 2064 hostes·
1169 1997 1305 2062 Iam
1358 1997 1585 2074 sciunt,
1631 1996 1695 2060 lo
1867 1995 2041 2060 aliud
2082 2018 2217 2060 esse

154 2079 437 2181 ‘virgines
463 2109 712 2174 rapere,
743 2085 918 2150 aliud
959 2107 1242 2172 pugnare
1284 2106 1431 2147 cum
1464 2083 1653 2147 viris.'
1695 2019 1820 2146 Ἣ
1863 2103 2030 2159 eum,
2061 2081 2219 2146 haec

149 2163 519 2260 gloriantem,
561 2195 714 2237 cum
800 2171 944 2236 lobo
986 2170 1513 2236 ferocissimorum
1555 2169 1859 2233 iuvenum
1905 2167 2219 2233 Romulus

152 2271 229 2314 lm
303 2267 435 2321 tum
463 2259 636 2324 facit.
789 2281 832 2322 x
871 2281 1040 2345 equo
1079 2271 1217 2322 tum
1244 2257 1404 2321 forte
1445 2255 1693 2320 Mettus
1731 2257 2092 2342 pugnabat:
2140 2275 2218 2320 eo

151 2357 246 2488 ἕο
267 2339 280 2352 ’
311 2341 550 2411 fionius
581 2345 740 2410 fuit:
788 2343 1041 2432 pulsum
1084 2343 1361 2408 Romani
1399 2357 1881 2430 persequuntur.
1976 2339 2062 2406 Et
2096 2340 2219 2406 alia
2264 2382 2275 2396 -

245 2447 424 2494 mana
487 2431 677 2508 acies,
736 2430 1002 2496 audacia
1067 2429 1232 2516 regis
1299 2451 1581 2505 accensa,
1650 2427 1864 2492 fundit
1934 2426 2215 2492 Sabinos.

155 2506 384 2578 Mettus
426 2516 494 2582 in
541 2518 844 2606 paludem
891 2539 1046 2594 sese,
1097 2515 1366 2602 strepitu
1415 2514 1819 2600 sequentium
1866 2513 2219 2600 trepidante

155 2616 330 2680 eque,
371 2604 672 2670 coniecit:
727 2603 1055 2669 advertera
1125 2624 1205 2665 ue
1250 2623 1328 2665 ea
1367 2623 1468 2664 res
1510 2600 1703 2664 etiam
1751 2598 2017 2664 Sabinos
2061 2597 2223 2662 tanti

155 2683 418 2765 periculo
450 2691 586 2756 viri.
679 2689 767 2755 Et
807 2690 912 2755 ille
999 2689 1068 2752 ui
1111 2711 1234 2764 em,
1276 2686 1705 2751 annuentibus
1748 2709 1820 2750 ae
1853 2684 2223 2750 vocantibus

155 2768 292 2846 suis,
313 2771 508 2842 favore
541 2777 886 2842 multorum
992 2775 1127 2839 dito
1157 2774 1389 2851 auium,
1413 2772 1641 2837 evadit.
1736 2772 2011 2837 Romani
2045 2770 2224 2837 Sabi-

158 2853 336 2941 nique
389 2861 458 2926 in
501 2864 718 2928 media
765 2861 1046 2928 convalle
1105 2861 1378 2926 duorum
1425 2860 1739 2924 montium
1789 2859 2225 2946 redintegrant

157 2943 482 3024 proelium:
533 2950 648 3014 sed
692 2973 792 3014 res
832 2949 1124 3014 Romana
1168 2960 1303 3012 erat
1347 2947 1647 3034 superior.
1738 2945 1909 3011 Tum
1953 2945 2221 3010 Sabinae

283 1305 440 1384 ἴθι-ΞΒ,
487 1321 604 1372 tua
642 1308 958 1396 praesenti
989 1329 1120 1408 ‘ope
1165 1319 1472 1370 servatam
1516 1306 1737 1369 urbem
1782 1327 1935 1382 esse,
1979 1305 2217 1368 vove0.’
2234 1313 2410 1360 Stator·

2339 2965 2436 3026 13.

158 3029 446 3113 mulieres,
488 3059 759 3124 quarum
807 3058 888 3100 ex
929 3035 1160 3099 iniuria
1201 3033 1439 3098 bellum
1484 3047 1694 3098 ortum
1741 3045 1891 3109 erat,
1941 3033 2222 3097 crinibus
2238 3051 2496 3099 Matronae

157 3117 334 3197 Pafflis
379 3123 692 3210 scissaque
735 3135 929 3198 veste,
973 3121 1142 3185 victo
1184 3119 1364 3183 malis
1406 3119 1701 3184 muliebri
1741 3141 1990 3218 pavore,
2036 3141 2220 3183 ausae
2240 3115 2473 3189 pra-lium

157 3219 216 3262 Se
259 3203 420 3273 inter
461 3209 594 3274 tela
628 3208 906 3274 volantia
948 3207 1198 3283 inferre,
1235 3228 1318 3270 ex
1358 3220 1708 3269 transverso
1752 3219 1995 3292 impetu
2036 3205 2221 3282 facto,

159 3283 432 3360 dirimere
481 3295 739 3361 infestas
791 3295 973 3372 acies»,
1019 3293 1314 3357 dirimere
1366 3291 1522 3367 iras;
1585 3289 1735 3354 hinc
1792 3303 2019 3377 patreS,
2074 3291 2227 3358 hinc

157 3371 309 3440 viros
351 3397 619 3460 oranteS‚
682 3389 800 3445 ‘ne
848 3404 914 3446 se
962 3380 1266 3529 earffiuine
1315 3377 1592 3442 nefando
1635 3377 1833 3441 soceri
1878 3379 2223 3465 generique

163 3464 645 3556 ‘respergerentz
693 3490 776 3532 ne
824 3466 1052 3553 parrici
1097 3489 1158 3530 10
1205 3463 1592 3529 macularent
1640 3477 1857 3550 partus
1896 3487 2059 3541 suOS,
2114 3489 2226 3529 ne-

161 3551 401 3630 ‘potum
459 3555 572 3632 illi,
619 3555 890 3618 liberum
941 3552 1010 3616 hi
1061 3552 1446 3639 progeniem.
1560 3548 1625 3614 Si
1688 3550 2003 3614 affinitatis
2063 3551 2229 3615 inter

167 3637 314 3713 ‘vos‚
343 3640 394 3702 si
421 3641 724 3705 connubii
752 3639 948 3727 piget,
981 3639 1050 3702 in
1088 3660 1204 3702 nos
1231 3637 1455 3701 vertite
1495 3637 1651 3700 iras:
1698 3659 1815 3700 nos
1844 3659 2031 3702 causa
2056 3638 2225 3715 belli,

229 3853 247 3886 1
279 3845 484 3908 Menan]
530 3849 740 3898 Mettius
759 3847 869 3895 edd.
891 3851 1006 3894 aute
1030 3845 1152 3892 Dra-
1217 3843 1320 3892 dini
1339 3843 1505 3892 Roma
1518 3843 1633 3892 Ant.
1654 3843 1714 3892 vi.
1735 3857 1805 3904 ¹4·
1824 3849 1875 3890 et
1890 3841 2063 3904 Begeri
2080 3841 2229 3890 Thes.

167 3899 298 3955 kenb.
320 3915 367 3958 et
389 3912 598 3960 Bekker.
616 3913 698 3960 sed
717 3914 950 3960 Metma
969 3909 1153 3957 Wacb-
1221 3907 1404 3956 Brund.
1432 3913 1468 3956 t.
1502 3907 1551 3956 ii.
1588 3923 1635 3968 p.
1670 3905 1779 3968 663.
1815 3905 1919 3968 756.
1956 3907 2083 3954 Rur.
2150 3906 2227 3954 Cf.

165 3970 362 4040 suffuthio
377 3977 619 4037 probatur.
659 3977 886 4034 Mettius,
903 3975 1010 4026 cod.
1029 3974 1154 4021 Har-
1223 3971 1408 4020 Venuti
1454 3971 1652 4019 Antich.
1690 3971 1739 4018 di
1775 3971 1954 4027 Roma,
1992 3970 2023 4018 i.
2065 3986 2111 4031 p.
2155 3981 2228 4030 74.

171 4027 245 4080 l2²¹·
272 4047 308 4082 ¹-
1223 4037 1356 4084 Mira
1375 4041 1543 4084 tamen
1573 4036 1699 4083 inter
1718 4036 1887 4083 doctos
1906 4034 2136 4082 dissensio
2158 4039 2232 4080 est

229 4110 254 4143 2
281 4101 380 4150 Iovi
399 4107 580 4154 Statori
603 4105 856 4166 templum]
893 4101 1048 4163 Cujus
1063 4107 1161 4148 tres
1224 4100 1286 4146 de
1307 4100 1382 4148 his
1403 4099 1659 4158 columnis,
1675 4099 1858 4160 quippe
1876 4097 2161 4160 Burgheaio‚
2182 4101 2233 4142 et

169 4158 405 4230 “flumme
427 4169 574 4217 etiam
599 4184 728 4216 nunc
750 4175 1023 4229 supersunt,
1045 4180 1155 4212 con·
1222 4163 1488 4222 Bunsenio‚
1516 4179 1629 4211 cum
1662 4163 1837 4225 quibus
1868 4163 2031 4224 plures
2056 4159 2139 4208 alii
2164 4159 2231 4206 fa-

175 4219 256 4268 dlfi
285 4227 468 4280 demum
511 4232 577 4281 U.
611 4233 669 4281 C.
708 4233 817 4292 458.
854 4229 962 4279 infr.
997 4245 1044 4277 x.
1079 4240 1155 4290 37.
1222 4228 1374 4286 ciunt,
1403 4243 1484 4276 eas
1513 4229 1685 4276 aedem
1709 4227 1923 4276 Castoris
1942 4233 1991 4272 et
2016 4221 2234 4272 Pollucis

173 4281 296 4336 '¹⁸⁰⁶
343 4297 504 4354 procul
557 4312 590 4344 a
637 4295 758 4354 foro,
799 4295 850 4342 in
892 4309 926 4341 x
969 4293 1162 4356 regione
1225 4291 1505 4340 sustinuisse
1530 4293 1703 4352 placet.
1738 4291 1815 4339 Cf.
1832 4289 1963 4338 Bull.
1978 4286 2093 4334 dell.
2112 4285 2232 4334 Inst.

181 4345 326 4402 Urbim
361 4357 433 4408 cf.
458 4359 602 4410 ovid.
626 4359 758 4410 Ἐπὶ.
776 4359 838 4410 vi.
866 4370 972 4422 793.
1038 4356 1162 4406 Nar-
1226 4357 1376 4406 Arch.
1399 4356 1450 4405 di
1473 4357 1650 4405 Roma.
1676 4371 1762 4417 per
1782 4355 1947 4402 Panno
1974 4352 2109 4412 1835.

257 4433 390 4485 VOL.
423 4443 464 4486 1.
1856 4435 1893 4478 C

2238 3179 2484 3228 dn-Imunt.
