3000 4784
663 181 783 238 108

1436 173 1664 239 ΤΙΤΙ
1723 173 1994 238 LIVII

331 311 398 369 U·
420 312 481 362 0·
507 309 615 360 ²⁶0·
654 313 909 398 plebem
956 311 1123 374 mitti
1170 309 1554 374 Menenium
1601 310 1975 398 Agrippam,
2020 308 2366 374 facundum
2417 309 2628 372 virum
2673 321 2764 385 et,
2785 325 2822 373 8

656 397 831 485 quod
872 397 1023 462 inde
1065 396 1372 462 oriundus
1410 411 1564 474 erat,
1603 397 1771 484 plebi
1809 419 2047 461 carum.
2139 395 2224 473 Is,
2257 395 2656 460 intromissus
2691 395 2766 458 in
2783 413 2822 466 9

656 498 875 562 castra,
906 485 1113 570 prisco
1142 483 1253 547 illo
1275 483 1536 548 dicendi
1567 498 1635 548 et
1661 483 1918 548 horrido
1945 484 2139 549 modo
2157 482 2318 546 nihil
2347 482 2542 559 aliud,
2561 503 2768 568 quam

657 571 800 648 hoc,
846 593 1127 634 narrasse
1171 570 1410 634 fertur:
1466 578 1485 607 ‘
1505 570 1845 657 Tempore,
1891 593 2020 657 quo
2067 571 2136 634 in
2181 569 2442 634 homine
2483 591 2640 645 non,
2685 579 2770 632 ut

662 666 681 695 ‘
702 680 895 734 nunc,
928 657 1143 720 omnia
1168 657 1239 720 in
1268 679 1471 720 unum
1500 657 1998 733 consentiebant,
2031 657 2146 720 sed
2171 655 2437 743 singulis
2457 655 2770 721 membris

662 754 681 782 ‘
702 767 891 808 suum
918 744 1152 830 cuique
1176 743 1531 821 consilium,
1555 766 1706 808 suus
1734 766 1941 808 sermo
1968 743 2194 820 fuerat,
2219 742 2580 830 indignatas
2609 740 2770 806 reli-

661 840 681 868 ‘
699 854 855 918 quas
878 842 1105 918 perteS,
1126 853 1241 894 sua
1269 853 1438 908 cura,
1470 853 1586 895 suo
1607 830 1820 895 labore
1844 853 1918 894 ac
1945 830 2298 894 ministerio
2319 829 2526 894 ventri
2543 829 2774 892 omnia

662 927 682 956 ‘
746 919 955 981 uaeri:
1016 930 1325 994 ventrem,
1375 917 1443 981 in
1490 917 1704 982 medio
1750 917 2060 1003 quietum,
2109 917 2270 980 nihil
2319 914 2514 992 aliud,
2562 937 2769 1002 quam

663 1013 683 1042 ‘
699 941 865 1068 listis
886 1003 1313 1091 voluptatibus
1340 1002 1483 1068 frui.
1581 1003 1993 1090 Conspirasse
2016 1003 2190 1081 inde,
2220 1025 2304 1067 ne
2326 1023 2551 1066 manus
2579 1001 2666 1065 ad
2689 1023 2770 1066 os

663 1100 683 1129 ‘
699 1091 913 1156 cibum
942 1091 1197 1168 ferrent,
1230 1113 1349 1155 nec
1380 1111 1449 1154 os
1478 1091 1792 1177 acciperet
1821 1090 2061 1168 datum,
2085 1112 2206 1154 nec
2236 1089 2462 1154 dentes
2482 1088 2772 1153 confice—

665 1186 685 1216 ‘
702 1190 861 1242 rent.
954 1176 1098 1242 Hac
1138 1177 1249 1254 ira,
1291 1177 1449 1242 dum
1482 1189 1770 1242 ventrem
1807 1176 1973 1241 fame
2013 1177 2270 1242 domare
2317 1175 2578 1252 vellent,
2623 1175 2774 1262 ipsa

666 1273 686 1303 ‘
703 1287 833 1328 una
860 1265 1145 1328 membra
1166 1275 1499 1350 totumque
1523 1286 1752 1350 corpus
1773 1263 1857 1328 ad
1877 1276 2228 1328 extremam
2251 1264 2466 1329 tabem
2485 1261 2765 1326 venisse.

663 1361 682 1389 ‘
706 1351 867 1416 Inde
902 1351 1281 1438 apparuisse,
1317 1351 1557 1415 ventris
1596 1373 1855 1438 quoque
1895 1350 2071 1414 haud
2106 1373 2300 1436 segne
2337 1348 2772 1414 ministerium

663 1445 683 1476 ‘
703 1461 873 1502 esse:
920 1460 1041 1502 nec
1064 1437 1263 1524 magis
1292 1437 1395 1514 ali,
1421 1459 1616 1523 quam
1643 1437 1812 1502 alere
1841 1461 2010 1515 eum,
2033 1437 2408 1502 reddentem
2435 1436 2508 1499 in
2537 1457 2774 1500 omnes
2795 1457 2818 1492 1

662 1534 681 1562 ‘
703 1525 979 1623 corporis
1026 1537 1233 1609 partes
1280 1523 1474 1600 hunc,
1525 1546 1654 1610 quo
1703 1523 1974 1588 vivimus
2011 1524 2444 1610 vigemusqne,
2483 1522 2773 1586 divi-sum

663 1621 683 1648 ‘
748 1623 937 1674 anter
992 1610 1061 1673 in
1128 1633 1321 1674 venas
1379 1622 1717 1687 maturum,
1777 1611 2066 1675 confecto
2123 1610 2286 1688 cibo,
2345 1609 2774 1696 sanguinem!

726 1695 1111 1783 omparando
1156 1695 1325 1772 hinc,
1372 1718 1565 1782 quam
1607 1697 1908 1761 intestina
1949 1697 2226 1784 corporis
2267 1696 2498 1762 seditio
2539 1695 2774 1760 similis

663 1797 829 1848 esset
856 1783 984 1846 irae
1014 1783 1215 1868 plebis
1244 1782 1313 1846 in
1344 1781 1583 1860 Pati-ea,
1613 1783 1862 1848 flexisse
1897 1797 2144 1849 mentes
2183 1783 2532 1848 hominum.
2627 1783 2774 1869 Agi
2793 1808 2822 1840 α

664 1869 897 1934 deinde
920 1869 1001 1933 de
1032 1869 1368 1934 concordia
1386 1882 1706 1955 coeptum,
1725 1893 2221 1956 concessumque
2244 1871 2315 1934 in
2341 1869 2770 1946 conditiones,
2793 1893 2826 1939 3

664 1970 737 2021 ut
779 1957 952 2043 plebi
994 1956 1093 2020 sui
1135 1955 1530 2042 magistratus
1573 1971 1784 2021 essent
1825 1957 2218 2035 sacrosancti,
2265 1957 2498 2043 quibus
2541 1955 2774 2020 auxilii
2791 1979 2830 2024 4

328 377 389 434 A.
422 377 482 426 C.
506 390 618 439 492.

434 1709 535 1768 33.

337 1792 489 1839 Plebs
510 1808 581 1840 re

334 1857 500 1906 ducta.

730 2149 761 2198 8
796 2151 1049 2198 Oratorem
1066 2151 1135 2198 ad
1150 2150 1360 2211 plebem]
1388 2150 1558 2198 Alium
1575 2149 1680 2212 qui-

665 2215 781 2262 dem
813 2219 1053 2262 memorat
1085 2213 1257 2263 Cicero
1286 2215 1349 2262 de
1376 2213 1539 2263 claris
1562 2215 1680 2264 Ora-

666 2284 755 2326 tor.
786 2292 858 2338 14.
892 2279 925 2303 ‘⁶
942 2277 1181 2325 Videmus
1201 2276 1323 2326 item
1354 2277 1524 2340 paucis
1544 2277 1684 2326 annis

666 2347 778 2416 post
798 2355 940 2417 reges.
953 2347 1167 2401 exactos,
1191 2357 1305 2417 cum
1336 2342 1686 2418 plebes-prope

664 2421 839 2520 aas
844 2407 1680 2533 ,emittamus

664 2551 747 2584 cer
783 2535 1062 2598 appellatus
1096 2541 1187 2593 est,
1220 2534 1570 2597 occupavisset,
1605 2535 1679 2584 M.

668 2599 924 2648 Valerium
968 2597 1087 2663 (Μ’.
1130 2597 1348 2662 Ernest.)
1392 2599 1680 2648 dictatorem

664 2664 873 2712 dicendo
894 2663 1135 2713 sedavisse
1156 2663 1434 2722 discordias,
1454 2663 1597 2724 eique
1619 2664 1684 2710 ob

666 2743 777 2776 eam
809 2743 912 2776 rem
944 2729 1153 2776 honores
1183 2726 1510 2790 amplissimos
1547 2726 1682 2774 habi·

666 2797 758 2850 tos,
781 2798 833 2840 et
850 2807 963 2840 eum
998 2792 1210 2852 primum
1242 2793 1305 2838 ob
1338 2806 1447 2838 eam
1482 2805 1679 2838 causam

668 2856 947 2904 Maximum
960 2869 1064 2902 esse
1076 2855 1436 2916 appellatum.”
1456 2854 1519 2902 cf.
1531 2853 1680 2901 Dion.

667 2919 731 2968 vi.
753 2918 831 2983 69.
866 2918 949 2980 qui
982 2919 1153 2966 decem
1184 2919 1387 2980 legatos,
1408 2933 1580 2966 omnes
1613 2917 1681 2965 vi·

667 2999 745 3030 ros
766 2983 1058 3040 consulares,
1082 2983 1145 3030 ad
1169 2983 1364 3044 plebem
1386 2981 1558 3029 missos
1581 2997 1684 3029 esse

668 3046 851 3105 scribit,
864 3061 1069 3108 quorum
1087 3045 1331 3093 maximus
1346 3051 1464 3093 natu
1488 3045 1684 3094 M'.Va-

671 3111 818 3159 lerius
840 3109 997 3174 plebis
1018 3109 1391 3158 studiosissimus
1410 3114 1530 3158 erat.
1602 3108 1684 3158 Ci-

670 3190 781 3223 cero
812 3174 951 3234 alios,
985 3179 1133 3236 atque
1174 3173 1343 3223 Livius
1378 3174 1582 3223 annales
1614 3189 1685 3222 se-

670 3239 846 3300 quitur.
882 3240 943 3287 cf.
964 3239 1074 3288 infr.
1093 3237 1190 3288 viii.
1216 3239 1287 3287 18.
1327 3238 1681 3288 “memoria...

670 3304 895 3365 repetita,
937 3303 989 3351 in
1038 3303 1386 3352 secessionibus
1434 3304 1682 3365 quondam

671 3368 831 3430 plebis
853 3368 1045 3416 clavum
1069 3369 1132 3414 ab
1154 3367 1391 3416 dictatore
1412 3368 1621 3416 fixum.”

732 3447 765 3496 9
797 3433 945 3490 Inde]
988 3431 1239 3480 Nimirum
1271 3445 1333 3479 ex
1370 3432 1529 3494 plebe.
1597 3433 1684 3480 At-

670 3497 755 3558 qui
787 3501 956 3544 tamen
988 3497 1297 3545 consulatum
1346 3501 1576 3560 gesserat,
1607 3511 1683 3543 su-

674 3575 762 3622 pra
806 3559 878 3608 16.
916 3561 1050 3608 unde
1099 3567 1232 3608 certo
1282 3559 1528 3623 colligitur
1569 3573 1683 3607 eum

672 3625 931 3686 patricium
953 3625 1111 3674 fixisse.
1172 3624 1300 3673 Solis
1314 3625 1447 3673 enim
1468 3631 1576 3672 tum
1601 3639 1684 3685 pa-

672 3688 822 3737 triciIs
860 3691 1059 3751 patebat
1092 3691 1385 3738 consulatus.
1454 3690 1522 3736 At
1554 3694 1686 3736 recte

672 3754 895 3800 observat
926 3753 1189 3802 Douiatius
1223 3769 1333 3802 eum
1371 3753 1585 3815 potuisse
1621 3767 1685 3800 ex

672 3831 837 3865 eorum
872 3833 975 3866 esse
1006 3833 1227 3876 numero,
1249 3833 1370 3879 quos
1390 3833 1449 3864 ex
1475 3815 1685 3876 equestri

670 3882 823 3943 gradu
851 3881 903 3928 in
924 3887 1145 3930 senatum
1172 3883 1353 3930 Brutus
1372 3880 1595 3942 allegisse
1617 3880 1686 3928 di·

672 3945 800 3993 citur
814 3945 953 3993 initio
969 3946 1113 3993 huius
1129 3946 1255 3994 libri.
1279 3947 1440 3994 Casv.
1498 3945 1686 3992 Verum

672 4011 712 4057 si
736 4011 999 4058 Menenius
1030 4026 1092 4058 ex
1121 4011 1291 4058 decem
1324 4009 1496 4070 legatis
1525 4008 1687 4067 fuerit,

672 4073 756 4136 qui
773 4075 931 4122 decem
940 4075 1091 4137 primi
1106 4079 1349 4122 senatores
1360 4073 1506 4120 fixisse
1523 4071 1684 4120 viden·

670 4145 753 4186 tur
797 4139 944 4186 Dion.
993 4137 1053 4186 vi.
1100 4151 1175 4198 34.
1214 4136 1292 4201 69.
1338 4153 1399 4186 ex
1445 4135 1683 4185 maiorum

670 4203 889 4264 gentium
914 4201 1133 4263 pat-ribus
1152 4207 1270 4248 erat.

746 4280 760 4312 ι
800 4269 905 4314 Nec
927 4267 1081 4326 maqis
1102 4267 1189 4322 ali,
1210 4281 1356 4328 qnam
1388 4267 1522 4314 alere
1545 4267 1680 4325 euni]

638 4333 653 4344 ⁸
674 4329 893 4377 Pecunia
924 4334 1096 4376 mutuo
1128 4329 1293 4377 danda
1313 4333 1363 4377 et
1383 4328 1682 4390 accipienda.

1747 2151 1808 2200 cf.
1854 2151 2072 2198 Zonaras
2117 2149 2196 2199 vii.
2241 2165 2319 2211 14,
2367 2151 2502 2198 unde
2551 2155 2776 2211 apparet

1749 2215 1903 2264 ventri
1937 2215 2216 2274 creditores,
2254 2213 2486 2263 membris
2519 2213 2775 2264 debitores

1747 2279 2062 2327 adumbratos
2082 2279 2244 2327 fuisse.

1816 2359 1842 2392 α
1877 2345 2094 2393 Fleaeisse
2116 2343 2321 2401 mentes]
2361 2341 2464 2390 Res
2485 2340 2588 2389 sine
2609 2340 2772 2391 dubio

1743 2408 1809 2456 ad
1837 2408 2030 2456 tabulas
2061 2421 2211 2455 noves
2242 2406 2478 2468 pervenit.
2523 2405 2584 2454 cf.
2609 2404 2770 2456 Dion.

1747 2471 1826 2520 vii.
1857 2486 1930 2533 14.
1965 2471 2069 2520 Cic.
2092 2472 2155 2520 de
2177 2471 2308 2534 Rep-
2331 2470 2380 2519 ii.
2399 2483 2476 2532 34.
2501 2469 2668 2521 Ofilii.
2687 2485 2771 2520 αα.

1749 2550 1774 2584 ²
1814 2571 1826 2584 .

1781 2550 1840 2662 33
1865 2599 2244 2662 concessumque
2259 2600 2316 2647 in
2331 2598 2648 2658 condiciones]
2682 2597 2774 2648 De

1745 2663 1902 2722 nexis,
1917 2677 2122 2725 quorum
2145 2679 2291 2712 causa
2311 2663 2420 2712 fons
2441 2662 2534 2711 fuit
2557 2667 2608 2711 et
2629 2663 2774 2725 origo

1746 2727 1892 2776 huius
1907 2727 2170 2787 seditionis,
2185 2727 2297 2775 silet
2311 2727 2494 2776 Livius.
2543 2728 2612 2776 At
2627 2730 2774 2788 apud

1747 2791 1901 2840 Dion.
1923 2791 2196 2840 invenimus
2215 2791 2304 2839 has
2327 2791 2460 2854 plebi
2481 2807 2513 2839 a
2529 2789 2774 2840 Menenio

1747 2855 2018 2918 propositas
2053 2854 2200 2904 fiiisse
2231 2855 2552 2916 conditiones,
2584 2857 2642 2902 ut
2679 2857 2772 2918 qui

1746 2920 1980 2968 solvendo
2011 2935 2112 2968 non
2144 2925 2321 2980 essent,
2343 2919 2404 2968 iis
2424 2919 2650 2968 omnibus
2681 2935 2776 2970 aea

1747 2984 1966 3032 alienum
2002 2983 2355 3032 remitteretur:
2409 2983 2494 3046 qui
2535 2989 2620 3032 aut
2664 2984 2772 3034 iam

1749 3046 2065 3096 creditoribus
2093 3048 2293 3107 addicti,
2314 3053 2419 3109 aut,
2439 3049 2608 3110 elapso
2635 3050 2770 3098 solu-

1748 3110 1896 3160 tionis
1930 3113 2030 3172 die,
2063 3129 2126 3161 ex
2165 3113 2286 3175 legis
2318 3110 2366 3160 vi
2398 3111 2657 3161 addicendi
2695 3114 2770 3161 fo·

1749 3183 1874 3236 rent,
1906 3175 1940 3224 ii
1973 3183 2134 3225 essent
2166 3176 2336 3225 liberi:
2371 3177 2422 3224 in
2443 3177 2680 3236 futurum,
2701 3177 2772 3226 de

1747 3241 1996 3289 communi
2027 3241 2187 3304 plebis
2209 3247 2260 3290 et
2284 3241 2489 3289 Patrum
2521 3241 2772 3290 sententia

1746 3309 2041 3354 statueretur
2075 3305 2194 3368 quid
2238 3305 2414 3354 sanciri
2456 3317 2580 3368 opus
2619 3313 2770 3356 esset.

1751 3369 1894 3418 Nihil
1915 3375 2082 3417 tamen
2103 3383 2284 3418 novum
2307 3368 2499 3417 videtur
2521 3369 2770 3418 sancitum

1747 3433 1912 3494 fuisse,
1933 3433 2118 3482 scilicet
2134 3435 2250 3495 quia
2269 3432 2528 3482 tribunicia
2547 3439 2772 3496 potestas

1748 3497 1881 3559 plebi
1919 3511 2148 3546 concessa
2191 3497 2306 3546 satis
2343 3498 2560 3546 validum
2603 3499 2768 3546 muni-

1747 3567 1969 3610 mentum
1983 3562 2085 3610 visa
2101 3568 2175 3610 est
2195 3563 2424 3610 adversus
2443 3561 2643 3610 iniurias
2663 3563 2769 3611 foe-

1748 3631 2042 3674 neratorum.
2076 3627 2238 3675 Gnsv.

1815 3709 1845 3750 4
1877 3692 2207 3750 Sacro-sancti]
2263 3691 2342 3739 Ex
2367 3689 2460 3739 hac
2481 3689 2561 3740 die
2581 3691 2770 3739 tribuni

1750 3753 1923 3816 plebis,
1973 3753 2038 3816 (si
2081 3754 2408 3803 Niebuhrium
2459 3756 2490 3803 i.
2535 3769 2585 3817 p.
2629 3752 2724 3803 602
2753 3773 2771 3816 ς

1747 3817 2022 3876 audiamus,
2043 3833 2140 3866 non
2163 3835 2318 3867 novus
2337 3819 2660 3882 magistratus,
2679 3817 2772 3868 sed

1750 3897 1878 3930 novo
1916 3897 2117 3930 munere
2165 3883 2443 3941 instructus,
2487 3882 2527 3931 si
2579 3883 2768 3932 Wach·

1749 3946 2019 3994 smuthium
2043 3963 2090 4008 p.
2112 3945 2221 4005 286,
2237 3963 2392 3995 novus
2412 3945 2768 4012 magistratus,)

1749 4010 1989 4058 auxilium
2019 4017 2189 4058 contra
2222 4012 2474 4059 consulare
2503 4011 2768 4074 imperium

1749 4073 1848 4122 suis
1899 4075 2049 4122 libere
2097 4075 2334 4135 ferebant,
2375 4082 2524 4123 antea
2565 4076 2768 4137 quidem

1749 4138 1882 4186 haud
1906 4139 2106 4200 impune
2135 4140 2294 4188 laturi.
2362 4141 2596 4188 Formula
2625 4156 2768 4189 sarw-

1749 4204 1910 4261 ιέωιέε,
1954 4219 2080 4264 quae
2131 4209 2242 4266 post
2287 4205 2454 4252 decem
2463 4205 2669 4252 virutum
2715 4205 2766 4253 in

1751 4281 1840 4313 usu
1873 4274 1994 4324 erat,
2023 4267 2201 4330 legitur
2221 4283 2302 4329 ap.
2327 4268 2432 4318 Liv.
2457 4268 2523 4317 iii.
2547 4285 2592 4330 4.
2663 4269 2770 4318 Ne-

1749 4329 1887 4389 mini,
1909 4331 1999 4378 nisi
2030 4333 2209 4380 tribum
2232 4332 2450 4389 habenti,
2471 4333 2566 4381 hoc
2587 4347 2770 4382 munus
