3000 4784
850 214 1043 280 LIB.
1086 214 1175 279 V.
1244 213 1467 280 CAP.
1517 218 1622 281 27.
2155 216 2282 279 31⁷

182 350 455 438 rogi-edi
500 352 863 439 prohibuit.
956 352 1145 417 Mille
1184 353 1319 418 fere
1354 375 1654 441 passuum
1689 352 1770 417 ab
1805 350 2044 439 oppido
2081 365 2286 417 casn-a
2304 369 2371 419 U.
2395 370 2456 419 c,
2481 369 2592 431 361.

160 452 361 502 ocant
386 462 405 514 ;
458 438 661 502 nulla
687 461 756 503 re
796 438 921 503 alia
948 440 1221 503 fidentes
1248 463 1327 504 ea
1352 441 1504 503 satis
1533 452 1672 503 tuta
1707 460 1864 516 effic,
1895 460 2088 525 quam
2117 438 2286 502 diffi-
2301 438 2362 485 A.
2397 435 2458 490 C·
2483 448 2592 499 39¹·

134 524 387 589 cultate
436 524 691 601 aditus,
724 526 959 612 asperis
987 525 1495 612 confragosisque
1532 526 1718 601 circa,
1749 538 1816 589 et
1852 525 2084 612 partim
2113 525 2284 601 artis,

134 611 381 695 partim
430 611 671 675 arduis
708 612 845 676 viis.
942 610 1247 676 Ceterum
1283 611 1612 687 Camillus,
1645 611 1966 697 captivum
2006 610 2286 675 indicem

132 720 221 760 ex
268 698 455 784 agris
498 710 769 763 secutus
802 698 1057 773 ducem,
1102 698 1319 763 castris
1362 697 1564 762 multa
1604 711 1792 762 nocte
1837 697 2044 773 moti3‚
2129 698 2288 761 rima

134 782 285 847 luce
343 782 709 870 aliquanto
758 784 1187 871 superioribus
1244 783 1399 849 locis
1448 806 1516 848 se
1561 784 1856 849 ostendit.
1950 783 2064 847 Tn·
2161 784 2175 797 ⁶

138 868 443 933 Romani
477 870 897 935 muniebant:
944 870 1106 933 alius
1134 871 1451 935 exercitus
1478 871 1720 957 proelio
1747 870 2032 935 intentus
2059 871 2282 934 stabat.

136 954 242 1019 Ibi
274 956 629 1042 impedire
657 980 818 1043 opus
848 970 1105 1021 conatos
1135 957 1347 1021 hostes
1374 956 1588 1021 fundit
1615 957 1958 1044 fugatque3
2005 969 2287 1021 tantum-

134 1064 269 1127 que
302 1043 475 1107 inde
512 1044 772 1129 pavoris
800 1042 1059 1107 Faliscis
1086 1043 1395 1107 iniectum
1424 1056 1538 1119 est,
1563 1057 1656 1121 ut,
1679 1043 1878 1108 effusa
1903 1043 2056 1130 fuga
2083 1056 2287 1107 castra

138 1150 281 1205 sua,
312 1151 501 1215 quae
548 1130 853 1217 propiora
881 1142 1079 1206 erant,
1110 1129 1393 1217 praelati,
1423 1130 1650 1194 urbem
1686 1144 1996 1216 peterent.
2087 1128 2286 1194 Multi
2329 1138 2350 1159 '

134 1216 317 1278 caesi
365 1215 862 1303 vulneratique,
954 1216 1278 1303 riusquam
1320 1228 1626 1303 paventes
1667 1216 1864 1302 portis
1907 1216 2282 1280 inciderent.

143 1298 393 1365 Castra
442 1316 685 1389 capta3
730 1239 970 1390 praedi:
1010 1302 1093 1367 ad
1136 1316 1502 1389 quaestores
1551 1302 1808 1366 redacta
1857 1324 2002 1366 cum
2055 1324 2290 1388 magna

142 1386 445 1451 militum
478 1388 622 1464 ira3
668 1390 803 1466 sed,
834 1389 1165 1453 severitate
1201 1388 1453 1475 imperii
1482 1388 1656 1465 victi,
1687 1388 1958 1452 eandem
1987 1388 2287 1451 virtutem

146 1486 215 1536 et
250 1474 573 1551 oderant,
607 1488 675 1540 et
710 1475 1115 1545 mirabantur.
1212 1473 1481 1540 Obsidio
1519 1474 1672 1539 inde
1708 1474 1899 1551 urbiS,
1931 1486 1997 1538 et
2025 1473 2290 1538 muniti-

146 1581 331 1637 onae,
366 1573 445 1625 et
476 1561 812 1626 interdum
841 1584 957 1649 per
985 1560 1381 1627 occasionem
1408 1561 1686 1648 impetus
1713 1560 2178 1648 oppidanorum
2215 1560 2288 1623 in

148 1643 507 1712 Romanas
550 1648 875 1725 stationes,
906 1648 1272 1735 proeliaque
1312 1670 1506 1735 parva
1533 1648 1704 1711 fieri:
1753 1660 1820 1712 et
1849 1647 1970 1712 teri
2013 1660 2285 1733 tempus,

150 1745 395 1797 neutro
427 1734 749 1799 inclinata
774 1757 922 1821 spe3
1018 1756 1169 1799 uum
1198 1733 1588 1799 frumentum
1629 1733 1976 1822 copiaeque
2016 1733 2175 1798 aliae
2205 1755 2289 1797 ex

150 1830 306 1882 ante
338 1834 673 1885 convecto
700 1820 934 1907 largius
962 1757 1251 1897 {laesessis
1282 1844 1475 1920 quam
1505 1820 1958 1898 obsidentibus
1991 1831 2290 1908 suppete-

154 1918 326 1969 rent.
436 1906 939 1994 Videbaturque
996 1930 1201 1993 aeque
1260 1906 1599 1971 diuturnus
1653 1907 1904 1971 futurus
1959 1907 2155 1984 labor,
2215 1928 2290 1971 ac

108 2006 143 2056 6
159 1986 349 2055 Veiis
378 1992 655 2069 fuisset3
700 1994 767 2057 ni
796 1994 1053 2058 fortuna
1078 1993 1444 2079 imperatori
1486 1992 1784 2058 Romano
1811 1993 2002 2058 simul
2035 2006 2102 2058 et
2140 2016 2292 2080 cog·

162 2075 343 2141 uitae
374 2080 581 2145 rebus
608 2079 851 2143 bellicis
880 2080 1129 2144 virtutis
1158 2080 1481 2166 specimen
1511 2091 1576 2143 et
1605 2092 1920 2143 maturam
1960 2079 2290 2143 victoriam

118 2174 147 2224 7
164 2159 483 2230 dedisset.
579 2164 729 2230 Mos
762 2179 898 2230 erat
933 2165 1209 2242 Faliscis,
1240 2164 1469 2230 eodem
1509 2165 1807 2247 magistro
1845 2164 2185 2229 liberorum
2225 2178 2293 2229 et
2412 2170 2516 2235 27.

166 2250 413 2314 comite
455 2252 591 2317 utiz
638 2251 956 2339 simulque
990 2252 1204 2339 plures
1248 2252 1447 2339 pueri,
1527 2250 1656 2315 uod
1695 2250 1888 2315 hodie
1969 2273 2182 2336 uoque
2219 2250 2291 2314 in
2310 2254 2562 2331 Magistri·

174 2331 465 2402 Graecia
511 2351 746 2414 manet,
790 2338 985 2403 unius
1026 2360 1214 2403 curae
1262 2337 1494 2402 deman
1539 2338 1828 2402 abantur.
1978 2337 2136 2401 rinei
2183 2360 2292 2401 nm
2311 2318 2532 2431 Falffioe
2549 2334 2618 2367 ¹¹¹·

168 2417 435 2500 liberos,
490 2424 658 2489 sicut
700 2424 833 2488 fere
886 2426 977 2500 fit,
1024 2424 1135 2510 qui
1194 2423 1461 2488 scientia
1500 2423 1838 2488 videbatur
1891 2422 2292 2509 praendere,
2309 2396 2469 2494 :3¹11ss
2483 2399 2541 2495 ξι

172 2507 539 2575 erudiebat.
630 2509 695 2575 Is
724 2533 926 2597 quum
948 2511 1015 2573 in
1046 2532 1203 2597 pace
1234 2509 1609 2573 instituisset
1629 2530 1860 2595 pueros
1889 2521 2038 2573 ante
2069 2510 2291 2573 urbem
2311 2524 2484 2571 poena.

174 2588 357 2659 lusus
402 2596 882 2683 exercendique
928 2618 1119 2661 causa
1166 2594 1560 2681 producere3
1621 2594 1778 2658 nihil
1831 2618 1910 2660 eo
1953 2617 2128 2659 more
2180 2617 2296 2682 per

180 2676 333 2743 belli
376 2696 637 2770 tempus
672 2682 1048 2759 intermisso,
1080 2694 1239 2758 tum,
1272 2679 1463 2745 modo
1491 2680 1900 2758 brevioribuS,
1934 2680 2126 2745 modo
2154 2681 2294 2745 lon-

180 2764 473 2847 gioribus
510 2768 749 2855 spatiis,
780 2768 1093 2833 trahendo
1130 2790 1241 2833 eos
1278 2791 1319 2831 a
1358 2782 1560 2854 porta,
1591 2767 1736 2832 lusu
1773 2767 2292 2855 sermonibusque

185 2853 459 2933 variatis,
485 2855 551 2919 lo
642 2856 737 2919 'us
780 2854 986 2932 solitu,
1029 2855 1141 2919 ubi
1180 2876 1281 2920 res
1319 2853 1520 2931 dedit,
1551 2876 1934 2942 mogi-essue,
1965 2854 2132 2919 inter
2169 2868 2294 2919 sta-

186 2934 399 3004 tiones
438 2964 551 3007 eos
634 2942 867 3006 ostium
906 2964 1009 3006 cas
1152 2962 1233 3005 ue
1262 2940 1414 3005 inde
1463 2940 1758 3005 Romana
1799 2942 1866 3005 in
1906 2941 2294 3028 praetorium

190 3022 266 3085 ad
319 3024 671 3093 Camillum
713 3027 1035 3127 perduxit.
1166 3027 1227 3091 bi
1256 3026 1523 3092 scelesto
1561 3027 1822 3093 facinori
1869 3027 2291 3093 scelestiorem

188 3114 829 3178 sermonem-addidit
848 3138 867 3177 z
918 3122 937 3152 ‘
958 3112 1232 3178 Falerios
1271 3136 1337 3178 se
1374 3114 1444 3177 in
1482 3136 1710 3177 manus
1752 3114 2060 3178 Romanis
2099 3114 2295 3178 tradi-

194 3200 211 3227 ‘
232 3193 446 3277 disse3
508 3199 767 3286 quando
817 3222 925 3264 eos
974 3221 1224 3287 pueros,
1278 3222 1552 3298 quorum
1601 3212 1896 3285 parentes
1945 3199 2156 3313 capita
2204 3200 2293 3264 ibi

196 3284 215 3313 ‘
236 3301 450 3349 rerum
480 3285 626 3363 sint,
658 3287 725 3349 in
755 3298 1135 3373 potestatem
1165 3284 1523 3349 dedlderit.'
1615 3283 1799 3359 Quae
1839 3285 1950 3349 ubi
1983 3284 2294 3349 Lamillus

150 3368 455 3449 audivit,
500 3380 519 3410 ‘
538 3371 693 3437 Non
732 3371 815 3437 ad
848 3371 1159 3449 similem‚’
1196 3370 1428 3457 inquit,
1462 3378 1482 3407 ‘
1506 3369 1600 3434 tui
1642 3390 1763 3434 nec
1806 3369 2136 3456 populum,
2171 3392 2294 3435 nec

257 3575 291 3651 β
324 3584 397 3630 Ni
418 3583 631 3644 fortuna
658 3583 943 3645 imperatori
964 3582 1209 3641 Romano]

202 3636 271 3687 Nl
304 3644 498 3695 fortuna
529 3647 745 3696 Camillo
783 3648 948 3695 locum
983 3646 1213 3704 dedisset,

202 3704 375 3758 edendi
413 3710 662 3773 specimen
700 3710 891 3759 virtutis
934 3726 1051 3759 suae
1092 3709 1215 3758 alias

202 3768 341 3821 rebus
358 3774 549 3823 bellicis
568 3774 665 3823 iam
684 3774 925 3836 cognitae,
936 3773 1081 3822 simul
1101 3788 1214 3822 vero

204 3830 347 3883 etium
370 3852 457 3899 per
476 3838 571 3885 hoc
594 3838 797 3911 parandi
820 3837 1086 3887 victoriam.
1132 3838 1216 3887 Ita

204 3890 383 3949 Stroth.
406 3906 457 3949 et
476 3902 717 3960 Clericus,
738 3902 825 3950 sed
844 3904 1085 3963 specimen
1116 3904 1213 3950 vir-

206 3962 319 4010 tutis
351 3964 402 4011 in
432 3980 547 4013 cusu
570 3964 729 4027 primo
749 3964 1089 4027 accipiendum
1112 3980 1216 4013 ene

209 4024 371 4075 volunt
403 4028 579 4087 Dmk.‚
608 4034 666 4076 et
689 4028 859 4087 Doer.,
884 4044 1093 4091 quorum
1129 4029 1215 4077 ille

208 4091 254 4158 ⁶8·
276 4102 361 4150 pro
380 4095 525 4140 eciam
546 4092 781 4154 scriptum
804 4107 923 4151 esse,
945 4093 1027 4140 hic
1047 4100 1095 4142 et
1116 4108 1216 4141 om-

206 4160 319 4201 mno
340 4154 603 4205 delendum
626 4171 739 4203 cum
762 4156 1009 4205 Crevierio
1038 4164 1218 4206 censet.

210 4209 323 4265 Non
344 4234 507 4267 meum
529 4225 605 4269 est
624 4219 752 4268 inter
773 4225 938 4269 tantos
962 4220 1089 4269 viros
1108 4220 1221 4269 lites

212 4288 505 4343 componere.
573 4284 673 4341 Tu,
705 4284 877 4343 lector,
908 4286 1092 4333 nodum
1133 4300 1221 4346 pro

209 4341 401 4393 arbitrio
423 4352 511 4394 tuo
533 4347 783 4408 expedias.

1346 3590 1375 3644 7
1406 3582 1523 3631 Moe
1543 3586 1652 3631 erat
1670 3582 1902 3641 Faliscis]
1941 3580 2056 3629 Hoc
2079 3580 2190 3629 ideo
2211 3582 2294 3630 ob—

1276 3652 1437 3695 servat
1457 3644 1643 3705 Livius,
1660 3645 1778 3707 quis
1797 3646 1930 3707 apud
1950 3646 2201 3695 Romanos
2221 3662 2296 3695 res

1276 3709 1421 3758 aliter
1436 3725 1487 3758 se
1505 3709 1730 3759 habebnt.
1775 3708 1982 3759 Diversa
1999 3717 2137 3759 emnt
2159 3727 2294 3773 prae-

1278 3778 1534 3836 eeptorum
1577 3774 2062 3837 paedagogorumque
2107 3776 2292 3825 munis.

1281 3838 1631 3899 Praeoeptom
1653 3838 1851 3900 publice
1871 3839 2140 3888 docebant:
2177 3855 2293 3903 pue—

1278 3916 1440 3950 rorum
1464 3900 1852 3950 comitandorum
1875 3903 2200 3965 privatimque
2221 3904 2294 3950 in-

1278 3964 1632 4014 stituendorum
1652 3982 1770 4014 eura
1783 3966 1846 4013 sd
1865 3967 2169 4029 paedagogos
2189 3980 2294 4026 per-

1278 4030 1481 4079 tinebat.
1528 4030 1638 4079 Nec
1654 4029 1800 4078 simul
1819 4031 1984 4091 plures
1999 4029 2138 4091 pueri
2154 4028 2298 4075 unius

1282 4093 1496 4156 magistri
1521 4108 1664 4142 curse
1682 4092 1914 4141 edocendi
1939 4091 2298 4139 demandaban-

1282 4163 1391 4232 tur:
1429 4158 1516 4205 sed
1537 4172 1654 4205 suus
1675 4156 1910 4217 cuiusque
1935 4152 2152 4201 familiae
2181 4166 2298 4214 pue-

1284 4222 1949 4347 ”szffitffi‘zz
1970 4216 2197 4328 3¹:2⁷3...
2227 4276 2300 4327 1⁶.

1286 4346 1451 4395 scribit
1507 4345 1776 4393 Camillum
1830 4348 2053 4389 senatum
2109 4341 2302 4389 Romae
