3000 4784
808 224 999 293 LIB.
1048 226 1168 293 VI.
1238 226 1461 295 CAP.
1511 233 1614 293 31.
2141 230 2268 293 381

142 362 317 448 quod
344 384 601 450 genere
642 363 944 451 plebeio&
974 366 1179 453 gratia
1218 364 1457 430 Iulium
1486 364 1836 441 anteibant,
1867 362 2088 429 Volsci
2125 386 2273 451 pro-
2293 380 2364 430 U.
2385 379 2445 430 c.
2471 376 2582 443 376.

98 449 371 527 svincia,
416 450 567 514 sine
608 464 799 529 sorte,
830 451 969 516 sine
1008 474 1151 516 com
1198 452 1499 529 aratione,
1531 464 1715 516 extra
1753 450 2046 516 ordinem
2084 449 2267 516 data:
2291 446 2354 494 A.
2386 445 2447 495 0·
2473 442 2584 506 ³⁷⁶·

143 536 323 599 cuius
352 549 423 601 et
454 536 637 623 ipsos
663 539 1019 624 postmod0,
1050 550 1117 602 et
1212 551 1403 640 atres,
1431 538 1544 626 qui
1575 536 1904 614 dederant,
2293 509 2352 557 P.
2375 515 2427 557 οι
2449 508 2510 559 ⁰·

146 620 575 709 Inexplorato
598 624 969 711 pabulatum
1000 624 1291 689 cohortes
1320 648 1568 690 mlsere.
1665 624 1919 699 Quibus
1935 550 2276 690 2253thss
2290 572 2514 686 geonge,

146 710 533 787 cumventi8‚
576 733 781 797 quum
821 710 888 775 id
931 710 1089 776 falso
1124 711 1489 776 nuntiatum
1525 724 1708 788 esset,
1750 711 1926 788 dum,
1959 710 2276 798 praesidio
2295 700 2412 751 Mil.

148 808 221 859 ut
248 810 488 873 essent,
524 797 707 862 citati
740 797 1054 874 feruntur,
1086 820 1169 861 ne
1206 810 1461 863 auctore
1493 798 1756 885 quidem
1793 810 2128 876 asservatO,
2162 798 2276 885 qui

149 904 273 958 eos,
306 882 517 947 hostis
550 883 827 949 Latinus
860 906 977 971 pro
1006 884 1209 948 milite
1253 884 1568 962 RomanO,
1599 885 1931 949 frustratus
1965 896 2122 963 erat,
2154 884 2277 971 ipsi

150 969 218 1031 in
246 968 519 1034 insidias
549 970 1069 1057 praecipitavere.
1147 969 1249 1035 Ibi
1270 969 1425 1034 dum
1455 972 1682 1058 iniquo
1709 971 1850 1037 loco
1879 971 2014 1035 sola
2039 971 2275 1036 virtute

152 1054 434 1119 militum
496 1070 813 1121 restantes
870 1056 1227 1137 caeduntur
1284 1058 1710 1144 caeduntque,
1759 1070 1964 1122 castra
2019 1058 2278 1122 interim

156 1140 475 1220 Romana,
501 1143 783 1209 iacentia
810 1144 879 1208 in
908 1166 1152 1231 campo,
1186 1144 1265 1209 ab
1294 1143 1493 1208 altera
1521 1157 1697 1230 parte
1727 1144 1940 1208 hostes
1970 1144 2274 1209 invasere.

156 1228 262 1291 Ab
314 1228 605 1295 ducibus
656 1231 997 1317 utrobique
1042 1229 1333 1317 proditae
1378 1230 1735 1295 temeritate
1787 1243 1978 1315 atque
2028 1230 2280 1294 inscitia

114 1326 143 1377 9
158 1336 271 1379 res·
370 1314 720 1403 Quicquid
746 1316 1057 1404 superfuit
1085 1316 1375 1381 fortunae
1416 1316 1640 1402 populi
1683 1316 1980 1392 Romani,
2014 1316 2081 1379 id
2111 1315 2280 1380 mili-

162 1413 294 1465 tum
324 1403 534 1467 etiam
566 1404 705 1467 sine
736 1415 980 1467 rectore
1010 1402 1250 1467 stabilis
1279 1403 1477 1466 virtus
1507 1414 1711 1467 tutata
1740 1414 1851 1467 est.
1951 1399 2137 1476 Quae
2167 1402 2280 1466 ubi

162 1484 441 1553 Romam
472 1503 632 1555 sunt
661 1490 877 1566 relata,
914 1490 1194 1576 primum
1224 1490 1602 1554 dictatorem
1632 1489 1760 1553 dici
1791 1487 2116 1575 placebat:
2167 1488 2280 1553 de-

162 1572 331 1651 inde,
360 1590 715 1663 postquam
756 1577 1010 1663 quietae
1042 1598 1141 1640 res
1180 1598 1263 1641 ex
1293 1574 1545 1641 Volscis
1587 1576 2030 1652 afferebantur,
2061 1586 2130 1639 et
2168 1598 2279 1662 ap-

164 1661 393 1743 paruit,
436 1664 689 1727 nescire
726 1685 835 1728 eos
871 1663 1138 1727 victoria
1176 1676 1243 1727 et
1284 1674 1570 1763 tempore
1611 1663 1730 1740 uti,
1768 1662 2046 1727 revocati
2086 1662 2280 1727 etiam

168 1744 315 1810 inde
334 1750 661 1815 exercitus
684 1773 757 1815 ac
780 1748 1009 1814 duces:
1060 1750 1389 1837 otiumque
1414 1749 1586 1827 inde,
1613 1761 1924 1837 quantum
1951 1772 1993 1813 a
2008 1747 2276 1825 Volscis,

167 1830 301 1897 fuit.
395 1833 479 1899 Id
510 1835 707 1901 modo
736 1849 1023 1902 extremo
1054 1858 1223 1901 anno
1254 1836 1729 1914 tumultuatum,
1763 1835 1938 1924 quod
1967 1836 2280 1900 Praenes-

172 1918 287 1983 tini
310 1924 651 1989 concitatis
678 1922 1057 1988 Latinorum
1080 1923 1331 2010 populis
1350 1924 1751 1989 rebellarunt.
1831 1922 2081 1988 Eodem
2109 1944 2280 1988 anno

134 2022 152 2055 ¹
178 2002 435 2086 Setiam,
485 2010 641 2098 ipsis
670 2010 1083 2096 querentibus
1127 2011 1459 2096 penuriam
1500 2011 1856 2087 hominum,
1887 2010 2040 2075 novi
2069 2010 2282 2074 coloni

176 2094 447 2181 ascripti.
546 2096 896 2183 Rebusque
925 2096 1101 2161 haud
1135 2118 1251 2182 pro
1366 2097 1449 2159 ris
1476 2095 1666 2172 bello,
1698 2096 2050 2160 domestica
2079 2097 2280 2182 quieS,

177 2201 367 2263 quam
396 2184 805 2249 tribunorum
822 2183 1099 2247 militum
1129 2204 1211 2245 ex
1239 2204 1285 2267 p
1309 2182 1427 2246 ebe
1444 2183 1646 2267 gratia
1673 2182 2092 2267 maiestasque
2117 2182 2286 2245 inter

178 2286 317 2330 suos
346 2270 651 2346 obtinuit,
682 2269 979 2333 solatium
1004 2268 1147 2333 fuit.

262 2351 672 2443 Insequentis
701 2356 853 2420 anni
871 2354 1182 2441 principia
1204 2353 1418 2418 statim
1440 2353 1752 2419 seditione
1775 2354 2025 2441 ingenti
2052 2376 2281 2431 arsere,
2398 2359 2502 2421 31.

183 2438 447 2507 tribunis
492 2443 773 2508 militum
808 2440 1121 2507 consulari
1242 2452 1465 2505 testate
1513 2439 1558 2504 S
1604 2488 1619 2504 .
1642 2440 1853 2517 Furio,
1903 2440 1984 2515 Q.
2013 2440 2282 2506 Servilio
2303 2440 2371 2493 U·
2395 2444 2454 2493 G·
2481 2452 2591 2504 377·

142 2538 171 2572 α
188 2527 555 2608 secundum,
592 2528 672 2594 c,
694 2529 969 2605 Licinio,
1002 2527 1075 2591 P.
1102 2526 1159 2591 c
1188 2526 1373 2604 oeno,
1408 2525 1503 2591 M.
1561 2528 1564 2530 ’
1605 2527 1824 2602 oratio,
1857 2526 1934 2591 L.
1965 2525 2278 2627 Gyganio.
2300 2509 2362 2556 A·
2397 2508 2456 2557 0·
2479 2517 2592 2568 ³⁷⁵·

190 2607 340 2678 Erat
384 2631 607 2683 autem
654 2628 721 2681 et
773 2614 1041 2681 materia
1088 2624 1156 2677 et
1198 2634 1389 2677 causa
1434 2612 1766 2677 seditionis
1811 2635 1918 2678 aes
1963 2611 2278 2678 ahenum:
2301 2572 2396 2711 {a}
2413 2572 2584 2685 ἔξιθ’

2301 2699 2418 2751 Mil.

190 2822 313 2873 nius.
360 2824 443 2876 De
458 2826 641 2891 quibus
656 2826 863 2877 Niebhr.
880 2826 931 2877 ii.
948 2831 1049 2876 not.
1066 2842 1084 2875 r
1095 2840 1202 2889 324.

192 2886 529 2953 “Ea-enudus,
541 2892 627 2955 qui
642 2892 776 2940 haud
793 2890 943 2940 dubie
956 2893 1205 2940 Genucius

192 2954 487 3025 est‚fluimus
514 2962 566 3005 et
596 2955 788 3018 patricii
817 2960 870 3004 et
900 2954 1083 3017 plebeii
1106 2955 1203 3003 Ge-

194 3016 321 3088 nucii
348 3026 507 3080 erant,
528 3026 580 3068 et
598 3022 663 3069 P.
690 3022 956 3069 Trebonius
985 3034 1206 3067 censores

196 3076 267 3123 1111
298 3090 433 3132 erant
466 3084 587 3133 vitio
620 3083 788 3142 creati,
814 3098 935 3144 quos
967 3089 1206 3131 memorat

196 3148 353 3193 noster
372 3162 505 3211 supr.
524 3161 601 3210 27.
619 3162 718 3197 non
738 3146 938 3209 gessisse
958 3146 1207 3209 magistra·

198 3206 323 3257 tum:
350 3212 527 3273 quibus
547 3218 731 3271 tamen,
744 3226 831 3260 cur
850 3226 953 3259 rem
976 3226 1076 3259 non
1097 3225 1207 3271 age-

198 3276 303 3318 rent
332 3276 492 3325 verius
521 3276 572 3324 in
607 3290 755 3324 causa
786 3274 897 3335 fuit,
925 3274 1056 3337 quod
1088 3274 1207 3323 Tre-

200 3330 367 3407 bpnius
386 3340 609 3402 plebeius
629 3344 761 3389 erat:
794 3340 881 3387 sed
902 3338 1211 3387 verisimilius

202 3398 387 3451 videtur
406 3404 497 3453 hos
512 3418 735 3453 censores
746 3402 895 3452 fuine
914 3402 1063 3453 huius
1074 3402 1209 3463 anni,

204 3460 265 3508 td
296 3478 441 3517 novas
472 3469 667 3517 tabulas
697 3466 977 3517 scribendas
1006 3472 1211 3526 creatos,

207 3536 320 3583 ‘1¹1OE
348 3529 515 3580 Livius
543 3532 622 3581 vel
651 3530 841 3581 incuria
868 3546 972 3590 sua,
996 3531 1073 3578 vel
1096 3529 1213 3592 quia

205 3598 515 3664 monumenta
554 3596 679 3646 aeris
718 3594 869 3644 alieni
914 3593 1095 3643 civium
1138 3609 1212 3643 so-

208 3650 297 3701 lun
333 3673 431 3709 non
476 3660 793 3723 reliquerant,
838 3657 1215 3723 praetenuiaiw’

211 3712 405 3774 Niebhr.
426 3724 478 3776 ii.
499 3742 550 3775 n.
573 3726 681 3787 871.

277 3784 306 3832 8
334 3788 452 3839 Sino
492 3797 635 3849 corte,
676 3790 784 3838 eine
824 3786 1209 3850 comparatione]

214 3842 292 3893 Ita
317 3856 373 3898 ut
402 3852 585 3901 tribuni
616 3853 833 3901 militum
865 3866 959 3901 nec
990 3850 1212 3899 sortiren-

212 3910 303 3969 tur,
331 3928 419 3965 nec
450 3922 807 3980 compararent,
832 3914 865 3965 i.
890 3931 933 3965 e.
965 3912 1213 3963 communi

214 3985 439 4029 mnnensu
470 3980 598 4029 inter
626 3996 680 4029 se
711 3979 1079 4039 constituerent,
1106 3977 1215 4040 quis

214 4036 275 4085 ad
307 4041 489 4092 bellum
528 4044 707 4107 egredi,
738 4044 847 4107 quis
882 4044 1077 4093 Romae
1110 4057 1213 4091 ma-

216 4111 323 4151 nere
342 4106 553 4157 deberet.
585 4108 747 4159 Can.
791 4108 853 4157 cf.
874 4108 987 4157 inst.
1008 4121 1128 4156 xxx.
1157 4121 1197 4157 1.

274 4180 305 4228 9
336 4172 577 4236 Quicquid
592 4174 843 4234 superfuit
862 4174 1105 4232 fortunae
1128 4186 1213 4232 po-

214 4232 317 4285 puli
328 4234 558 4297 Romani]
586 4236 701 4285 Hoc
722 4234 867 4284 nimis
881 4236 1012 4284 elate
1026 4234 1215 4283 inflate-

220 4304 307 4350 que
331 4296 382 4345 in
406 4315 457 4349 re
478 4316 595 4349 sane
615 4299 713 4352 levi
734 4299 923 4349 dictum
944 4314 1069 4358 ene,
1086 4302 1219 4347 recte

221 4355 428 4414 Observat
456 4363 747 4417 Gronovius.
812 4363 947 4427 Lege
978 4378 1093 4413 cum
1124 4377 1217 4413 eo:

1270 2826 1518 2901 Quicquid
1535 2827 1802 2889 superfuit,
1823 2840 2003 2888 nempe
2025 2827 2086 2875 de
2107 2826 2185 2875 his
2206 2842 2288 2877 ex-

1269 2890 1516 2949 ercitibus,
1533 2892 1748 2949 fortuna
1777 2892 1954 2954 populo·
1983 2892 2212 2951 Romani,
2241 2898 2292 2942 et

1268 2956 1477 3003 militum
1496 2956 1644 3004 otiam
1661 2957 1770 3005 sine
1785 2962 1967 3005 rectore
1981 2957 2169 3005 stabilis
2187 2958 2287 3005 viv-

1269 3025 1367 3079 tus,
1403 3026 1567 3067 mata
1603 3026 1686 3069 est.
1763 3019 1900 3079 Solet
1939 3020 2126 3081 Livius,
2163 3036 2290 3084 quae

1269 3082 1567 3145 insperatam
1589 3082 1797 3132 salutem
1814 3083 1866 3131 in
1883 3084 2049 3146 aliquo
2071 3085 2290 3147 periculo

1270 3148 1560 3206 attulerunt,
1573 3162 1632 3195 ea
1645 3148 1869 3197 fortunae
1886 3148 2060 3210 populi
2075 3148 2292 3196 Romani

1270 3210 1512 3272 delegare.
1559 3210 1677 3259 vid.
1706 3226 1838 3273 supr.
1871 3212 1904 3261 i.
1933 3210 2012 3271 46.
2045 3210 2098 3259 ii.
2129 3226 2206 3270 40.
2240 3216 2292 3261 et

1272 3274 1391 3321 alibi
1426 3273 1634 3337 saepius.
1701 3273 1986 3322 Victorinus
2019 3274 2175 3322 codex
2207 3274 2291 3323 ha-

1274 3338 1358 3385 bet
1378 3338 1610 3397 fortuna.
1641 3336 1804 3387 cmiv.
1863 3340 2090 3387 Fortuna
2119 3338 2294 3401 populi

1271 3402 1483 3451 Romani
1515 3416 1574 3449 ao
1605 3402 1814 3449 militum
1839 3400 2055 3463 reposuit
2077 3400 2292 3453 Bekker.

1276 3465 1373 3514 Sed
1404 3467 1648 3526 fortunae
1687 3464 1870 3513 Stroth.
1910 3470 1962 3513 et
1999 3464 2152 3514 Doer.
2189 3480 2292 3514 ma-

1274 3530 1403 3588 lunt,
1415 3533 1650 3590 tanquam
1667 3527 1836 3577 Livius
1849 3528 2150 3590 mimefitss
2159 3528 2293 3590 quio-

1276 3592 1395 3655 quid
1416 3592 1580 3641 adhuc
1601 3592 1774 3641 salutis
1787 3591 1839 3641 in
1855 3598 1995 3641 tanto
2017 3592 2294 3642 discrimine

1276 3656 1936 3771 ffiflfflffffinffsffssss.
1934 3656 2298 3771 mamas&

1348 3800 1368 3833 1
1404 3787 1536 3835 Nove·
1557 3786 1738 3846 coloni]
1782 3784 1893 3835 Iam
1917 3788 2102 3837 Setiam
2134 3786 2296 3836 coloni

1278 3848 1411 3898 missi
1430 3850 1628 3898 fuerant
1647 3854 1820 3912 quarto
1845 3856 1964 3900 ante
1991 3866 2141 3911 anno,
2163 3851 2296 3914 quod

1278 3913 1562 3963 avelleio
1587 3915 1677 3963 sub
1698 3914 1847 3963 finem
1871 3914 1956 3965 lib.
1975 3913 2010 3964 i.
2033 3916 2296 3977 colligitur.

1279 3978 1441 4027 Cam.
1489 3978 1588 4027 Sed
1602 3978 1784 4028 Stroth.
1799 3984 2014 4029 veterem
2031 3979 2294 4027 lectionem

1276 4043 1425 4091 etiam
1468 4041 1667 4103 retinet,
1703 4048 1756 4091 et
1793 4058 1972 4092 nomen
2009 4041 2143 4090 urbis
2183 4044 2296 4103 post

1276 4108 1425 4157 ceiam
1445 4106 1783 4168 reponendum
1805 4110 1986 4155 oen-et.

1345 4185 1372 4217 α
1398 4171 1451 4219 C'.
1460 4172 1678 4230 Licinio]
1711 4170 1810 4219 Pro
1827 4169 2100 4227 aLt‘ct‘nio,
2113 4168 2172 4215 L.
2185 4166 2298 4216 Me-

1280 4236 1483 4283 nenium
1527 4234 1774 4283 Innatum
1817 4234 2014 4283 tertium
2061 4244 2301 4292 reponen-

1280 4297 1402 4410 «ἔπη
1420 4304 1586 4348 censet
1601 4295 1901 4359 Burgheeius
1911 4310 1940 4345 e
1955 4294 2148 4359 Fregm.
2165 4293 2303 4346 Fut.

1332 4360 1453 4423 apit.
2211 4377 2223 4389 ⁸
