3000 4784
773 236 963 302 LIB.
1014 237 1129 302 IV.
1194 237 1415 303 CAP.
1462 244 1567 303 48.
2095 242 2220 305 273

88 375 103 407 ¹
123 380 185 431 et
200 367 271 432 P.
292 368 607 435 Lucretio
631 370 1029 459 Tricipitino,
1048 373 1279 438 iterum
1302 374 1598 438 omnibus
1613 372 1732 449 his,
1753 386 1820 437 et
1841 372 1948 459 Sp.
1973 371 2222 437 Rutilio
2240 388 2307 438 U.
2329 390 2390 453 c.
2415 400 2525 453 3⁸9·

88 438 103 471 ²
126 454 365 532 Crasso,
388 468 459 521 et
486 458 871 545 insequente
896 482 1065 524 anno
1098 460 1179 525 A.
1206 458 1582 546 Sempronio
1613 458 1914 523 Atratino
1937 458 2215 535 tertium,
2237 454 2296 503 Α·
2331 454 2390 505 0·
2414 467 2527 515 413·

120 555 179 605 et
233 540 487 607 duobus
540 543 775 609 iterum
828 544 923 609 M.
964 546 1021 609 P
1102 546 1223 610 irio
1270 544 1650 632 Mugillano,
1697 559 1766 610 et
1825 545 1934 632 Sp.
1975 544 2220 609 Nautio
2233 517 2547 629 ,ᾒῇῗῖῗζξῒ

122 626 357 705 Rutilo,
399 630 744 695 biennium
784 632 1063 717 tranquil
1202 646 1504 697 externae
1545 654 1664 708 res,
1695 632 2010 696 discordia
2043 632 2218 695 domi
2235 645 2320 693 Tr.
2345 645 2458 694 Mil.

88 736 195 781 mx
250 716 517 814 agrariis
568 716 819 803 legibus
864 718 1003 781 fuit.
1096 717 1483 783 Turbatores
1533 717 1710 805 vulgi
1761 730 1943 782 erant
2005 716 2052 781 S
2097 718 2220 781 urii
2294 794 2305 805 ·
2338 713 2462 804 48.·

118 798 455 865 Maecilius
517 816 819 889 quartum
876 818 944 867 et
1014 802 1308 867 Metilius
1364 805 1620 868 tertium
1657 879 1662 885 ,
1691 804 1928 868 tribuni
1992 740 2218 891 pssbss,
2238 794 2498 867 D¹⁸⁰⁰¹d¹1²

115 886 295 949 ambo
316 888 625 953 absentes
644 889 857 953 creati.
952 888 1041 953 Et
1060 912 1263 975 quum
1280 890 1672 976 rogationem
1694 890 2218 976 promulgassent,
2236 872 2516 984 fgcggagranm

88 982 183 1039 *ut
210 994 363 1070 ager
402 997 491 1037 ex
530 974 817 1040 hostibus
846 988 1069 1061 captus
1107 974 1343 1039 viritim
1380 976 1792 1053 divideretur,
1823 998 2218 1063 magnaeque

88 1072 305 1141 spartis
345 1060 669 1125 nobilium
702 1084 780 1126 eo
815 1061 1147 1148 plebiscito
1184 1061 1660 1147 publicarentur
1696 1062 2022 1137 fortunam
2069 1062 2220 1148 (nec

116 1144 281 1207 enim
298 1144 508 1211 ferme
532 1148 877 1233 quicquam
895 1148 1051 1234 agri,
1068 1161 1143 1211 ut
1172 1149 1240 1211 in
1260 1149 1417 1212 urbe
1448 1148 1658 1212 alieno
1687 1147 1822 1212 solo
1843 1148 2068 1234 posita,
2087 1170 2222 1213 non

88 1230 295 1293 zarmis
340 1245 613 1317 partum
652 1245 828 1309 erat3
883 1256 1025 1310 nec,
1064 1234 1241 1319 quod
1278 1234 1558 1297 venisset
1595 1234 2056 1319 assignatumve
2101 1257 2221 1321 pu-

88 1314 272 1380 rblice
314 1331 513 1395 esset,
546 1333 991 1406 praeterquam
1030 1320 1209 1405 plebs
1253 1317 1559 1403 habebat)
1587 1332 1768 1383 atrox
1809 1318 1982 1405 plebi
2014 1320 2222 1383 Patri-

117 1400 357 1489 busque
374 1405 782 1491 propositum
800 1405 1133 1469 videbatur
1146 1418 1493 1469 certamen:
1529 1428 1650 1469 nec
1669 1405 1907 1469 tribuni
1925 1405 2220 1483 militum,

118 1510 283 1551 nunc
314 1490 385 1553 in
416 1504 672 1567 senatu,
704 1514 877 1556 nunc
904 1492 975 1555 in
1003 1491 1287 1555 conciliis
1316 1491 1572 1578 privatis
1602 1491 1962 1578 principum
1989 1514 2223 1579 cogen-

118 1572 228 1649 dis,
258 1576 435 1640 viam
466 1577 718 1641 consilii
758 1578 1207 1654 inveniebant3
1254 1600 1455 1663 quum
1496 1579 1625 1664 Ap.
1663 1576 1991 1655 Claudius,
2023 1600 2222 1665 nepos

118 1660 249 1723 eius
276 1662 395 1747 qui
442 1663 773 1728 decemvir
808 1663 1054 1749 legibus
1082 1665 1429 1728 scribendis
1470 1665 1694 1742 fuerat,
1725 1664 2027 1729 minimus
2066 1678 2223 1729 natu

120 1766 197 1807 ex
226 1745 499 1813 Petrum
542 1750 835 1826 concili0,
864 1744 1099 1813 dicitur
1126 1751 1381 1828 dixisse,
1416 1758 1436 1789 ‘
1458 1750 1665 1815 Vetus
1703 1774 1770 1815 se
1801 1774 1877 1815 ac
1913 1751 2221 1815 familiare

88 1838 139 1891 3‘
156 1834 499 1899 consilium
542 1834 734 1900 domo
774 1836 1029 1899 afferre:
1080 1859 1383 1923 proavum
1424 1838 1600 1901 enim
1640 1860 1826 1901 suum
1871 1838 1996 1923 Ap.
2025 1836 2221 1902 Clau·
2240 1850 2392 1925 ᾼρρὶἰ
2415 1866 2528 1899 con-

124 1924 142 1951 ‘
158 1917 331 1983 dium
372 1920 731 1986 ostendisse
774 1921 1066 1986 Patribus
1104 1923 1273 1987 viam
1312 1946 1506 1987 unam
1545 1924 1982 1989 dissolvendae
2025 1924 2223 1987 tribu·
2237 1916 2401 1963 ⁸¹¹¹¹¹¹¹¹
2424 1916 2487 1991 {¹⁰

124 2010 142 2037 ‘
162 2004 363 2070 niciae
408 2008 749 2093 potestatis
792 2031 910 2095 per
951 2008 1334 2095 collegarum
1376 2010 1913 2074 intercessionem.
2009 2010 2218 2075 Facile
2237 1980 2517 2091 fflsssssso-

88 2108 112 2155 9
129 2095 144 2123 ‘
160 2087 449 2157 homines
477 2116 681 2158 novos
710 2094 1080 2158 auctoritate
1112 2096 1473 2182 principum
1503 2095 1586 2160 de
1617 2096 1934 2159 sententia
1962 2095 2218 2174 deduci,
2239 2108 2382 2155 ribus.

127 2174 207 2237 ‘si
254 2189 623 2267 temporum
670 2180 995 2245 interdum
1047 2194 1277 2267 potius,
1322 2204 1516 2267 quam
1568 2182 1929 2257 maiestatiS,
1981 2204 2224 2246 memor

200 2392 219 2424 π
252 2380 445 2430 Iterum
466 2382 691 2432 mnibus
710 2384 813 2443 his]
854 2382 929 2432 Ut
950 2383 1043 2431 hoc
1070 2398 1143 2432 ve-

130 2453 231 2488 rum
252 2444 333 2503 sit,
352 2460 558 2495 neeesse
584 2452 659 2495 est
688 2462 751 2495 ex
772 2448 1051 2497 coniectura
1073 2448 1143 2496 si-

130 2506 253 2563 gonii
276 2510 333 2557 L.
360 2511 633 2560 Servitium
664 2526 795 2573 supr.
830 2526 907 2573 42.
941 2526 1143 2573 repona-

134 2580 249 2680 ᾖ
280 2574 365 2684 εξᾱ
402 2575 657 2686 (Ηω-εἷιῃο
695 2576 859 2637 placet
898 2575 1017 2624 Caio
1057 2588 1145 2635 pro

172 2756 182 2767 ι
202 2711 227 2743 2
250 2640 939 2771 &poeggfssioaelegerssgendum
980 2706 1147 2749 censet

136 2756 351 2820 Slgomus
369 2768 460 2827 Sp.
496 2768 691 2814 Veturio
712 2782 775 2815 ex
800 2765 1018 2813 Diodoro
1040 2765 1141 2813 xiii.

137 2834 181 2879 P·
202 2836 305 2885 334,
322 2831 456 2889 quod
480 2830 662 2877 Rutilii
685 2828 862 2891 plebeii
886 2835 1040 2888 erant,
1062 2828 1143 2875 hic

139 2898 243 2933 vero
260 2893 521 2949 patricium
536 2894 825 2954 quaerimus.
874 2893 1017 2941 Idem
1036 2896 1147 2954 post

136 2948 214 3009 Sp.
222 2955 409 3006 Nautio
422 2959 595 3005 Rutilo
609 2972 751 3005 voces
762 2964 809 3005 et
822 2958 879 3015 Q.
892 2958 1045 3005 Fabio
1068 2957 1145 3004 Va·-

139 3012 307 3065 balano
327 3018 631 3069 intercidisse
665 3026 821 3081 putat.
889 3019 990 3068 Hic
1012 3020 1142 3067 enim

1210 2384 1331 2433 blico
1362 2386 1510 2443 esset]
1585 2384 1926 2434 vendebantur
1958 2384 2088 2446 capti
2122 2386 2223 2447 agri

1208 2449 1436 2496 auctione
1499 2448 1781 2507 constituta,
1842 2450 2224 2509 aetimabuntur

1208 2511 1413 2573 publica
1432 2511 1721 2559 auctoritate
1741 2512 1818 2559 vel
1839 2512 2078 2559 militibus
2097 2512 2222 2560 bene

1210 2574 1272 2622 de
1306 2574 1559 2636 republica
1590 2574 1790 2633 meritis,
1816 2576 1892 2623 vel
1927 2575 2224 2623 deducendis

1209 2637 1261 2685 in
1284 2652 1366 2685 eos
1390 2636 1606 2686 coloniis
1643 2638 1809 2686 Domi..

1279 2714 1306 2762 7
1338 2704 1696 2764 Praeterquam
1723 2703 1860 2763 plebs
1891 2703 2122 2762 babebat]
2171 2704 2222 2752 Si

1210 2763 1474 2827 Doeringio
1491 2772 1578 2813 aut
1593 2766 1816 2827 Ruperto
1832 2766 2104 2825 audiamus,
2118 2783 2222 2815 sen-

1209 2844 1290 2877 sus
1319 2834 1408 2888 est,
1430 2846 1518 2877 nec
1551 2831 1808 2891 quicquam
1838 2832 2042 2878 habebat
2069 2833 2222 2893 plebs,

1208 2895 1307 2941 nisi
1339 2892 1467 2956 quod
1490 2894 1741 2943 venditam
1762 2896 2156 2959 mammemque
2177 2898 2224 2945 ei

1204 2959 1401 3019 publice
1424 2966 1546 3006 mec
1559 2978 1576 3005 :
1611 2959 1696 3006 sed
1729 2957 1837 3006 aliis
1867 2958 1972 3007 iure
1999 2959 2224 3020 displicet

1207 3020 1330 3069 haec
1354 3021 1528 3069 versio:
1562 3037 1712 3084 quum
1736 3022 1868 3070 enim
1901 3022 2023 3071 haec
2051 3038 2220 3085 paren-

138 3076 197 3121 ab
233 3085 514 3132 auctoribus
546 3082 841 3145 Capitolinis
878 3089 928 3131 et
960 3098 991 3130 a
1024 3082 1142 3131 Dio-

139 3138 249 3211 dqro
264 3145 365 3195 xiii.
384 3164 437 3210 p.
457 3160 565 3211 335.
586 3148 639 3197 in
659 3148 793 3196 hune
813 3160 997 3195 annum
1018 3146 1147 3195 inter

140 3205 351 3258 tubunas
368 3212 475 3260 mil.
500 3211 675 3259 editur.

166 3330 177 3341 ·
210 3283 236 3329 3
264 3273 439 3335 Spurii
477 3276 745 3324 Maecilius
777 3311 789 3323 .
814 3310 827 3323 .
853 3310 864 3323 .
890 3310 902 3322 .
930 3283 977 3324 et
998 3276 1145 3323 Meti-

142 3329 255 3393 lms]
289 3338 451 3387 Ambo
468 3338 699 3386 nimirum
716 3352 983 3399 cognomen
1000 3336 1146 3385 babe-

143 3392 495 3462 bflntSptm‘m.
542 3403 801 3451 Hactenus
816 3402 1051 3449 edebam
1059 3403 1145 3463 Sp.

146 3462 269 3531 quod
286 3474 419 3515 recte
436 3465 579 3515 nobis
597 3465 903 3528 interpretari
926 3464 1057 3512 visus
1077 3470 1151 3513 est

146 3518 361 3583 Stgonius
381 3530 555 3593 Spurii
570 3550 585 3577 .·
626 3536 775 3591 atque
808 3526 877 3576 ita
910 3527 1150 3587 dedimus,

148 3592 199 3631 ut
218 3593 507 3657 ambiguitas
526 3594 795 3642 tolleretur.
830 3593 989 3641 Cam.

207 3668 237 3723 ,4
264 3658 401 3719 Ayer
426 3674 489 3707 es·
515 3658 729 3706 hostibus
753 3658 951 3719 captus]
991 3654 1147 3711 Quid-

150 3717 257 3771 quld
277 3721 377 3782 agri
398 3722 463 3769 ab
482 3722 603 3769 urbe
624 3720 825 3769 condita
844 3734 907 3769 ex
931 3720 1149 3767 hostibus

150 3784 337 3853 cantum
356 3790 479 3844 erat,
493 3789 687 3847 praeter
703 3784 756 3832 id
771 3784 901 3845 quod
918 3782 1149 3841 venierat,

152 3852 497 3905 mgnatumve
539 3847 735 3909 publice
768 3854 889 3906 erat,
919 3852 977 3895 ut
1013 3852 1151 3909 patet

154 3916 209 3950 ΒΧ
228 3912 549 3971 sequentibus.
584 3912 747 3961 cm.

220 3983 244 4031 5
283 3977 666 4025 Publioarmtur
696 3976 965 4035 fortunae]
1032 3976 1152 4021 For-

154 4036 293 4085 tunae
321 4054 387 4088 sc.
416 4039 567 4087 annui
600 4038 803 4097 reditus,
842 4040 1150 4099 publicaren-

156 4098 301 4156 “ffluin
318 4102 567 4165 publicum
584 4108 877 4163 resumptae.
919 4100 1154 4149 Similiter

156 4170 274 4221 ⁸¹¹Pr.
296 4166 361 4216 iii.
388 4182 467 4228 30.
501 4169 562 4217 de
586 4167 833 4215 Aventino
856 4166 1154 4225 publicando

158 4220 231 4270 ¹¹³¹
272 4229 371 4277 lata
410 4236 499 4279 est.
547 4229 755 4278 Niebhr.
800 4227 849 4276 ii.
894 4232 997 4277 not.
1042 4227 1153 4289 685.

163 4283 401 4343 Waehsm.
424 4310 471 4356 p.
496 4306 605 4356 235.
628 4298 731 4342 not.
758 4292 833 4353 58.

216 4351 245 4399 6
272 4359 407 4413 Quod
436 4360 645 4407 venisset
672 4359 1033 4416 mmmmm
1062 4370 1152 4415 pu-

1208 3084 1389 3133 thetice
1438 3086 1681 3145 dicuntur,
1722 3092 1778 3133 ut
1824 3086 2002 3134 clarius
2052 3092 2220 3149 pateat

1208 3148 1452 3209 quomodo
1484 3150 1665 3207 evenit,
1685 3154 1742 3197 ut
1763 3150 1986 3197 fortunae
2017 3164 2224 3211 magnae

1208 3213 1361 3274 partis
1407 3213 1645 3261 nobilium
1703 3212 1980 3273 publicatae
2027 3214 2224 3269 fuerint,

1210 3282 1374 3323 noster
1428 3276 1554 3323 velle
1609 3275 1800 3323 videtur
1860 3277 2039 3335 dicere,
2092 3278 2222 3337 quod

1210 3340 1337 3387 nulli
1353 3346 1702 3401 praeterquam
1727 3340 1924 3401 plebeii,
1945 3339 1994 3387 h.
2018 3355 2060 3387 e.
2085 3341 2225 3401 plebs

1210 3403 1333 3461 sola,
1364 3418 1506 3463 aym
1535 3404 1752 3451 venditos
1783 3404 2108 3465 acsiynatowe
2137 3405 2223 3451 lta-

1214 3468 1361 3525 beret,
1407 3466 1493 3527 qui
1541 3466 1788 3527 publioari
1837 3467 2108 3528 nequirent.
2161 3467 2222 3517 cf.

1216 3528 1473 3577 Wachsm.
1498 3544 1547 3590 p.
1574 3527 1680 3590 236.

1278 3594 1307 3640 8
1340 3594 1591 3640 Proavum
1620 3628 1631 3640 .
1655 3627 1666 3640 .
1694 3628 1704 3640 .
1730 3628 1742 3640 .
1771 3609 1916 3641 suum
1947 3596 2045 3656 Ap.
2080 3595 2225 3643 Glau-

1212 3657 1373 3715 aima]
1402 3656 1568 3711 Quem
1587 3658 1797 3704 eundem
1817 3672 1926 3704 cum
1944 3658 2064 3705 Atto
2077 3660 2226 3708 Clau-

1213 3735 1269 3767 so
1299 3719 1446 3767 fuisse
1480 3725 1646 3767 censet
1681 3720 1884 3769 Niebhr.
1916 3720 1966 3769 ii.
1989 3728 2090 3771 not.
2119 3733 2224 3784 754.

1214 3783 1297 3831 De
1318 3784 1412 3830 hoc
1434 3788 1600 3831 vetere
1621 3784 1914 3845 consilimcf.
1929 3800 2060 3849 supr.
2075 3787 2124 3835 ii.
2142 3804 2216 3847 44.

1286 3862 1317 3911 9
1356 3848 1593 3895 Homines
1633 3850 1803 3909 ηουω]
1871 3850 1932 3897 In
1976 3850 2226 3898 tribunatu

1216 3911 1488 3959 exercendo
1509 3926 1654 3965 novos
1677 3913 1780 3963 vult
1805 3914 1954 3961 Doer.
2005 3914 2102 3961 Sed
2127 3914 2228 3961 fleri

1218 3980 1379 4037 potest
1408 3980 1463 4022 ut
1490 3976 1704 4025 homines
1735 3980 1847 4025 nom·
1881 3976 1961 4024 hic
1993 3979 2229 4025 nobilibus

1216 4044 1542 4100 opponantur,
1575 4056 1734 4101 neque
1767 4040 1964 4089 difficile
2003 4047 2106 4087 erat
2145 4040 2228 4085 ho·

1216 4103 1373 4149 mines
1392 4116 1544 4150 novos
1569 4105 1860 4153 auctoritate
1887 4103 2140 4159 nobilium,
2163 4116 2228 4147 sc.

1216 4165 1257 4211 si
1278 4180 1310 4213 a
1332 4165 1575 4213 nobilibus
1607 4166 1990 4227 prensitarentur
2009 4171 2060 4211 et
2083 4163 2228 4210 comi-

1218 4236 1293 4275 ter
1330 4228 1722 4285 sollicitarentur,
1761 4231 1822 4276 de
1866 4227 2106 4276 sententia
2149 4228 2230 4273 de·

1220 4292 1346 4342 duci.

1850 4434 1889 4473 Τ
