3000 4784
736 215 860 278 160
1504 207 1730 274 ΤΙΤΙ
1787 205 2063 272 LIVII

406 350 473 400 U.
498 352 557 402 C·
582 365 693 416 293·
730 365 897 423 mam
922 365 995 408 ac
1019 341 1346 407 materiam
1369 341 1739 408 criminibus
1761 341 1889 406 suis
1911 363 2278 428 suggerere:
2326 342 2351 405 l
2433 365 2536 406 em
2555 343 2846 418 interim,

402 415 463 465 A.
498 417 558 466 ⁰·
582 427 692 480 4⁵9·
729 453 862 495 non
885 443 1015 494 tam
1044 429 1127 494 ad
1156 451 1333 515 spem
1360 428 1744 515 perferendi,
1824 450 1971 491 uam
2001 428 2086 492 a‘d
2114 364 2547 493 lacesseffilam
2589 429 2848 494 Kaeso-
2946 455 2947 476 ³

728 517 827 580 nis
850 515 1291 592 temeritatem,
1312 516 1504 579 ferre:
1573 513 1672 578 Ibi
1696 451 1916 590 multa,
1941 536 2129 613 saepe
2153 515 2234 578 ab
2258 515 2590 580 iuventute
2613 516 2848 580 incon-
2946 575 2947 592 ,

727 602 891 667 sulte
922 601 1093 668 dicta
1120 605 1429 688 factaque,
1462 601 1532 664 in
1571 601 1760 664 unius
1793 600 2108 664 Kaesoms
2137 613 2500 686 suspectum
2537 601 2848 666 incidunt
2946 597 2947 604 '

732 689 1099 774 ingenium:
1150 700 1361 752 tamen
1392 687 1453 750 le
1498 687 1958 751 iresistebatur.
2053 685 2140 750 Et
2171 687 2254 750 A.
2290 685 2622 772 Virginius
2651 688 2849 752 iden·
2946 725 2947 728 =

730 775 929 839 tidem
954 773 1160 861 plebi:
1213 773 1452 860 ‘Ecqui
1529 773 1774 836 sentitis
1803 773 1949 848 iam,
1973 795 2103 850 VOS,
2130 771 2436 848 Quirites,
2467 773 2848 838 Kaesonem
2946 841 2947 846 γ

731 860 956 925 ‘simul
991 860 1195 924 civem
1234 873 1301 923 et
1344 859 1572 944 legem,
1615 881 1806 944 quam
1853 859 2102 944 cupitiS,
2140 858 2376 923 habere
2421 881 2554 922 non
2599 882 2786 945 posse
2811 861 2846 923 ¹?

732 955 751 984 ‘
774 947 1160 1032 Quanquam
1191 945 1350 1031 quid
1380 968 1499 1030 ego
1529 944 1738 1031 legem
1775 944 2045 1030 loquor?
2090 945 2366 1010 libertati
2395 945 2644 1008 obstat:
2694 967 2844 1010 om-
2946 947 2947 950 ’

731 1041 750 1070 6
766 1056 881 1096 nes
911 1031 1295 1118 Tarquinios
1322 1055 1397 1096 su
1442 1032 1618 1095 erbia
1638 1043 1990 1117 exsuperat.
2071 1031 2476 1130 Exspectate,
2497 1031 2656 1095 dum
2677 1053 2844 1096 con-
2946 1041 2947 1068 ³

730 1119 864 1183 ‘sul
908 1131 1019 1182 aut
1068 1119 1340 1182 dictator
1380 1055 1513 1193 liat,
1561 1139 1753 1202 quem
1806 1117 2120 1203 privatum
2165 1117 2403 1182 mribus
2453 1130 2522 1181 et
2565 1117 2844 1182 audacia
2946 1155 2947 1180 ;

731 1213 751 1244 6
767 1216 1137 1292 regnantem
1159 1203 1427 1268 videtis?
1503 1203 2035 1268 Assentiebantur
2055 1201 2280 1280 multi,
2329 1201 2562 1266 ulsatos
2579 1225 2650 1266 se
2673 1226 2842 1289 que-

727 1305 956 1368 renteS,
1003 1305 1069 1356 et
1112 1291 1439 1356 tribunum
1482 1289 1566 1353 ad
1608 1311 1744 1352 rem
1784 1289 2210 1375 peragendam
2314 1300 2411 1354 tro
2457 1289 2835 1354 incitabant.

515 1392 612 1454 12,
728 1377 867 1443 Iam
910 1377 1127 1442 aderat
1173 1369 1411 1442 iudicio
1453 1376 1610 1453 dies,
1657 1375 2144 1461 apparebatque,
2189 1374 2379 1460 vulgo
2422 1374 2718 1440 homines
2763 1377 2840 1439 in
2946 1451 2947 1456 γ

726 1463 1133 1530 damnatione
1160 1463 1473 1528 Kaesonis
1496 1462 1850 1526 libertatem
1871 1461 1975 1547 agi
1997 1461 2274 1526 credere.
2367 1459 2542 1524 Tum
2563 1460 2838 1525 demum

726 1563 982 1614 coactus
1020 1571 1169 1612 cum
1206 1548 1407 1612 multa
1443 1547 1824 1634 indignitate
1866 1548 2202 1634 prensabat
2235 1545 2552 1632 singulos:
2599 1569 2841 1633 seque—

724 1635 959 1698 bantur
996 1633 1350 1709 necessarii,
1381 1633 1703 1720 principes
1743 1633 2030 1698 civitatis.
2123 1632 2203 1696 T.
2239 1631 2585 1707 Quinctius
2631 1631 2838 1720 Capi·
2946 1691 2947 1694 ,

726 1719 980 1797 tolinuS,
1034 1718 1147 1806 qui
1200 1731 1298 1782 ter
1348 1718 1571 1783 consul
1617 1719 1840 1796 fuerat,
1941 1741 2096 1783 uum
2147 1717 2350 1782 multa
2393 1717 2657 1784 referret
2715 1743 2840 1784 sua

724 1805 1127 1905 familiaeque
1158 1805 1407 1880 decora,
1432 1805 1812 1869 affirmabat:
1863 1813 1884 1843 ‘
1973 1828 2138 1904 eque
2169 1804 2237 1868 in
2271 1803 2584 1879 Quinctia
2611 1817 2833 1892 gente,

727 1899 748 1929 ‘
762 1914 975 1978 neque
1020 1913 1091 1954 1n
1128 1890 1380 1954 civitate
1430 1889 1722 1954 Romana
1767 1903 2004 1956 tantam
2044 1890 2327 1955 indolem
2365 1902 2496 1954 tam
2541 1904 2833 1956 maturae

725 1977 1011 2042 ‘virtutis
1040 2001 1129 2042 un
1176 1999 1323 2040 uam
1346 1976 1675 2041 exstitisse.
1773 1975 1975 2042 Suum
2003 1977 2281 2064 primum
2311 1976 2580 2040 militem
2601 1977 2828 2042 fuisse:
2853 1999 2883 2046 8
2946 2019 2947 2054 ff

725 2072 828 2128 ‘se
865 2087 967 2128 sae
1016 2087 1051 2128 e
1082 2065 1144 2126 vi
1192 2076 1337 2127 ente
1379 2085 1691 2149 pugnasse
1721 2064 1790 2126 in
1831 2063 2118 2128 hostem.’
2210 2061 2254 2126 S
2301 2111 2314 2127 .
2352 2061 2600 2139 Furius,
2636 2071 2657 2101 ‘
2677 2065 2836 2128 mis·
2946 2079 2947 2084 ’

724 2159 743 2189 6
760 2173 900 2214 sum
932 2174 971 2213 a
1046 2149 1355 2225 Quinctio
1400 2148 1766 2236 Capitolino
1797 2149 1917 2214 sibi
1947 2171 2096 2213 eum
2135 2149 2202 2212 in
2281 2147 2446 2212 ubiis
2477 2149 2606 2213 suis
2635 2150 2836 2214 rebus

724 2237 1003 2300 ‘venisse
1034 2235 1353 2301 subsidio:
1401 2235 1726 2299 neminem
1757 2257 1958 2300 unum
1989 2256 2143 2312 esse,
2177 2235 2356 2298 cuius
2385 2235 2586 2320 magis
2625 2258 2831 2323 opera

723 2330 744 2361 6
759 2334 945 2408 putet
982 2345 1117 2387 rem
1147 2321 1544 2386 restitutam)
1629 2321 1708 2384 L.
1742 2321 2098 2397 Lucretiae,
2131 2319 2354 2385 consul
2393 2322 2550 2384 anni
2577 2323 2834 2407 prioris,

721 2410 961 2472 recenti
992 2407 1195 2495 gloria
1222 2407 1451 2484 nitens,
1484 2429 1628 2470 suas
1656 2406 1875 2472 laudes
1915 2407 2290 2494 participare
2320 2429 2468 2471 cum
2503 2408 2832 2486 Kaesone,
2946 2435 2947 2482 3

722 2517 1070 2560 memorare
1110 2517 1373 2582 pugnas,
1411 2493 1644 2558 referre
1685 2492 1940 2642 egffiia
1972 2493 2269 2576 facinora,
2299 2515 2475 2558 nunc
2519 2494 2590 2557 in
2629 2517 2837 2581 expe-
2946 2543 2947 2548 η

722 2581 1089 2658 ditionibus,
1138 2603 1311 2646 nunc
1360 2581 1429 2644 in
1480 2578 1654 2644 acie:
1718 2601 1748 2643 s
1877 2602 1982 2643 ere
2035 2593 2103 2644 et
2152 2601 2432 2656 monere,
2490 2580 2832 2644 ‘iuvenem
2946 2597 2947 2600 ’

726 2669 1108 2754 ‘egregium,
1140 2668 1521 2731 instructum
1550 2677 1812 2730 naturae
1843 2665 2262 2751 fortunaeque
2293 2665 2590 2731 omnibus
2617 2665 2830 2743 boniS,

722 2762 745 2792 6
761 2754 1112 2816 maximum
1134 2765 1530 2816 momentum
1559 2775 1771 2816 rerum
1793 2752 1930 2816 eius
1959 2751 2250 2828 civitatiS‚
2273 2750 2342 2815 in
2373 2773 2830 2838 quamcunque

725 2838 1051 2914 ‘venissen
1075 2859 1280 2914 suum,
1351 2859 1497 2900 uam
1527 2837 1826 2916 alienum,
1851 2837 2113 2901 mallent
2141 2837 2345 2902 civem
2375 2859 2528 2901 esse.
2627 2836 2832 2912 Quod

723 2932 744 2962 ‘
760 2922 1043 2986 offendat
1071 2921 1139 2985 in
1170 2945 1269 2996 e0,
1324 2944 1611 2986 ervorem
1640 2935 1706 2988 et
1735 2923 2062 2988 audaciam
2091 2934 2362 2990 aetatem
2392 2923 2684 3009 quotidie
2713 2947 2832 2988 au-

723 3017 745 3046 ‘
760 3008 959 3083 ferre3
1020 3006 1197 3094 quod
1243 3006 1640 3072 desideretur
1689 3009 2042 3085 consilium,
2091 3008 2160 3073 id
2212 3009 2278 3072 in
2330 3008 2468 3075 dies
2517 3031 2826 3075 crescere.

724 3103 744 3131 ‘
765 3092 1254 3157 Senescentibus
1282 3093 1468 3169 vitiis,
1489 3106 1954 3159 maturescente
1977 3095 2232 3171 virtute,
2257 3095 2540 3159 sinerent
2571 3108 2828 3160 tantum

722 3178 964 3243 ‘virum
994 3201 1213 3244 senem
1241 3179 1311 3242 in
1340 3178 1596 3243 civitate
1625 3181 1806 3244 fieri.’
1893 3181 2086 3245 Pater
2113 3181 2284 3245 inter
2310 3181 2426 3244 hos
2457 3179 2534 3243 L.
2575 3179 2872 3262 Quinc-9

719 3265 865 3343 tiuS,
906 3265 1011 3329 cui
1056 3265 1443 3330 Cincinnato
1482 3287 1838 3352 cognomen
1878 3279 2030 3343 erat,
2068 3289 2200 3330 non
2243 3265 2534 3330 iterando
2578 3265 2827 3345 laudeS,

718 3375 802 3416 ne
834 3351 1186 3416 cumularet
1212 3350 1538 3428 invidiam,
1571 3351 1684 3416 sed
1723 3351 1974 3416 veniam
2004 3351 2199 3416 errori
2231 3363 2422 3437 atque
2453 3351 2828 3418 adolescen-

719 3438 845 3501 tiae
948 3436 1201 3514 etend0,
1252 3437 1390 3514 sibi,
1440 3439 1553 3524 qui
1611 3460 1744 3502 non
1793 3437 1984 3513 dicto,
2033 3459 2166 3502 non
2216 3438 2384 3502 facto
2428 3461 2826 3524 quemquam

718 3523 888 3588 offen
936 3523 1105 3600 isset,
1136 3535 1211 3586 ut
1239 3523 1676 3588 condonarent
1704 3521 1926 3599 filium,
1953 3524 2189 3588 orabat.
2285 3521 2417 3587 Sed
2445 3523 2552 3587 alii
2577 3545 2826 3589 aversa-

716 3609 952 3673 bantur
990 3632 1226 3696 preces,
1266 3621 1376 3674 aut
1411 3607 1812 3684 verecundia,
1855 3619 1968 3672 aut
2009 3622 2222 3674 metu:
2273 3607 2401 3685 alii,
2437 3632 2506 3674 se
2547 3632 2825 3698 suosque

720 3693 1027 3761 mulcatos
1069 3707 1427 3782 querenteS,
1466 3695 1662 3758 atroci
1705 3716 2010 3780 responso
2052 3694 2366 3759 iudicium
2409 3717 2598 3760 suum
2639 3719 2864 3782 prae-1

784 3888 816 3935 8
846 3887 1005 3936 Suum
1030 3889 1271 3950 primum]
1318 3888 1383 3937 Se
1417 3889 1544 3936 duce
1579 3887 1738 3949 prima
1803 3887 1882 3937 vii.
1910 3891 1982 3938 18.

718 3948 963 4011 stipendia
981 3951 1181 4000 fecisse:
1216 3952 1312 4011 vel,
1334 3950 1549 4012 primum
1569 3952 1736 4000 locum
1879 3967 1898 4000 1
1935 3955 2105 4001 Atroct’
2139 3967 2368 4014 responso
2403 3952 2642 4002 iudicium
2677 3969 2826 4002 sum

716 4012 846 4062 inter
884 4029 998 4062 suos
1050 4015 1231 4063 milites
1275 4015 1455 4063 virtute
1498 4021 1550 4063 et
1590 4017 1736 4065 rebus
1793 4017 2171 4088 praeferebant]
2208 4015 2454 4064 Atrociter
2471 4016 2828 4076 respondeum

716 4082 875 4139 gestes
894 4077 1121 4127 tenuisse.
1155 4079 1317 4128 Cam.
1587 4129 1593 4134 ,
1799 4079 2037 4126 iudicium
2075 4095 2142 4128 sc.
2183 4078 2478 4128 sententiam
2520 4093 2660 4126 suam
2705 4087 2826 4128 ante

782 4156 814 4204 9
848 4143 1123 4200 Quinctius,
1147 4145 1229 4190 cui
1252 4141 1544 4191 Cincinnato
1567 4158 1736 4204 cayno-
1799 4141 1930 4190 diem
1965 4140 2130 4190 iudicii
2157 4143 2396 4201 serebant,
2417 4143 2496 4194 vel
2517 4141 2670 4190 etiam
2705 4158 2826 4205 prae

718 4221 829 4254 men
848 4209 980 4266 erat]
1013 4205 1165 4260 Quod
1184 4204 1387 4266 capillos
1402 4205 1453 4253 in
1469 4208 1737 4266 cincinnos,
1799 4220 1852 4253 se
1887 4205 2124 4264 ferebant,
2155 4206 2488 4263 declarabant,
2515 4205 2824 4267 indicabant,

722 4267 987 4318 h.e.crines
1008 4268 1213 4316 intortos
1230 4267 1282 4314 in
1306 4267 1513 4316 circulos
1535 4274 1588 4316 et
1607 4270 1735 4316 oelae
1799 4269 1996 4330 qualem
2019 4269 2100 4318 die
2131 4267 2300 4318 iudicii
2333 4268 2630 4320 sententiam
2657 4277 2818 4320 cuent

724 4329 984 4388 misti-atos,
1021 4331 1256 4388 flecteret,
1292 4335 1349 4376 ut
1380 4331 1526 4380 docet
1559 4331 1736 4382 Zonar.
1799 4330 1992 4384 dicturi.
2025 4332 2156 4381 Rur.
