3000 4784
722 226 914 291 LIB.
958 226 1145 293 VIII.
1212 230 1434 296 CAP.
1480 238 1585 297 25.
2064 238 2186 296 481

108 374 369 427 ituros.
463 362 771 427 Ceterum
830 386 977 427 cum
1028 363 1291 429 delectis
1346 367 1504 453 ipse,
1565 367 1892 454 egregium
1947 367 2192 431 facinus
2212 381 2278 430 U,
2303 382 2361 431 c.
2387 394 2494 445 4²9

108 472 287 525 nsua,
344 468 461 535 per
503 448 749 513 medios
794 450 1075 536 erumpit
1118 450 1350 528 hostes,
1396 466 1463 517 et
1510 453 1742 518 ducem
1781 451 2192 518 Lucanorum
2209 447 2269 495 A.
2303 446 2361 493 C·
2388 456 2500 504 3²³·

108 536 380 599 »minus
438 556 839 622 congressum
900 536 1271 603 obtruncat:
1336 540 1846 626 contrahensque
1905 560 2051 603 suos
2110 562 2192 604 ex

108 646 215 708 ga
262 620 541 707 palatos,
572 622 865 708 pervenit
902 623 985 686 ad
1025 646 1300 701 amnem,
1331 626 1532 691 ruinis
1569 626 1930 691 recentibus
1958 627 2191 713 pontis,

108 730 267 772 Jem
312 707 416 771 vis
451 730 653 794 aquae
690 708 1050 787 abstulerat,
1080 710 1471 777 indicantem
1511 714 1648 777 iter.
1747 712 1962 787 Quem
1991 734 2193 799 quum

108 806 331 859 tcerto
365 794 529 859 vado
566 794 859 859 transiret
888 818 1135 883 agmen,
1167 797 1365 862 fessus
1404 813 1583 864 metu
1623 822 1696 863 ac
1737 798 1949 864 labore
1989 799 2189 875 miles,

108 902 425 967 terepans
475 902 711 945 nomen
764 882 1258 948 abominandum
1310 885 1609 962 fluminis,
1667 894 1686 924 ‘
1707 883 1854 949 Iure
1901 885 2192 951 Acheros

108 967 413 1043 vocaris?
442 966 668 1053 inquit.
766 967 963 1043 Quod
992 969 1101 1033 ubi
1132 970 1213 1034 ad
1244 992 1425 1036 aures
1455 971 1688 1036 accidit
1715 971 1916 1057 regis3
1959 971 2194 1035 adiecit

108 1068 286 1117 (tem
347 1053 413 1118 lo
450 1054 732 1117 animum
761 1053 905 1119 fiatis
938 1056 1106 1131 suis3
1154 1058 1558 1143 substititque
1589 1058 1838 1134 dubius,
1871 1080 1952 1121 an
1989 1071 2194 1123 trans-

108 1152 197 1205 et.
382 1161 494 1203 um
543 1138 821 1204 Sotimus
866 1142 1151 1207 minister
1193 1164 1275 1207 ex
1326 1144 1518 1231 regiis
1567 1144 1800 1231 pueriS,
1867 1152 1888 1180 ‘
1907 1144 2067 1242 quid
2124 1144 2192 1207 in

108 1238 303 1291 tanto
330 1226 701 1291 discrimine
731 1228 999 1313 periculi
1029 1230 1459 1294 cunctaretur’
1488 1230 1904 1316 interroganS,
1928 1229 2187 1305 indicat,

109 1336 385 1377 *ucanos
416 1311 663 1376 insidiis
698 1336 1001 1400 quaerere
1042 1315 1271 1380 locum.
1370 1315 1550 1391 Quos
1596 1317 1708 1380 ubi
1755 1316 2032 1403 respexit
2075 1336 2188 1380 rex

108 1400 299 1464 rocul
351 1422 547 1487 grege
585 1399 753 1465 facto
787 1401 1133 1479 venientcS,
1166 1403 1322 1466 strin
1373 1403 1421 1466 't
1462 1400 1765 1489 gladium,
1798 1414 1862 1466 et
1903 1424 2018 1488 per
2058 1422 2192 1466 me-

108 1486 249 1549 ium
286 1508 554 1550 amnem
584 1488 953 1552 transmittit
979 1511 1236 1574 equum.
1326 1426 1596 1575 {amque
1626 1490 1696 1552 in
1717 1488 1952 1553 vadum
1982 1510 2190 1588 egres—

109 1596 203 1635 1m
238 1572 511 1637 eminus
536 1586 760 1638 veruto
791 1573 1091 1639 Lucanus
1118 1575 1300 1639 exsul
1332 1576 1660 1662 transfigit.
1725 1574 2008 1662 Lapsum
2035 1574 2188 1638 inde

108 1682 215 1722 im
248 1659 640 1723 inhaerente
673 1660 801 1725 telo
829 1682 1058 1747 corpus
1092 1662 1386 1727 exanime
1422 1662 1657 1727 detulit
1696 1662 1899 1725 amnis
1939 1661 2006 1724 in
2042 1660 2186 1726 hos·

112 1768 231 1809 um
274 1745 621 1833 praesidia.
714 1744 813 1809 lbi
842 1747 1031 1811 foeda
1066 1747 1363 1813 laceratio
1402 1749 1682 1835 corporis
1711 1748 1890 1813 facta.
1985 1746 2186 1811 Nam-

108 1856 215 1908 ue,
250 1833 553 1918 praeciso
582 1830 814 1909 medi0‚
844 1846 1086 1919 partem
1122 1832 1540 1899 Consentiam
1571 1836 1833 1899 misere:
1867 1854 2010 1920 pars
2039 1832 2190 1921 ipsis

108 1932 335 1982 etenta
364 1918 450 1982 ad
477 1917 840 1982 ludibrium.
938 1920 1123 1993 Quae
1154 1943 1354 2005 quum
1392 1921 1612 1984 iaculis
1647 1920 1940 2006 saxisque
1969 1919 2190 2006 procul

108 2017 528 2079 icesseretur,
578 2004 807 2067 mulier
852 2028 998 2081 una,
1041 2006 1208 2071 ultra
1252 2006 1668 2069 humanarum
1716 2007 1950 2069 irarum
1994 2006 2188 2069 fidem

109 2090 391 2155 ievienti
425 2090 646 2154 turbae
677 2090 985 2168 immixta,
1020 2105 1091 2155 ut
1124 2113 1467 2178 parumper
1500 2093 1888 2155 sustinerent
1914 2104 2186 2176 precata,

112 2200 233 2240 ens
274 2178 393 2253 ait,
444 2184 465 2213 ‘
490 2176 695 2240 virum
743 2176 861 2240 sibi
903 2176 1259 2263 liberosque
1306 2190 1523 2262 captos
1562 2176 1732 2261 apud
1768 2176 1980 2239 hostes
2010 2198 2183 2239 esse:

110 2284 405 2349 sperare,
438 2284 517 2327 co
630 2284 699 2326 re
736 2262 911 2348 regio
954 2274 1281 2348 utcunque
1326 2262 1604 2327 mulcato
1647 2280 1714 2324 se
1754 2280 1900 2325 suos
1940 2260 2190 2325 redem-

114 2350 428 2435 pturam.’
608 2348 753 2412 finis
787 2348 1154 2413 lacerationi
1181 2348 1319 2412 fuit.
1401 2347 1736 2434 Sepultum
1785 2370 1864 2411 ue
1901 2346 2192 2411 Consen-

110 2436 223 2512 iae,
258 2435 447 2523 quod
476 2435 903 2499 membrorum
939 2434 1255 2521 reliquum
1284 2434 1425 2511 fuit,
1458 2455 1612 2498 cura
1643 2456 1708 2497 m
1779 2434 1925 2496 ieris
1959 2435 2187 2497 unius:

110 2544 356 2609 ssaque
389 2520 844 2607 Metapontum
878 2521 963 2585 ad
1000 2521 1212 2585 hostes
1250 2520 1547 2597 remissa3
1595 2519 1746 2584 inde
1779 2516 2049 2607 Epirum
2076 2519 2192 2582 de-

111 2622 265 2673 ·ecta
318 2609 405 2673 ad
458 2606 866 2694 Cleopatram
914 2629 1176 2671 uxorem
1228 2628 1637 2693 sororemque
1695 2604 2186 2694 Olympiadem:

112 2716 361 2779 [uarum
408 2706 613 2758 mater
657 2692 883 2780 Magni
926 2692 1280 2758 Alexandri
1328 2692 1541 2770 altera,
1588 2712 1763 2757 soror
1809 2691 2006 2756 altera
2049 2691 2188 2755 fuit.

113 2778 269 2845 {aec
300 2782 387 2845 de
421 2778 775 2845 Alexandri
808 2778 1133 2867 Epirensis
1168 2780 1331 2844 tristi
1370 2791 1626 2856 eventu,
1659 2799 2025 2866 quanquam
2058 2777 2194 2842 Ro-

112 2888 275 2931 nano
325 2866 497 2931 bello
544 2866 798 2930 fortuna
848 2888 996 2930 eum
1049 2867 1370 2943 abstinuit,
1422 2879 1662 2942 tamen,
1701 2866 1854 2952 quia
1894 2864 1963 2928 in
2009 2863 2194 2929 Italia

112 2952 252 3016 vella
328 2953 502 3029 essit,
532 2952 751 3038 paucis
779 2952 1015 3017 dixisse
1046 2954 1194 3017 satis
1222 2953 1319 3017 sit.

171 2976 433 3104 Eodem
462 3061 631 3103 anno
660 3038 1117 3103 lectisternium
1152 3039 1415 3117 Romae,
1442 3041 1668 3140 quinto
1693 3053 1842 3139 post
1867 3039 2191 3103 conditam
2315 3040 2416 3101 25.

114 3124 337 3204 urbem,
390 3125 637 3203 iisdem,
688 3125 918 3211 quibus
970 3138 1136 3201 ante,
1188 3125 1513 3212 placandis
1563 3126 1851 3189 habitum
1903 3138 1998 3188 est
2049 3124 2188 3187 diis.
2209 3121 2456 3232 flffim

114 3208 263 3275 <ovi
316 3210 557 3277 deinde
610 3211 899 3276 consules
949 3212 1125 3275 iussu
1168 3211 1388 3297 populi
1441 3232 1642 3296 quum
1693 3210 2027 3285 misissent,
2077 3209 2190 3294 qui
2207 3200 2359 3295 n‘ffim
2399 3199 2440 3229 '’

116 3295 452 3363 adicerent
485 3297 875 3361 Samnitibus
901 3296 1175 3371 bellum3
1208 3311 1276 3359 et
1302 3296 1421 3381 ipsi
1451 3295 1685 3358 maiore
1715 3306 1968 3369 conatu,
2000 3314 2194 3381 quam

116 3380 392 3448 adversus
426 3383 724 3460 Graecos,
756 3395 987 3447 cuncta
1014 3382 1357 3469 parabant3
1406 3392 1471 3443 et
1509 3380 1632 3444 alia
1665 3399 1830 3444 nova
1863 3378 2028 3443 nihil
2056 3392 2194 3443 tum

116 3467 309 3533 inimo
350 3469 476 3535 tale
516 3470 901 3556 agitantibus
940 3480 1339 3533 accesserunt
1378 3464 1629 3530 auxilia.
1724 3464 1970 3529 Lucani
1999 3476 2192 3551 atque

116 3550 319 3638 Apuli,
410 3556 593 3620 uibus
639 3555 937 3642 gentibus
982 3552 1145 3618 nihil
1190 3553 1271 3617 ad
1318 3574 1459 3617 eam
1498 3553 1671 3617 diem
1721 3572 1866 3615 cum
1901 3550 2194 3615 Romano

118 3658 176 3700 >o
225 3640 335 3705 ulo
363 3579 586 3718 linerat,
611 3642 679 3704 in
708 3640 905 3705 fidem
938 3652 1269 3717 venerunt,
1302 3660 1473 3703 arma
1507 3639 1800 3725 virosque
1841 3636 1924 3701 ad
1951 3637 2192 3702 bellum

118 3744 179 3805 >o
230 3725 485 3792 'centes
576 3726 859 3792 Foedere
901 3748 1052 3814 ergo
1090 3726 1159 3790 in
1204 3725 1548 3789 amicitiam
1591 3724 1852 3812 accepti.
1947 3722 2194 3789 Eodem

118 3830 387 3897 :empore
416 3813 607 3879 etiam
638 3814 707 3877 in
740 3812 1000 3877 Samnio
1030 3834 1129 3877 res
1158 3834 1234 3899 pr
1387 3834 1453 3876 re
1488 3824 1682 3899 gesta.
1775 3810 1933 3875 Tria
1960 3833 2046 3899 op
2089 3809 2195 3874 ida

121 3914 169 3955 >n
212 3910 586 3982 potestatem
614 3908 947 3975 venerunt,
981 3898 1235 3975 Allifae,
1332 3896 1556 3975 allisae,
1597 3897 1957 3963 Ruffi-ium:
2071 3896 2196 3958 'us-

120 4000 227 4063 {ue
269 4006 419 4071 ager
450 3986 657 4073 primo
694 3984 974 4050 adventu
1017 3982 1347 4050 consulum
1391 3984 1582 4071 longe
1622 3983 1748 4048 late
1794 4004 1875 4046 ue
1919 3993 2014 4045 est
2052 4000 2195 4065 per·

120 4079 393 4135 vastatus.
487 4070 633 4137 Hoc
662 4070 831 4136 bello
861 4084 989 4137 tam
1018 4093 1317 4159 prospere
1344 4070 1701 4145 commisso,
1729 4092 1765 4132 a
1791 4067 1908 4132 teri
1938 4084 2194 4150 quoque

184 4294 208 4329 ²
242 4288 420 4345 Quinto
468 4296 579 4351 poet
630 4290 869 4338 conditam
925 4290 1116 4350 urbem]
1188 4286 1363 4335 vim-ius
1388 4300 1485 4333 non
1511 4285 1651 4343 vidit,
1671 4300 1750 4345 ap.
1775 4298 1904 4344 supr.
1929 4280 2004 4329 vii.
2027 4292 2103 4343 ²7.
2127 4279 2196 4328 in-

122 4342 481 4401 Lectisternium
530 4358 777 4414 quartum,
818 4363 965 4413 quem
1003 4354 1118 4401 Cre-
1186 4350 1377 4399 venies:
1412 4349 1612 4397 tertium
1634 4362 1712 4409 ap.
1731 4346 1809 4393 vii.
1837 4361 1888 4421 3.,

200 4429 344 4476 VOL-
379 4436 419 4478 1.
1779 4428 1802 4469 1
1834 4429 1854 4468 l
