3000 4784
1107 516 1500 604 EPITO
1530 518 1614 601 M
1644 520 1718 603 E
1802 521 2177 605 LIBRI
2266 520 2493 603 VII.

737 842 812 905 D
825 841 896 906 U
897 842 954 905 Ο
985 846 1124 905 novi
1149 844 1545 926 mayistratus
1574 844 1794 905 adiecti
1817 853 1977 921 sunt,
1998 853 2301 928 praetura
2330 853 2397 905 et
2426 842 2672 905 cru-ulis
2696 838 2823 901 aedi-
2936 876 2938 879 <

738 928 896 990 litas.
988 929 1342 991 Pestilentia
1394 933 1607 992 civitas
1666 930 1981 1005 laboravit,
2042 952 2289 1014 eamque
2346 932 2666 1013 ins-{quenz
2701 927 2827 1008 fecit

737 1036 899 1076 mors
927 1014 1115 1077 Furii
1153 1015 1438 1079 Camilli:
1485 1020 1659 1078 cuius
1686 1016 2008 1079 remedium
2036 1026 2097 1077 et
2109 1018 2276 1097 finis
2302 1038 2511 1100 quum
2530 1036 2655 1098 per
2681 1030 2827 1073 novas

738 1100 1048 1184 reliyiones
1093 1111 1499 1185 quaereretur,
1548 1102 1680 1163 ludi
1722 1105 1940 1163 scenici
1982 1112 2127 1165 tunc
2160 1105 2447 1185 primum
2474 1102 2662 1183 facti
2698 1104 2823 1158 sunt.

752 1186 955 1263 Quum
987 1188 1111 1249 dies
1139 1187 1218 1249 L.
1247 1188 1490 1249 Manlio
1518 1188 1683 1249 dicta
1712 1198 1859 1249 esset
1884 1211 1925 1249 a
1954 1188 2051 1250 M.
2074 1188 2412 1271 Pomponio
2459 1188 2709 1249 tribuno
2725 1182 2829 1265 ple-

738 1273 829 1335 bis
856 1282 1110 1357 propter
1147 1274 1432 1335 delectum
1462 1274 1669 1335 acerbe
1706 1283 1928 1349 actum,
1958 1284 2018 1335 et
2067 1274 2142 1336 T.
2164 1272 2721 1353 Manliumfilium
2746 1286 2827 1327 rus

740 1359 1068 1443 releqatum
1111 1362 1237 1421 sine
1281 1360 1402 1421 ullo
1445 1362 1691 1421 crimine
1710 1383 1735 1434 ,·
1780 1360 2115 1423 adolescens
2158 1362 2300 1443 ipse,
2338 1362 2533 1421 cuius
2581 1354 2829 1437 releyatio

730 1448 913 1528 patri
939 1446 1339 1520 obiiciebatur,
1364 1448 1525 1507 venit
1551 1448 1615 1507 in
1650 1444 1985 1508 cubiculum
2014 1446 2259 1521 tribuni,
2288 1448 2635 1528 strictoque
2650 1438 2829 1525 qhdio

741 1533 940 1677 meg}
955 1551 1087 1592 eum
1118 1531 1549 1693 inQverbat‘cha
1578 1533 1823 1678 iniiga
1835 1541 2519 1679 ιὲοέἑέἓνεῗὲνατιινῖηη
2552 1545 2828 1697 {eZZZ-¹0·

645 1628 650 1635 “
740 1637 848 1677 cus
937 1638 1060 1679 one.
1225 1638 1370 1679 uum
1494 1638 1622 1678 uris
1870 1640 1905 1677 o
2092 1639 2133 1679 u
2206 1639 2366 1679 mum
2424 1639 2563 1679 erra
2590 1638 2634 1676 a
2796 1630 2830 1667 α

720 1702 916 1784 foret,
948 1711 1092 1764 tunc
1121 1705 1322 1764 omnia
1339 1705 1610 1785 pretiosa
1640 1705 1823 1764 missa
1851 1713 1995 1765 sunt
2020 1706 2085 1766 in
2112 1704 2469 1787 praealtam
2506 1701 2827 1783 ῦπαρ-ἱππ

741 1787 908 1847 urbis
959 1787 1313 1849 Romanae:
1375 1791 1440 1849 in
1485 1810 1617 1850 eam
1676 1788 1926 1852 Curtius
1970 1799 2266 1864 armatus,
2314 1790 2532 1851 sedens
2586 1806 2747 1871 equo,
2780 1801 2828 1841 st

729 1874 1180 1955 praecapitavit,
1215 1894 1401 1955 eaque
1439 1874 1671 1956 eszleta
1710 1884 1810 1936 est.
1916 1875 1991 1937 Τ.
2018 1876 2301 1937 Manlius
2342 1876 2709 1945 adolescens,
2742 1866 2826 1951 φᾶ

731 1967 974 2041 patrem
1025 1980 1067 2020 a
1113 1958 1434 2020 tribunicia
1479 1963 1804 2031 vexatione,
1829 1961 2255 2037 vindicaverat,
2300 1970 2521 2023 contra
2578 1956 2825 2024 Gallum,

731 2053 1156 2127 provocantem
1197 2044 1456 2129 aliquem
1495 2068 1567 2107 ea:
1604 2046 1889 2109 militibus
1928 2047 2240 2123 Romanis,
2272 2049 2337 2109 in
2368 2046 2691 2131 singulare
2719 2059 2822 2101 cer·

743 2139 945 2193 tamen
973 2131 1288 2205 descendit,
1319 2134 1485 2217 eique
1512 2135 1702 2195 occiso
1730 2142 1997 2216 torquem
2024 2154 2277 2195 aureum
2316 2134 2594 2195 detraxit
2610 2154 2633 2193 .·

745 2219 872 2300 ipse
900 2226 1112 2301 postea
1148 2218 1305 2292 tulit,
1334 2228 1391 2280 et
1431 2240 1503 2279 ex
1536 2240 1602 2281 eo
1655 2218 2004 2303 Torquatus
2036 2229 2125 2281 est
2158 2229 2571 2303 nuncupatus.

743 2303 936 2365 tribus
964 2304 1226 2378 additae,
1257 2303 1586 2387 Pomptina
1614 2314 1673 2367 et
1712 2304 2003 2367 Publilia.
2093 2304 2373 2368 Licinius
2406 2304 2584 2368 Stolo
2612 2302 2729 2385 leqe
2760 2293 2821 2355 ab

742 2390 875 2473 ipso
919 2388 1048 2451 lata
1090 2390 1415 2452 damnatus
1455 2400 1561 2465 est,
1602 2392 1765 2474 quod
1794 2391 1941 2474 plus
1982 2393 2319 2475 quinyentis
2360 2390 2673 2475 iuqeribus
2708 2400 2823 2466 ayn

734 2476 1081 2559 possideret.
1174 2476 1272 2537 M.
1323 2475 1601 2539 Valerius
1658 2477 1934 2539 tribunus
1984 2478 2241 2540 militum
2300 2476 2582 2552 Gallum,
2630 2496 2672 2535 a
2724 2485 2821 2552 quo

733 2572 1101 2646 provocatus
1135 2572 1285 2637 erat,
1317 2563 1603 2624 insidente
1640 2562 1855 2647 yaleae
1882 2585 2075 2639 corvo,
2105 2572 2161 2625 et
2200 2564 2495 2647 unquibus
2542 2568 2824 2637 rosaeque

745 2649 968 2711 hostem
1006 2648 1343 2731 infestante,
1375 2649 1606 2723 occidit,
1638 2658 1694 2710 et
1722 2672 1793 2709 ex
1826 2671 1893 2710 eo
1932 2648 2115 2712 Corvi
2150 2671 2361 2712 nomen
2388 2650 2625 2733 accepit
2635 2668 2659 2719 ;
2702 2658 2818 2702 0⁰¹2·

743 2736 954 2819 sulque
971 2736 1249 2817 pro-iimo
1276 2756 1456 2809 anno,
1487 2756 1674 2819 quum
1702 2756 1892 2797 annos
1920 2737 2136 2819 viqinti
2171 2745 2291 2797 tres
2328 2736 2593 2810 liaberet,
2622 2730 2689 2793 ob
2715 2726 2819 2787 vir·

743 2828 925 2881 tutem
973 2829 1209 2881 creatus
1251 2829 1354 2881 est.
1443 2820 1736 2883 Amicitia
1780 2842 1917 2882 cum
1956 2820 2577 2905 Kar-thaqiniensibus
2616 2820 2811 2879 iuncta-

755 2902 1076 2987 Campani,
1097 2926 1281 2987 quum
1299 2914 1656 2988 urgerentur
1670 2928 1713 2967 a
1738 2905 2109 2969 Samnitibus
2125 2906 2289 2982 bello,
2310 2908 2541 2971 auxilio
2556 2904 2816 2967 advertus

741 3007 839 3048 eos
881 3010 923 3050 a
968 2998 1180 3050 senatu
1213 2993 1421 3071 petito,
1467 3012 1654 3074 quum
1699 2992 1769 3053 id
1807 3012 1923 3055 non
1966 2994 2375 3075 impetrarent,
2418 2994 2625 3055 urbem
2663 2994 2817 3067 ‹1th

743 3094 926 3157 αρν-οε
943 3074 1172 3157 populo
1211 3074 1490 3136 Romano
1528 3076 1918 3140 dediderunt.-
1964 3078 2033 3139 ob
2063 3100 2247 3161 quam
2276 3100 2525 3141 causam
2567 3098 2655 3150 ea,
2684 3085 2813 3155 quae

734 3161 954 3243 populi
991 3158 1259 3223 Romani
1281 3160 1472 3243 facta
1508 3171 1713 3238 essent,
1746 3162 1987 3244 defendi
2020 3164 2167 3226 bello
2205 3165 2495 3227 adversus
2542 3156 2813 3227 Samnii&

735 3245 990 3329 placuit.
1097 3246 1304 3323 Quum
1341 3248 1418 3309 ab
1447 3247 1530 3309 A.
1569 3246 1841 3310 Cornelio
1882 3250 2117 3311 consule
2159 3253 2447 3312 exercitus
2474 3252 2541 3312 in
2568 3246 2806 3334 iniquae

744 3332 938 3393 Iocum
987 3332 1273 3395 deductus
1319 3335 1384 3395 in
1427 3354 1646 3417 maqno
1688 3334 2029 3397 discrimine
2074 3345 2237 3411 esset,
2285 3334 2364 3397 P.
2398 3335 2588 3398 Decii
2627 3328 2808 3393 Mun-⁹

635 3458 640 3465 -
741 3417 974 3481 tribuni
1001 3418 1255 3481 militum
1285 3440 1466 3502 opera
1495 3427 1767 3481 servatus
1794 3429 1897 3482 est.
2000 3420 2146 3497 Qui,
2176 3430 2463 3504 occupato
2490 3420 2633 3483 colle
2655 3424 2805 3494 super

741 3502 813 3565 id
836 3506 1063 3587 iuqum,
1094 3506 1159 3566 in
1187 3526 1304 3589 quo
1349 3504 1649 3567 Samnites
1679 3506 2079 3582 consederant,
2112 3510 2473 3571 occasionem
2512 3500 2727 3569 consuli
2755 3498 2805 3553 5²⁸

741 3594 1079 3673 aequiorem
1110 3589 1300 3653 locum
1321 3590 1612 3653 evadendi
1636 3590 1799 3652 dedit
1813 3614 1834 3652 .·
1882 3594 2007 3674 ipse
2032 3592 2110 3654 ab
2140 3593 2403 3655 hostibus
2424 3596 2807 3655 circanam-⁹11³

741 3678 956 3755 erupit.
1063 3673 1266 3751 Quum
1284 3676 1498 3737 milites
1528 3676 1813 3750 Romani,
1836 3680 1945 3759 qui
1982 3676 2231 3762 Capuae
2248 3681 2313 3741 in
2337 3678 2637 3761 praesidab
2660 3670 2804 3734 “⁰²²5

743 3756 952 3832 relicti,
973 3759 1046 3819 de
1072 3780 1144 3819 ea
1173 3762 1525 3844 occupanda
1554 3762 1698 3823 urbe
1726 3764 2183 3845 conspirassent,
2216 3774 2291 3839 et,
2321 3764 2543 3827 detecto
2577 3754 2800 3825 consili&

743 3850 900 3903 metu
929 3841 1212 3925 supplicii
1229 3866 1272 3905 a
1288 3846 1519 3929 populo
1542 3846 2215 3930 Romano,defecissent;
2249 3872 2369 3933 per
2397 3850 2495 3911 M
2536 3843 2799 3911 Valeriw’¹

753 3924 1014 4030 Corvum
1041 3928 1408 4031 dictatorem,
1439 3934 1551 4015 qui
1585 3933 1828 3995 consilio
1854 3954 1964 3996 suo
1992 3956 2086 3997 eos
2114 3956 2156 3997 a
2181 3937 2410 4017 furore
2438 3928 2799 3997 revocaverat,

732 4010 2793 4189 ἴῗῗῖἰῖἷὲῗίΐῗὲἒέὤῖἶέᾚῗᾷξοέἴεῗηῖζῗῖῗέἶηῖῗῖἷῗὶ

761 4186 999 4249 Volscos
1017 4210 1306 4271 prospere
1327 4198 1530 4272 qestas
1559 4191 1830 4251 continet.
