3000 4784
1001 215 1511 283 EPITOMAE.
2175 222 2301 284 615

185 381 442 435 norum,
491 359 664 423 sicta
717 360 951 436 classe,
999 360 1105 423 cui
1136 359 1555 445 praefuerat,
1601 381 1646 423 a
1688 359 1999 424 militibus
2048 361 2187 424 suis
2234 362 2304 425 in

187 467 450 509 crucem
478 444 772 508 sublatus
799 453 916 508 est.
991 443 1238 509 Atilius
1265 445 1567 530 Regulus
1598 445 1837 521 consul,
1861 445 2052 509 victis
2080 446 2304 511 navali

179 532 451 615 proelio
483 530 741 608 Poenis,
773 530 842 593 in
871 528 1176 614 Africam
1207 531 1494 595 traiecit.

696 789 1161 854 EPIToME
1205 790 1499 855 LIBRI
1538 792 1813 855 XVIII.
1872 746 1881 765 '¹

199 954 266 1019 A
283 955 619 1019 TILIUS
685 955 980 1041 Regulus
1040 957 1108 1020 in
1165 956 1412 1042 Africa
1474 968 1829 1044 serpentem
1882 968 2311 1042 portentosae

199 1041 674 1127 magnitudinis
701 1064 842 1104 cum
881 1064 1122 1127 magna
1167 1045 1436 1107 militum
1475 1044 1663 1107 clade
1705 1046 1965 1119 occidit,
1998 1054 2086 1121 et,
2120 1067 2309 1129 quum

199 1128 459 1212 aliquot
474 1126 758 1210 proeliis
781 1128 938 1190 bene
967 1130 1278 1192 adversus
1315 1128 1903 1278 Carthaginienses
1926 1138 2310 1214 pugnasset,

201 1232 664 1295 successorque
694 1212 756 1275 ei
787 1234 829 1275 a
859 1222 1088 1276 senatu
1112 1236 1436 1299 prospere
1465 1216 1571 1278 bel
1594 1237 1697 1277 um
1728 1215 1989 1299 gerenti
2016 1236 2141 1277 non
2168 1215 2313 1278 mit-

207 1306 483 1372 teretur,
515 1298 590 1359 id
628 1298 840 1381 ipsum
871 1320 1004 1383 per
1047 1299 1278 1363 literas
1321 1302 1415 1363 ad
1454 1310 1743 1364 senatum
1774 1301 2007 1364 missas
2053 1308 2315 1384 questus

207 1392 351 1447 est:
397 1381 466 1445 in
497 1382 728 1467 quibus
757 1384 926 1446 inter
956 1406 1195 1447 causas
1212 1386 1487 1469 petendi
1516 1386 1913 1450 successoris
1942 1394 2108 1461 erat,
2141 1385 2320 1470 quod

205 1467 469 1553 agellus
523 1468 664 1533 eius
719 1491 761 1531 a
819 1470 1234 1533 mercenariis
1291 1472 1586 1534 desertus
1643 1480 1832 1534 esset.
1946 1470 2317 1541 Quaerente

209 1554 443 1616 deinde
464 1552 772 1636 fortuna,
805 1563 877 1616 ut
919 1576 1216 1640 magnum
1261 1557 1596 1640 utriusque
1625 1578 1817 1619 casus
1860 1556 2219 1639 exemplum
2247 1555 2316 1617 in

210 1638 476 1723 Regulo
489 1640 925 1786 graderetur,
965 1642 1282 1704 arcessito
1327 1664 1372 1704 a
1425 1642 2087 1726 Carthaginiensibus
2135 1641 2318 1703 Xan-

211 1725 446 1809 thippo
553 1725 1152 1789 acedaemoniorum
1203 1727 1383 1803 duce,
1431 1727 1641 1789 victus
1678 1728 1934 1811 proelio
1977 1736 2042 1789 et
2085 1734 2318 1809 captus

214 1819 334 1872 est.
424 1808 566 1872 Res
594 1810 822 1873 deinde
861 1832 904 1873 a
943 1811 1214 1874 ducibus
1242 1810 1559 1875 Romanis
1591 1813 1878 1875 omnibus
1908 1820 2089 1875 terra
2120 1812 2319 1875 mari-

201 1916 342 1979 que
371 1916 698 1979 prospere
740 1904 970 1978 gestas
1021 1895 1541 1980 deformaverunt
1584 1897 1945 1983 naufragia
1994 1898 2315 1961 classium.

229 1980 333 2043 Ti.
405 1978 848 2045 Coruncanius
901 1982 1161 2065 primus
1228 2003 1314 2044 ex
1372 1982 1565 2065 plebe
1621 1984 1933 2065 pontifex
1998 1984 2319 2045 maximus

218 2072 474 2127 creatus
502 2073 617 2126 est.
711 2064 790 2126 P.
823 2065 1242 2149 Sempronius
1273 2066 1551 2149 Sophus,
1587 2066 1714 2127 Μ’.
1763 2064 2055 2130 Valerius
2096 2066 2320 2130 Maxi-

219 2171 354 2212 mus
385 2170 700 2224 censores,
733 2172 922 2233 quum
945 2159 1233 2212 senatum
1264 2150 1573 2235 legerent,
1601 2151 1905 2213 tredecim
1935 2160 2161 2212 senatu
2192 2174 2321 2214 mo-

221 2244 443 2299 verunt
461 2260 484 2295 .·
527 2235 798 2297 lustrum
827 2235 1264 2313 condiderunt,
1293 2258 1420 2319 quo
1449 2256 1644 2300 censa
1673 2243 1819 2297 sunt
1846 2234 2075 2297 civium
2098 2236 2322 2319 capita

222 2322 495 2383 ducenta
539 2320 901 2404 nonaginta
951 2330 1192 2405 septem
1233 2322 1460 2396 millia,
1506 2321 1918 2405 septingenta
1962 2321 2323 2405 nonaginta

221 2414 481 2490 septem.
538 2405 836 2490 Regulus
863 2406 1095 2471 missus
1123 2428 1166 2469 a
1205 2405 1864 2491 Carthaginiensibus
1893 2406 1987 2469 ad
2011 2414 2320 2482 senatum,

223 2499 295 2553 ut
337 2491 419 2553 de
447 2512 646 2575 pace,
692 2499 778 2567 et,
809 2491 868 2553 si
913 2514 1054 2555 eam
1097 2514 1222 2555 non
1258 2501 1485 2576 posset
1515 2492 1883 2576 impetrare,
1916 2492 1998 2554 de
2042 2490 2325 2576 captivis

225 2575 686 2639 commutandis
729 2587 977 2661 ageret,
1023 2586 1090 2641 et
1131 2578 1550 2640 iureiurando
1594 2578 1925 2653 astrictus,
1971 2576 2324 2639 rediturum

225 2682 294 2724 se
346 2661 833 2746 Carthaginem,
879 2663 938 2725 si
982 2664 1358 2726 commutari
1417 2684 1495 2725 ca
1548 2663 1715 2726 tivos
1756 2684 1883 2725 non
1915 2661 2280 2747 placuisset
2298 2686 2324 2734 ,-

226 2756 560 2831 utrumque
585 2748 870 2831 negandi
913 2757 1141 2811 auctor
1168 2748 1424 2811 senatui
1445 2684 1594 2831 stin
1612 2772 1635 2809 .·
1680 2756 1764 2823 et,
1795 2768 1985 2831 quum
2000 2746 2153 2829 fide
2182 2767 2323 2809 cus·-

229 2833 438 2896 todita
465 2854 764 2896 reversus
792 2842 982 2910 esset,
1014 2834 1340 2918 supplicio
1371 2856 1414 2896 a
1452 2831 2111 2916 Carthaginiensibus
2139 2832 2221 2894 de
2249 2852 2325 2894 eo

230 2927 500 3002 sumpto,
520 2918 752 3002 periit.

769 3169 1232 3235 ΕΡΙΤΟΜΕ
1279 3171 1572 3234 LIBRI
1611 3172 1807 3233 XIX.

243 3334 773 3399 CAECILIUS
797 3334 1132 3412 Metellus,
1164 3336 1356 3398 rebus
1385 3336 1699 3398 adversus
1730 3334 1986 3397 Poenos
2000 3356 2331 3419 prospere

230 3422 458 3506 gestis,
481 3422 842 3505 speciosum
859 3421 996 3506 egit
1014 3421 1422 3506 triumphum,
1445 3420 1750 3483 tredecim
1767 3418 2036 3483 ducibus
2053 3420 2329 3483 hostium

237 3516 300 3569 et
357 3516 605 3570 centum
661 3507 898 3592 viginti
965 3506 1332 3593 elephantis
1396 3506 1466 3570 in
1524 3527 1601 3569 eo
1658 3504 1889 3567 ductis.
2017 3503 2331 3569 Claudius

239 3591 521 3656 Pulcher
566 3594 804 3669 consul,
850 3601 1074 3656 contra
1119 3592 1422 3678 auspicia
1453 3589 1824 3675 profectus,
1869 3590 2066 3653 iussis
2122 3592 2332 3677 mergi

230 3676 451 3761 pullis,
485 3678 595 3763 qui
625 3679 838 3742 cibari
878 3678 1200 3753 nolebant,
1233 3676 1589 3763 infeliciter
1626 3676 1939 3739 adversus
1975 3676 2333 3762 Carthagi-

239 3762 486 3826 nienses
515 3763 728 3827 classe
746 3765 1075 3849 pugnavit
1091 3791 1117 3837 ,·
1163 3771 1248 3838 et,
1273 3770 1614 3827 resocatus
1642 3784 1686 3825 a
1714 3771 1965 3838 senatu,
1990 3763 2331 3847 iussusque

242 3848 618 3912 dictatorem
650 3850 889 3926 dicere,
929 3848 1267 3913 Claudium
1305 3848 1590 3912 Gliciam
1620 3846 1813 3923 dixit,
1843 3850 2041 3911 sortis
2070 3849 2332 3911 ultimae

242 3934 547 3997 hominem
567 3959 591 3996 .·
663 3936 796 4019 qui,
844 3944 1109 3999 coactus
1152 3934 1465 3998 abdicare
1512 3956 1582 3997 se
1639 3934 2053 4019 magistratu,
2090 3940 2330 4015 postea

243 4018 426 4081 ludos
453 4028 920 4104 praetextatus
962 4020 1304 4106 spectavit.
1402 4020 1653 4084 Atilius
1702 4018 2045 4081 Calatinus
2080 4017 2333 4101 primus

246 4104 526 4168 dictator
569 4114 763 4168 extra
806 4106 1080 4171 Italiam
1137 4107 1493 4171 exercitum
1539 4105 1747 4168 duxit.
1877 4100 2035 4165 Cum
2093 4101 2333 4166 Poenis

247 4189 640 4275 captivorum
671 4194 1078 4256 commutatio
1084 4191 1292 4276 sacta
1317 4200 1433 4255 est.
1507 4188 1817 4253 Coloniae
1846 4189 2158 4252 deductae
2187 4198 2335 4252 sunt

249 4274 600 4360 Fregenae,
646 4278 716 4341 in
758 4299 929 4362 agro
975 4278 1336 4341 Sallentino
1380 4274 1821 4339 Brundisium.
1944 4274 2249 4337 Lustrum
2291 4297 2334 4338 a
2414 4288 2431 4305 ·
