3000 4784
875 205 1068 272 LIB.
1127 206 1212 272 11.
1284 206 1506 274 CAP.
1556 213 1613 276 7.
2202 217 2285 280 ³79

175 347 380 412 modo
401 347 648 447 primus
677 367 876 432 eques
905 345 1186 410 hostium
1215 346 1486 434 agminis
1514 348 1653 412 fuit.
1744 348 2046 415 Praeerat
2068 350 2287 414 Aruns
2308 359 2375 410 Π.
2398 359 2459 410 0.
2485 375 2593 424 ²4⁵·

176 433 598 520 Tarquinius,
643 432 814 497 filius
855 432 1056 520 regis:
1117 455 1230 498 rex
1273 433 1410 519 ipse
1459 457 1609 499 cum
1654 433 2011 522 legionibus
2058 459 2289 523 seque-
2304 425 2367 474 A.
2400 425 2461 476 c·
2486 439 2595 488 ⁵0⁷·

173 522 390 585 bamr.
483 521 722 596 ArunS,
771 519 884 583 ubi
931 541 1013 583 ex
1063 519 1390 584 lictoribus
1438 521 1666 608 procul
1724 522 2052 587 consulem
2110 546 2285 600 esse3

175 607 424 672 deinde
457 607 582 671 iam
614 607 874 694 propius
903 629 976 670 ac
1005 607 1239 670 certius
1265 606 1426 672 facie
1459 631 1715 696 quoque
1750 608 2025 674 Brutum
2053 632 2290 696 cogno-

174 696 295 772 vit,
327 694 757 758 inflammatus
783 693 896 770 ira,
930 700 951 731 ‘
973 691 1092 756 Ille
1122 705 1219 756 est
1247 693 1380 770 vir,’
1408 694 1643 781 inquit,
1676 705 1695 734 ‘
1712 697 1825 783 qui
1860 719 1977 760 nos
2006 711 2290 762 extorres

179 789 204 819 ‘
221 781 478 868 expulit
497 781 718 866 patria.
808 778 976 866 Ipse,
997 803 1100 856 en,
1130 779 1258 857 ille,
1289 781 1523 845 nostris
1552 781 1885 846 decoratus
1913 783 2286 870 insignibus,

179 877 202 906 ‘
221 867 564 954 magnifice
605 865 864 930 incedit.
955 866 1070 930 Dii
1099 889 1320 966 regum
1361 867 1599 932 ultores
1640 869 1893 934 adeste.’
1988 869 2291 934 Concitat

175 954 536 1020 calcaribus
565 975 824 1040 equum,
849 966 1041 1039 atque
1071 953 1140 1016 in
1169 976 1376 1040 lpsum
1406 953 1671 1020 infestus
1694 955 2017 1020 consulem
2050 957 2284 1044 dirigit.

181 1041 408 1107 Sensit
435 1041 506 1104 in
533 1063 599 1104 se
631 1041 708 1102 iri
741 1039 994 1104 Brutus.
1086 1038 1412 1104 Decorum
1441 1055 1579 1107 erat
1614 1055 1749 1107 tum
1782 1044 1933 1129 ipsis
1962 1065 2287 1130 capessere

175 1151 472 1216 pugnam
502 1127 790 1192 ducibus,
882 1125 1092 1190 Avide
1121 1127 1339 1214 itaque
1370 1150 1436 1191 se
1467 1130 1799 1193 certamini
1827 1129 2046 1194 offert:
2096 1130 2288 1194 adeo-

177 1239 316 1303 que
371 1213 616 1278 infestis
683 1213 910 1280 animis
967 1227 1441 1291 concurrerunt,
1502 1229 1751 1292 neuter,
1812 1215 1969 1279 dum
2039 1216 2286 1280 hostem

175 1302 571 1377 vulneraret,
625 1300 724 1364 sui
773 1299 1152 1387 protegendi
1197 1301 1476 1386 corporis
1523 1324 1785 1380 memor,
1832 1314 1927 1378 ut,
1973 1303 2287 1366 contrario
2306 1323 2449 1371 Bruti
2476 1339 2619 1375 mom,

175 1389 323 1454 ictu
427 1409 464 1451 r
669 1409 772 1450 am
795 1400 938 1451 uter
983 1410 1062 1451 ue
1093 1387 1449 1464 transfixus,
1473 1387 1721 1453 duabus
1738 1389 2073 1453 haerentes
2092 1388 2287 1452 hastis

175 1497 352 1540 mon
397 1497 488 1538 un
539 1474 552 1487 ’
597 1497 682 1537 ex
724 1472 906 1559 equis
969 1473 1104 1560 apsi
1133 1473 1278 1538 sint.
1375 1472 1581 1538 Simul
1621 1487 1689 1540 et
1728 1486 1939 1539 cetera
1977 1475 2288 1561 equestris

227 1585 410 1662 ugna
431 1561 677 1648 coepit3
723 1582 934 1646 neque
963 1561 1054 1624 ita
1074 1559 1278 1624 multo
1299 1573 1444 1647 post
1461 1574 1529 1625 et
1628 1561 1793 1626 dites
1810 1562 2282 1648 superveniunt.

175 1585 295 1714 lin
341 1648 519 1712 varia
565 1647 844 1723 victoria,
891 1659 960 1711 et
1007 1645 1184 1711 velut
1234 1670 1308 1711 ae
1357 1669 1440 1711 uo
1569 1661 1701 1712 arte
1746 1661 2101 1735 pugnatum
2149 1661 2283 1713 est:
2306 1665 2481 1728 Pugna
2501 1667 2589 1714 du-

176 1735 420 1800 dextra
455 1733 774 1820 utrimque
812 1755 1051 1797 cornua
1081 1733 1308 1810 vicere,
1439 1757 1521 1798 va
1558 1748 1865 1822 superata.
1958 1734 2285 1813 Veiente8‚
2306 1730 2399 1778 bia.

177 1822 362 1886 vinci
389 1821 471 1885 ab
503 1819 799 1886 Romano
825 1819 1026 1884 milite
1067 1821 1318 1898 assueti,
1348 1820 1473 1885 fusi
1655 1822 1847 1908 tique.
1941 1821 2288 1907 Tarquini-

177 1909 377 1985 enSiS,
407 1930 610 1972 novus
639 1907 854 1982 hostiS,
883 1929 1016 1970 non
1045 1907 1222 1970 stetit
1247 1906 1470 1986 solum,
1495 1931 1563 1972 se
1638 1909 1831 1973 etiam
1860 1909 1939 1972 ab
1969 1931 2083 1972 sua
2109 1921 2287 1995 parte

183 1995 564 2059 Romanum
593 1993 856 2081 pepulit.

276 2079 384 2146 Ita
483 2102 640 2144 uum
689 2091 1046 2180 pugnatum
1097 2095 1280 2158 esset,
1329 2094 1545 2146 tantus
1604 2093 1805 2147 terror
1862 2082 2287 2168 Tarquinium
2430 2079 2487 2144 7.

179 2183 386 2255 atque
497 2181 738 2232 truscos
787 2166 1062 2244 incenit,
1101 2179 1192 2244 ut,
1239 2169 1466 2232 omissa
1506 2169 1685 2232 irrita
1732 2191 1822 2245 re,
1866 2181 2056 2233 nocte
2102 2170 2287 2233 ambo

181 2255 528 2331 exercitus,
561 2252 804 2318 Veiens
847 2252 1476 2341 Tarquiniensisque,
1530 2277 1675 2319 suas
1720 2255 1994 2355 quisque
2042 2255 2290 2319 abirent

181 2342 436 2406 domos.
507 2340 845 2405 Adliciunt
861 2341 1163 2404 miracula
1185 2341 1334 2405 huic
1352 2365 1634 2428 pugnae:
1684 2343 1939 2407 silentio
1963 2342 2289 2428 proximae

132 2441 164 2488 8
181 2429 400 2493 noctis
448 2450 528 2492 ex
587 2425 744 2491 silva
799 2425 992 2490 Arsia
1039 2428 1368 2514 ingentem
1425 2429 1665 2492 editam
1722 2451 1983 2503 vocem3
2050 2427 2291 2491 Silvani

129 2541 166 2590 9
183 2537 419 2580 vocem
457 2537 598 2578 eam
638 2511 982 2590 creditam3
1027 2513 1188 2578 haec
1228 2514 1420 2590 dicta,
1466 2524 1486 2552 ⁶
1508 2514 1659 2577 Uno
1698 2514 1843 2600 plus
1879 2513 2293 2578 Etruscorum

185 2612 208 2641 ‘
228 2600 537 2666 cecidisse
589 2600 658 2663 in
711 2600 844 2664 acie
868 2623 887 2677 ;
945 2600 1202 2664 vincere
1245 2600 1416 2664 bello
1467 2600 1877 2664 Romanum.'
1970 2599 2071 2663 Ita
2120 2613 2291 2663 certe

181 2688 344 2754 inde
375 2687 586 2752 abiere
619 2685 914 2764 Romani,
946 2699 1022 2750 ut
1047 2687 1343 2762 victorem
1393 2685 1647 2750 Etrusci
1676 2709 1791 2774 pro
1820 2687 2019 2750 victis.
2098 2685 2289 2763 Nam,

301 2788 534 2922 {quam
562 2772 792 2850 illuxit,
825 2796 944 2838 nec
974 2774 1310 2860 quisquam
1350 2773 1629 2838 hostium
1659 2773 1729 2836 in
1758 2795 1909 2838 cons
1956 2785 2103 2837 ectu
2134 2785 2289 2850 erat,

249 2911 266 2926 .
369 2861 598 2926 alerius
615 2859 834 2924 consul
861 2861 1060 2947 spolia
1085 2859 1260 2947 legit,
1286 2860 1809 2947 triumphansque
1833 2860 1903 2924 in
1948 2883 1985 2924 e
2017 2859 2291 2924 Romam

187 2948 402 3012 rediit.
499 2945 799 3033 Collegae
829 2945 1038 3024 fimus,
1070 2960 1308 3034 quanto
1341 2961 1476 3012 tum
1508 2948 1718 3034 potuit
1746 2959 2069 3034 apparatu,
2100 2947 2285 3011 fecit:

185 3035 308 3100 sed
337 3033 540 3100 multo
561 3033 763 3097 maius
792 3033 980 3098 morti
1009 3034 1204 3098 decus
1233 3033 1490 3120 publica
1518 3034 1639 3098 fuit
1670 3035 2002 3111 maestitia,
2034 3057 2111 3098 eo
2142 3046 2289 3098 ante

143 3147 158 3180 ι
187 3121 413 3186 omnia
454 3121 736 3208 insignis,
768 3121 920 3207 quia
955 3133 1275 3185 matronae
1321 3143 1581 3198 annum,
1628 3133 1702 3184 ut
1743 3133 2092 3207 parentem,
2141 3143 2291 3184 eum

184 3209 517 3284 luxerunt,
549 3207 723 3294 quod
755 3220 882 3271 tam
912 3228 1057 3271 acer
1083 3205 1252 3271 ultor
1278 3207 1543 3271 violatae
1574 3205 1915 3294 pudicitiae
1944 3206 2179 3270 fuisset.

285 3292 556 3359 Consuli
585 3292 838 3370 deinde,
872 3293 984 3381 qui
1028 3316 1100 3358 su
1147 3293 1440 3370 erfuerat‚
1470 3305 1545 3357 ut
1576 3309 1723 3356 sunt
1752 3292 2084 3357 mutabiles
2112 3291 2287 3379 vulgi

187 3380 415 3458 animi,
448 3403 528 3445 ex
555 3379 764 3444 favore
793 3403 926 3444 non
954 3317 1195 3445 invidia
1220 3379 1432 3456 modo,
1466 3379 1579 3444 sed
1609 3379 1880 3466 suspicio
1909 3380 2103 3444 etiam
2142 3402 2289 3444 cum

187 3468 396 3532 atroci
425 3467 707 3544 crimine,
733 3479 885 3530 orta.
982 3465 1280 3553 Regnum
1311 3489 1461 3530 eum
1484 3467 1798 3542 affectare,
1822 3467 1991 3530 fama
2015 3467 2288 3531 ferebat:
2308 3475 2537 3528 Valerius

191 3554 352 3641 quia
389 3575 508 3618 nec
547 3552 852 3639 collegam
892 3553 1334 3640 subrogaverat
1373 3552 1442 3616 in
1477 3551 1689 3616 locum
1730 3552 1935 3630 Bruti,
1968 3565 2034 3616 et
2070 3553 2291 3617 aedifi-
2306 3543 2537 3618 adfectati

143 3673 170 3706 2
189 3642 380 3706 cabat
419 3641 488 3703 in
527 3662 773 3704 summa
811 3638 1028 3704 Velia:
1079 3639 1166 3704 ibi
1205 3639 1334 3704 alto
1375 3654 1568 3726 atque
1606 3639 1855 3703 munito
1894 3639 2035 3703 loco
2080 3662 2289 3704 arcem
2306 3622 2574 3724 ffifilnaitffiil·

255 3855 290 3902 8
322 3854 462 3900 Silva
495 3853 672 3911 Arsia]
721 3851 930 3900 Horatio
970 3850 1104 3900 heroi
1138 3867 1209 3899 sa·
1275 3867 1400 3911 mm,
1423 3866 1595 3916 11,299
1620 3853 1971 3901 Romanorum.

191 3933 293 3966 cra.
342 3915 490 3965 Dion.
535 3933 580 3965 v.
625 3932 696 3976 14.
755 3917 876 3965 haec
916 3917 1045 3964 dicta
1087 3917 1210 3977 glos-
1346 3931 1364 3964 1
1401 3919 1632 3976 Annum]
1672 3917 1861 3964 Decem
1878 3915 2133 3964 mensium.
2174 3915 2292 3963 Non

189 3997 298 4030 sam
334 3996 440 4028 esse
475 3979 692 4042 ineptam
725 3981 1030 4042 suspicantur
1062 3980 1212 4028 Doer.
1278 3981 1411 4028 enim
1427 3982 1559 4029 ultra
1577 3981 1671 4028 hoc
1692 3981 1903 4043 spatium
1925 3979 2171 4028 maximus
2191 3981 2291 4026 luc-

193 4053 246 4094 et
271 4046 482 4106 Rupert.
551 4044 752 4094 Silvano
783 4051 988 4091 terrores
1017 4043 1109 4100 illi,
1131 4043 1214 4105 qui
1279 4051 1358 4092 tus
1393 4047 1696 4103 excurrebat,
1728 4061 1789 4092 ex
1824 4044 2045 4092 instituto
2079 4044 2292 4091 Numae.

191 4111 380 4158 Punici
403 4114 654 4168 vocantur,
685 4108 1026 4156 attribuuntur.
1065 4107 1213 4156 Dion.
1281 4109 1414 4157 Plut.
1445 4109 1496 4156 in
1528 4110 1713 4158 Numa.
1748 4109 1909 4157 cmv.
1958 4109 2039 4156 De
2059 4121 2189 4154 anno
2211 4107 2293 4152 de-

195 4191 241 4222 v.
271 4172 346 4223 ¹6.
1280 4187 1388 4221 cem
1415 4174 1655 4222 mensium
1680 4174 1924 4222 Romuleo
1947 4173 2007 4220 cf.
2033 4171 2083 4218 N
2087 4169 2237 4217 iebhr.
2260 4167 2293 4216 i.

259 4254 293 4302 9
333 4239 444 4287 Uno
468 4239 612 4300 plus]
671 4235 905 4285 Similiter
923 4237 1031 4286 infr.
1065 4251 1108 4285 v.
1141 4251 1216 4298 30.
1284 4253 1331 4299 p.
1357 4251 1465 4298 271.
1866 4268 1872 4278 ·

187 4305 366 4367 plum
417 4303 589 4351 eribus.
641 4302 774 4350 Plut.
820 4301 872 4350 in
927 4301 1116 4350 Public.
1167 4315 1213 4364 9.
1354 4317 1380 4349 ἰ
1436 4303 1597 4361 Velia]
1670 4301 1893 4349 Editiore
1936 4303 2075 4358 parte
2116 4294 2296 4343 montis

191 4367 347 4415 etiam
377 4381 606 4415 numeros
637 4365 792 4424 addit,
830 4379 1002 4427 ¹1⁹300
1033 4365 1216 4414 Tusco-
1285 4365 1492 4414 Palatini
1530 4367 1690 4414 Cat-w.
1748 4363 1982 4412 Similiter
2000 4359 2179 4410 Manlii
2212 4361 2293 4408 do-
