3000 4784
714 230 843 293 362
1488 222 1714 289 ΤΙΤῙ
1777 220 2050 289 L1V11

442 412 455 427 .
478 376 538 426 c.
563 386 673 438 370-
710 385 833 427 nae
883 362 1131 449 impetu
1174 361 1373 437 ferox,
1418 360 1666 447 gladios
1715 374 1783 425 et
1829 360 2128 425 collatum
2179 356 2418 446 pedem
2461 372 2536 423 et
2579 358 2818 425 vultum

478 441 539 491 ⁰·
562 443 673 502 3⁸²·
712 449 929 525 hostie,
960 448 1183 513 ardore
1224 448 1421 512 animi
1466 448 1832 523 micantem,
1861 447 2026 513 ferre
2055 469 2186 511 non
2215 446 2446 533 potuit.
2548 445 2822 533 Impulsa

711 535 887 601 frons
928 536 1151 622 prima,
1183 547 1250 599 et
1278 532 1620 633 trepidatio
1647 533 1945 597 subsidiis
1973 533 2162 608 illata,
2195 546 2262 597 et
2289 554 2483 596 suum
2525 544 2824 597 terrorem

711 621 928 686 intulit
956 644 1187 708 eques:
1232 633 1403 706 rupti
1434 619 1586 683 inde
1617 618 1834 683 multis
1862 620 2018 683 locis
2045 619 2318 695 ordines,
2349 632 2676 705 motaque
2703 643 2826 683 om-

710 708 837 785 nia,
870 720 937 773 et
963 707 1299 771 fluctuanti
1328 706 1549 770 similis
1578 706 1746 771 acies
1773 718 1928 770 erat.
2019 704 2298 781 Deinde,
2327 718 2714 792 postquam,
2737 730 2828 769 ea·

712 794 1013 858 dentibus
1058 794 1295 879 primiS,
1336 792 1461 856 iam
1507 792 1592 855 ad
1629 814 1697 855 se
1745 792 2016 879 quisque
2064 804 2524 877 perventuram
2571 792 2828 856 caedem

711 881 1029 955 cernebat,
1078 892 1256 965 terga
1296 890 1570 943 vertunt.
1663 878 1906 943 Instare
1940 878 2306 953 Romanus3
2353 892 2446 955 et,
2477 877 2708 951 donec
2743 902 2828 943 ar-

710 966 867 1031 mati
916 965 1313 1052 confertique
1366 964 1644 1041 abibant,
1691 964 1982 1051 peditum
2029 963 2212 1028 labor‘
2253 962 2326 1027 in
2369 966 2830 1051 persequendo

708 1052 869 1117 fuit:
946 1063 1281 1139 postquam
1334 1051 1552 1115 iactari
1601 1072 1778 1114 arma
1825 1052 2076 1137 passim,
2127 1048 2414 1136 fugaque
2467 1072 2600 1136 per
2659 1074 2832 1137 agros

710 1138 918 1227 spargi
946 1138 1150 1203 aciem
1178 1138 1457 1202 hostium
1486 1136 1992 1201 animadversum
2021 1149 2151 1212 est3
2197 1148 2338 1200 tum
2359 1137 2678 1223 equitum
2711 1152 2832 1201 tur-

710 1248 853 1291 mae
882 1226 1165 1303 emissae,
1194 1224 1345 1303 dato
1372 1224 1425 1287 si
1517 1246 1576 1301 0,
1609 1246 1712 1300 ne,
1735 1223 1806 1286 in
1833 1222 2226 1309 singulorum
2257 1222 2588 1287 morando
2619 1224 2826 1300 caede,

710 1312 986 1399 spatium
1029 1311 1112 1377 ad
1160 1310 1403 1377 evaden
1450 1333 1562 1373 um
1609 1309 1864 1375 interim
1909 1308 2305 1373 multitudini
2355 1308 2640 1375 darent:
2691 1310 2828 1373 satis

610 1422 619 1435 ·
710 1420 865 1476 esse,
898 1398 1235 1463 missilibus
1262 1420 1336 1463 ac
1366 1410 1606 1461 terrore
1627 1394 1922 1482 impediri
1949 1416 2224 1471 cursum,

492 2531 589 2592 14.

381 2880 639 2931 Manliana

379 2945 570 2995 seditio.

2247 1396 2826 1545 ffiffimdoque

708 1507 937 1571 agmen
968 1486 1191 1562 teneri,
1222 1484 1377 1549 dum
1422 1484 1672 1569 assequi
1715 1481 1911 1569 pedes
1953 1494 2020 1546 et
2056 1482 2226 1547 iusta
2429 1504 2472 1545 e
2509 1484 2826 1547 conficere
2845 1506 2862 1539 1

707 1572 957 1637 hostem
1000 1584 1229 1658 posset.
1320 1569 1374 1635 F
1376 1591 1538 1655 ugae
1567 1568 2006 1656 sequendique
2035 1590 2167 1631 non
2195 1580 2345 1631 ante
2377 1583 2656 1633 noctem
2695 1570 2832 1633 finis

706 1657 863 1721 suite
910 1670 1097 1743 capta
1124 1679 1381 1756 quoque
1412 1678 1487 1718 ac
1515 1655 1764 1742 direpta
1791 1654 2018 1719 eodem
2047 1654 2152 1718 die
2181 1669 2388 1719 castra
2415 1654 2828 1731 Volscorum,

708 1743 1071 1830 praedaque
1120 1765 1345 1819 omms,
1398 1755 1650 1828 praeter
1698 1741 1898 1805 libera
1945 1763 2226 1827 corpora,
2275 1740 2476 1804 militi
2527 1764 2830 1806 concessa

710 1840 822 1893 est.
914 1827 1069 1892 Pars
1112 1828 1391 1892 maxima
1432 1829 1824 1915 captivorum
1863 1850 1948 1892 ex
1987 1826 2236 1891 Latinis
2271 1839 2476 1913 atque
2521 1827 2830 1893 Hernicis

706 1914 865 1981 fuit:
912 1936 1031 1977 nec
1061 1914 1393 1979 hominum
1422 1913 1506 1979 de
1535 1914 1742 2013 plebe,
1775 1926 1847 1977 ut
1875 1912 2048 1980 credi
2076 1926 2289 2001 posset
2317 1914 2638 1979 mercede
2669 1914 2830 1979 mili-

706 2016 891 2079 tasse,
934 2000 1049 2065 sed
1092 2000 1411 2101 principes
1454 2000 1716 2086 quidam
1759 1998 2103 2065 iuventutis
2147 1998 2436 2074 inventi3
2487 2000 2832 2067 manifesta

707 2088 886 2165 fides,
931 2087 1189 2175 publica
1230 2109 1351 2175 ope
1404 2084 1670 2153 Volscos
1719 2085 1933 2150 hostes
1981 2084 2245 2151 adiutos.
2343 2082 2830 2151 Circeiensium

707 2196 965 2261 quoque
1006 2172 1269 2260 quidam
1308 2172 1569 2260 cogniti,
1615 2186 1685 2237 et
1725 2171 1936 2237 coloni
1977 2194 2017 2236 a
2053 2170 2348 2237 Velitris:
2403 2170 2832 2262 Romamque

707 2284 929 2326 omnes
986 2261 1159 2325 missi
1208 2259 1770 2347 percunctantibus
1818 2257 2194 2345 primoribus
2245 2257 2521 2322 Patrum
2573 2259 2828 2337 eadem,

709 2370 875 2434 quae
910 2346 1222 2423 dictatori,
1258 2345 1684 2411 defectionem
1717 2344 1818 2411 sui
1846 2345 2114 2432 quisque
2157 2343 2400 2431 populi,
2451 2344 2644 2412 haud
2686 2369 2832 2433 per·

706 2432 896 2521 plexe
926 2432 1307 2497 indicavere.

794 2520 1090 2586 Dictator
1130 2520 1481 2585 exercitum
1525 2520 1596 2583 in
1639 2519 1876 2585 stativis
1921 2518 2196 2596 tenebat,
2241 2516 2512 2583 minime
2559 2518 2825 2597 dubim,

704 2606 943 2673 bellum
972 2630 1121 2673 cum
1149 2607 1249 2671 his
1278 2604 1529 2705 populis
1558 2606 1780 2670 Patres
1819 2606 2126 2681 iussuros3
2173 2626 2374 2690 quum
2403 2604 2622 2669 maior
2649 2606 2825 2671 domi

708 2708 931 2759 exorta
972 2695 1171 2759 moles
1214 2706 1422 2779 coegit
1464 2692 1654 2757 acciri
1688 2692 1962 2757 Romam
2005 2714 2172 2768 eum,
2203 2690 2516 2777 gliscente
2561 2691 2642 2755 in
2689 2694 2826 2756 dies

707 2780 1041 2857 seditione,
1088 2803 1279 2866 quam
1324 2778 1508 2843 solito
1560 2779 1758 2866 magis
1803 2777 2212 2842 metuendam
2253 2789 2478 2841 auctor
2519 2776 2818 2843 faciebat.

708 2865 779 2929 N
780 2889 865 2929 on
894 2867 1067 2930 enim
1098 2868 1223 2929 iam
1254 2866 1569 2931 orationes
1611 2864 1804 2929 modo
1833 2863 1929 2928 M.
1966 2863 2214 2940 Manlii,
2245 2862 2360 2927 sed
2385 2862 2578 2939 theta,
2613 2888 2826 2951 popu·

704 2951 861 3015 laria
914 2952 983 3013 in
1036 2952 1331 3037 speciem,
1378 2949 1770 3016 tumultuosa
1820 2950 2062 3027 eadem,
2107 2972 2236 3035 qua
2287 2962 2506 3013 mente
2557 2950 2818 3027 fierent,

706 3036 1019 3101 intuenda
1061 3050 1257 3101 erant.
1353 3036 1836 3114 Centurionem,
1867 3035 2146 3101 nobilem
2189 3034 2566 3099 militaribus
2615 3036 2818 3109 factis.

704 3124 1055 3189 iudicatum
1097 3124 1407 3211 pecuniae
1452 3147 1654 3209 quum
1699 3124 1848 3189 duci
1891 3122 2164 3199 vidisset,
2211 3120 2425 3185 medio
2467 3121 2616 3187 foro
2671 3147 2818 3188 cum
2835 3150 2856 3183 ι

705 3224 955 3277 caterva
997 3233 1111 3276 sua
1152 3210 1439 3286 accurrit,
1474 3223 1542 3274 et
1585 3232 1846 3275 manum
1889 3207 2138 3273 iniecit:
2187 3206 2710 3295 vociferatusque
2737 3210 2816 3273 de

703 3299 999 3385 superbia
1049 3298 1331 3375 Pastum,
1380 3318 1453 3361 ac
1505 3296 1877 3361 crudelitate
1918 3294 2374 3371 feneratorum,
2421 3308 2490 3359 et
2541 3296 2820 3361 miseriis

703 3384 923 3472 plebis,
956 3385 1293 3449 virtutibus
1322 3383 1459 3450 eius
1486 3382 1606 3446 viri
1633 3383 1846 3447 fortun
1931 3404 2046 3445 ue:
2097 3390 2116 3419 ‘
2136 3380 2309 3445 Tum
2337 3403 2491 3445 vero
2520 3384 2694 3467 ego:
2723 3382 2820 3446 in-

704 3472 865 3558 quit,
910 3471 1375 3557 ‘nequicquam
1420 3468 1539 3533 hac
1584 3468 1810 3533 dextra
1849 3405 2246 3555 8(ΞΙειΡίῐοὶὶιιηι
2293 3488 2642 3553 arcemque
2689 3492 2814 3533 ser—

706 3566 724 3595 ‘
746 3558 1041 3633 vaverim,
1073 3558 1123 3620 si
1154 3557 1359 3621 civem
1388 3554 2012 3640 commilitonemque
2043 3576 2278 3630 meum,
2309 3566 2620 3639 tanquam
2661 3554 2812 3619 Gal-

706 3642 822 3707 ‘lis
865 3644 1207 3708 victoribus
1250 3654 1528 3731 captum,
1573 3640 1642 3705 in
1693 3640 2062 3706 servitutem
2105 3663 2178 3705 ac
2221 3638 2476 3704 vincula
2521 3639 2682 3705 duci
2725 3642 2848 3705 vi·3

774 3864 795 3898 1
831 3852 973 3899 Iustu
999 3853 1167 3910 caede]
1224 3852 1382 3898 Plena
1404 3851 1572 3909 caede,
1593 3866 1721 3912 quae
1784 3851 1963 3898 bantur
1983 3848 2222 3897 creditori.
2270 3848 2386 3896 vid.
2411 3852 2472 3897 A.
2491 3849 2635 3898 Gen.
2659 3866 2746 3898 xx.
2771 3866 2808 3898 ι.

702 3930 803 3963 non
838 3920 1057 3976 carperet
1084 3914 1293 3973 hostem,
1322 3917 1406 3962 sed
1442 3915 1720 3963 conficeret.
1787 3916 1964 3970 Quum
1991 3912 2137 3975 igitur
2157 3913 2238 3960 hic
2259 3911 2478 3960 centurio
2501 3912 2676 3961 statim
2701 3916 2808 3962 duci

705 3980 867 4029 Cnuv.
1785 3978 1994 4035 dicatur,
2027 3976 2399 4038 intelligendum
2439 3982 2516 4023 est
2555 3992 2674 4025 eum
2715 3994 2808 4026 nou

771 4058 799 4092 2
834 4044 1113 4093 iudicatum
1145 4044 1411 4104 pecuniae]
1472 4042 1720 4091 Pecuniae
1783 4042 1932 4089 modo
1961 4041 2248 4099 iudicatum,
2269 4040 2354 4088 sed
2375 4040 2530 4087 etiam
2553 4042 2810 4091 addietum

705 4108 935 4166 creditae,
962 4122 1051 4155 nec
1074 4108 1279 4165 solutae,
1300 4105 1497 4153 nomine
1519 4108 1718 4155 damna·-
1783 4106 1946 4154 fuisse.
1979 4106 2145 4153 cmv.

702 4178 826 4221 tum.
894 4171 1130 4219 Iudieatis
1160 4178 1327 4218 autem
1364 4170 1603 4231 pecuniae
1634 4171 1717 4218 tri·
1851 4184 1877 4231 3
1911 4171 1976 4217 In
2014 4170 2294 4217 servitutem
2330 4184 2388 4215 ac
2421 4170 2626 4217 vincula
2667 4172 2808 4231 duc-i]

700 4234 837 4295 ginta
858 4235 962 4282 dies
982 4235 1237 4291 dabantur,
1252 4232 1610 4293 conquirendae
1633 4249 1714 4294 pe-
1781 4232 2022 4281 Addjctus
2060 4232 2286 4279 creditori
2323 4230 2516 4279 debitor
2553 4236 2810 4295 sexaginta

705 4296 877 4345 cuniae
895 4312 1041 4345 causa
1052 4312 1197 4359 quam
1216 4297 1550 4345 dissolverent.
1589 4296 1716 4351 Qui·
1779 4296 1884 4344 dies
1915 4296 2187 4345 habebatur
2215 4296 2270 4343 in
2305 4295 2526 4343 vinculis.
2597 4302 2698 4355 Ae,
2723 4300 2810 4347 uisi

703 4358 796 4407 bus
827 4360 1021 4421 elapsis,
1044 4360 1135 4409 nisi
1166 4359 1500 4419 dissolverant,
1521 4359 1712 4407 addice-
1779 4360 1966 4409 interea
2009 4365 2184 4421 pactus
2225 4360 2366 4419 foret,
2411 4358 2581 4421 capite
2625 4376 2812 4423 poena
