3000 4784
694 246 823 305 452
1478 234 1706 300 TITI
1760 232 2035 299 LIVII

374 391 444 441 U.
470 392 527 443 c.
552 408 661 456 415.
788 374 1095 439 Ceterum
1152 370 1453 447 Romani,
1513 372 1632 434 etsi
1689 368 1966 434 defectio
2023 368 2338 433 sociorum
2395 369 2802 456 nominisque

374 456 435 505 A.
468 458 529 506 C·
554 470 666 520 337·
702 460 919 526 Latini
961 456 1135 523 haud
1173 456 1370 522 dubia
1412 470 1589 533 erat3
1637 468 1872 533 tamen,
1911 468 2216 543 tanquam
2261 455 2343 519 de
2393 454 2804 532 Samnitibus,

376 560 449 611 X.
470 560 655 610 Princi-
702 570 833 612 non
884 545 967 610 de
1024 568 1112 621 se,
1164 564 1383 608 curam
1440 554 1722 629 agerent,
1775 542 2000 606 decem
2049 542 2373 630 principes
2424 541 2808 606 Latinorum

374 640 463 687 1²⁰⁸
482 626 679 673 Latino·
706 634 976 699 Romam
1036 642 1477 705 evocaverunt,
1541 630 1771 729 quibus
1842 628 2249 715 imperarent,
2310 652 2480 728 quae
2551 628 2806 693 vellent.

376 691 643 802 Qlssss'o,
702 720 1033 785 Praetores
1074 730 1214 781 tum
1253 716 1415 779 duos
1446 715 1706 779 Latlum
1747 714 2038 791 habebat,
2069 714 2146 779 L.
2171 718 2464 779 Annium
2517 714 2810 779 Setinum
2823 740 2850 789 9

378 817 491 866 cati.
704 818 771 871 et
814 805 890 869 L.
918 802 1287 868 Numisium
1320 799 1773 877 Circeiensem,
1805 802 1994 865 ambo
2037 824 2120 865 ex
2163 800 2429 866 coloniis
2457 800 2806 865 Romanis:

788 914 819 953 r
868 913 1047 977 quoe,
1136 900 1346 952 raeter
1400 886 1685 975 Signiam
1721 886 2146 974 Velitrasque,
2199 900 2266 951 et
2314 888 2485 974 ipsas
2533 886 2812 951 colonias

704 914 1052 1053 lfomanas,
1149 974 1301 1039 olsci
1341 973 1536 1038 etiam
1575 973 1769 1038 exciti
1807 972 1891 1036 ad
1931 995 2106 1037 arma
2141 986 2340 1037 erant.
2433 972 2572 1037 Eos
2605 974 2812 1037 nomi-

707 1064 909 1127 natim
936 1061 1185 1127 evocari
1210 1060 1469 1148 placuit.
1563 1059 1762 1123 Haud
1797 1058 2097 1145 cuiquam
2126 1058 2391 1124 dubium
2429 1070 2594 1135 erat,
2625 1080 2812 1145 super

710 1170 839 1235 qua
864 1170 933 1212 re
964 1149 1333 1213 accii-entur.
1424 1146 1672 1233 Itaque,
1697 1144 1966 1210 concilio
1994 1145 2170 1231 prius
2198 1144 2436 1221 habito,
2465 1158 2810 1231 praetores,

712 1257 903 1321 quam
934 1234 1208 1300 Romam
1252 1232 1816 1319 proficiscerentur,
1860 1243 2152 1295 evocatos
2194 1252 2262 1294 se
2305 1231 2385 1295 ab
2429 1243 2664 1295 senatu
2699 1230 2810 1294 do-

712 1335 863 1386 cent
892 1320 1205 1396 RomanO,
1238 1332 1322 1395 et,
1354 1340 1518 1405 quae
1559 1330 1772 1381 actum
1809 1316 1889 1379 iri
1929 1338 2147 1381 secum
2186 1315 2468 1393 credant,
2501 1316 2814 1404 quidnam

512 1408 577 1467 4.
714 1407 795 1471 ad
836 1429 912 1471 ea
946 1403 1314 1492 responderi
1352 1404 1615 1491 placeat,
1645 1402 1946 1467 referunt.
2041 1402 2264 1477 Quum
2302 1402 2478 1466 aliud
2519 1403 2631 1467 alii
2667 1425 2815 1467 een-

712 1507 943 1570 serent,
976 1505 1112 1556 tum
1146 1490 1439 1553 Annius:
1492 1498 1512 1527 ‘
1538 1489 1926 1574 Quanquam
1962 1488 2097 1575 ipse
2132 1511 2256 1575 ego
2283 1488 2493 1566 retuli,
2525 1489 2694 1576 quid
2719 1510 2817 1552 re-

716 1588 737 1617 ‘
757 1577 1057 1665 sponderi
1084 1576 1381 1677 placeret,
1406 1578 1622 1639 tamen
1649 1596 1712 1637 m
1800 1575 1849 1638 ‘s
1871 1574 1955 1638 ad
1982 1596 2296 1639 summam
2325 1596 2544 1638 rerum
2571 1587 2818 1639 nostra-

716 1673 738 1703 ‘
758 1686 901 1727 rum
943 1674 1259 1749 pertinere
1304 1661 1591 1738 arbitror,
1623 1660 1736 1747 qui
1819 1660 2138 1747 agendum
2177 1661 2382 1736 nobie,
2414 1682 2612 1761 quam
2660 1659 2818 1748 quid

718 1747 1151 1835 ‘loquendum
1202 1746 1302 1810 sit.
1394 1746 1606 1811 Facile
1657 1746 1797 1823 erit,
1843 1746 2172 1833 explicatis
2221 1746 2518 1823 consili1s‚
2565 1768 2820 1811 accom-

718 1843 737 1871 ‘
759 1832 1017 1897 modare
1067 1832 1255 1895 rebus
1304 1833 1513 1896 verba.
1607 1830 1797 1908 Nam,
1851 1833 1904 1896 si
1955 1832 2148 1895 etiam
2199 1854 2374 1896 nunc
2424 1833 2546 1896 sub
2591 1834 2822 1897 umbra
2839 1857 2856 1889 ι

718 1928 739 1958 ‘
758 1918 1032 1982 foederis
1060 1938 1135 1980 ae
1181 1916 1248 1979 ui
1278 1917 1646 1981 servitutem
1677 1918 1810 2003 pati
1837 1940 2188 2004 possumne,
2221 1917 2382 2004 quid
2409 1919 2610 1995 abest,
2635 1920 2818 2006 quin,

716 2014 739 2044 ‘
758 2003 1025 2091 proditis
1058 2001 1125 2067 Si
1195 2002 1374 2079 ciniS,
1404 2024 1538 2066 non
1563 2002 2010 2068 Romanorum*
2027 2003 2252 2080 solum,
2284 2004 2400 2068 sed
2431 2004 2822 2069 Samnitium

717 2100 737 2130 ⁶
760 2112 1017 2190 quoque
1062 2088 1235 2154 dicto
1277 2110 1628 2175 pareamuS,
1665 2089 2285 2177 respondeamusque
2317 2090 2649 2168 Romania,
2683 2113 2820 2167 noe,

720 2186 741 2216 ‘
762 2177 874 2241 ubi
909 2175 1256 2253 muuerint,
1286 2175 1600 2262 posituros
1635 2176 1856 2240 arma?
1947 2174 2062 2240 Sin
2091 2188 2306 2240 autem
2335 2176 2602 2241 tandem
2627 2177 2824 2242 liberb-

722 2272 743 2303 ⁶
766 2264 911 2328 tatis
939 2260 1320 2327 desiderium
1350 2260 1671 2325 remordet
1699 2262 1962 2338 animm,
1987 2264 2040 2326 si
2065 2261 2294 2327 foedus
2319 2274 2438 2340 est,
2469 2264 2522 2327 si
2551 2264 2822 2328 societas

724 2358 745 2388 ‘
765 2348 1060 2436 aequatio
1088 2348 1242 2411 iuris
1271 2360 1383 2424 est,
1415 2347 1469 2411 si
1503 2368 1738 2411 consan
1829 2348 2006 2413 ineos
2041 2370 2156 2413 nos
2187 2349 2630 2413 Romanorum
2659 2372 2820 2425 eme,

722 2445 743 2475 ‘
764 2434 939 2522 quod
968 2433 1122 2499 olim
1150 2433 1451 2521 pudebat,
1482 2454 1656 2496 nunc
1693 2456 1739 2519 g
1761 2433 1948 2497 oriari
1975 2434 2146 2513 licet,
2177 2435 2232 2499 si
2265 2434 2514 2500 socialis
2551 2435 2680 2499 illis
2711 2458 2826 2501 ex-

720 2530 741 2561 ‘
762 2522 997 2587 ercitus
1026 2520 1079 2585 is
1108 2533 1222 2596 est,
1254 2541 1383 2606 quo
1418 2518 1720 2583 adiuncto
1749 2518 2082 2606 duplicent
2107 2520 2272 2586 vires
2299 2544 2463 2599 suae,
2495 2544 2696 2610 quem
2725 2544 2826 2587 se-
2841 2546 2866 2580 α

722 2618 745 2649 ‘
763 2631 1021 2673 cernere
1050 2608 1129 2672 ab
1169 2628 1237 2670 se
1274 2604 1564 2669 consules
1599 2604 1784 2669 bellis
1818 2608 2088 2693 propriis
2121 2608 2435 2694 ponendis
2462 2608 2828 2673 sumendis·-

724 2704 745 2735 ‘
808 2718 892 2759 ue
920 2694 1168 2770 nolint3
1215 2712 1330 2757 cur
1366 2714 1497 2757 non
1541 2691 1757 2756 omnia
1793 2704 2148 2779 aequantur
2167 2694 2198 2757 Ρ
2241 2716 2356 2758 eur
2389 2717 2521 2759 non
2551 2694 2718 2759 alter
2745 2694 2823 2759 ab

724 2789 745 2820 ‘
765 2718 1014 2843 {atinis
1056 2778 1277 2845 consul
1321 2777 1557 2842 denir?
1646 2776 1780 2842 Ubi
2014 2780 2264 2856 virium,
2311 2781 2401 2845 ibi
2450 2792 2519 2844 et
2567 2780 2824 2867 imperii

725 2874 746 2904 ⁸
766 2886 911 2949 pars
940 2865 1085 2927 est?
1174 2864 1292 2928 Est
1321 2864 1582 2950 quidem
1622 2864 1806 2928 nobis
1889 2888 1966 2929 oc
2003 2888 2118 2952 per
2155 2888 2222 2929 se
2257 2864 2431 2930 haud
2465 2864 2660 2931 nimis
2687 2889 2822 2930 am-

724 2957 745 2987 ‘
765 2948 964 3033 plum,
1005 2948 1243 3033 quippe
1291 2949 1810 3027 concedentibuS,
1853 2950 2126 3015 Romam
2169 2963 2364 3038 caput
2402 2951 2595 3016 Latio
2641 2974 2815 3017 esse:

723 3042 744 3072 ‘
764 3032 896 3109 sed,
928 3044 1002 3096 ut
1040 3033 1321 3119 amplum
1352 3034 1553 3098 videri
1589 3049 1817 3121 posset,
1849 3035 2151 3101 diuturna
2185 3038 2495 3124 patientia
2530 3038 2815 3102 fecimus

720 3128 741 3159 ‘
765 3116 993 3205 Atqui,
1016 3118 1067 3182 si
1092 3118 1349 3205 quando
1378 3142 1662 3206 unquam
1693 3121 2096 3187 consociandi
2123 3122 2395 3209 imperii,
2421 3123 2818 3210 usurpandae

722 3204 1068 3269 ‘libertatis
1104 3218 1355 3292 tempus
1388 3207 1671 3293 optastiS,
1704 3230 1786 3270 en
1825 3207 1949 3271 hoc
1979 3220 2232 3295 tempus
2260 3207 2457 3285 adest,
2489 3222 2558 3273 et
2583 3210 2818 3274 virtute

724 3302 743 3331 ‘
765 3306 972 3357 vestra
1017 3304 1085 3357 et
1122 3290 1316 3355 deum
1354 3292 1746 3391 benignitate
1783 3292 1961 3356 vobis
2007 3292 2246 3357 datum.
2339 3294 2668 3360 Tentastis
2711 3318 2820 3383 pa-

724 3388 745 3417 ‘
766 3378 1058 3443 tientiam
1102 3375 1397 3464 negando
1446 3377 1732 3441 militem.
1830 3377 1996 3452 Quis
2045 3378 2298 3444 dubitat
2339 3382 2650 3446 exarsisse
2693 3404 2816 3457 eos,

724 3474 745 3503 ‘
766 3486 967 3552 quum
1026 3464 1168 3551 plus
1226 3461 1644 3526 ducentorum
1703 3484 2016 3527 annorum
2083 3487 2326 3530 morem
2387 3468 2860 3534 solveremus?³

784 3722 817 3772 9
850 3712 1111 3757 Praetores
1143 3717 1245 3757 tum
1276 3711 1421 3770 duos]
1488 3708 1622 3757 Olim
1655 3724 1736 3771 ap.
1803 3710 1960 3760 Drak.
1983 3716 2034 3759 et
2057 3712 2272 3762 Bekker.
2297 3716 2534 3775 probant:
2571 3715 2658 3764 hie
2689 3716 2816 3765 enim

728 3770 933 3818 Latinos
950 3774 1229 3820 dictatorem
1250 3786 1474 3819 summae
1503 3772 1571 3819 rei
1601 3788 1736 3835 prae-
1800 3774 1865 3821 de
1885 3776 2088 3835 foedere
2108 3792 2263 3839 aequo
2289 3792 2368 3825 res
2393 3778 2583 3839 agitun
2613 3781 2750 3841 quod
2779 3780 2820 3829 si

724 3834 907 3881 fectum
932 3832 1164 3881 videmus.
1193 3834 1254 3883 cf.
1276 3836 1453 3883 eamn.
1478 3835 1662 3898 Origin.
1686 3836 1737 3887 ii.
1800 3836 2131 3900 interpunctio
2162 3841 2402 3888 servanda
2433 3841 2513 3900 sit,
2533 3848 2643 3889 tum
2676 3846 2820 3906 aequi

724 3898 775 3944 in
800 3894 1017 3945 Priscian
1036 3895 1099 3944 iv,
1125 3913 1170 3956 4.
1218 3897 1327 3945 Iam
1350 3912 1465 3947 vero
1498 3908 1742 3961 praetores
1805 3900 1956 3960 idem,
1978 3902 2110 3963 quod
2131 3918 2288 3965 aequo
2307 3906 2487 3963 anino,
2509 3906 2660 3955 valet.

724 3962 864 4019 duos,
897 3966 953 4007 ut
985 3974 1067 4022 ap.
1104 3960 1357 4009 Romanos
1394 3977 1525 4025 supr.
1557 3962 1625 4012 iii.
1663 3976 1739 4027 55.
1871 3980 1898 4011 α
1931 3966 2204 4027 Duplam
2233 3969 2366 4016 vires
2395 3970 2538 4027 naas]
2587 3968 2654 4017 cf.
2675 3970 2822 4033 Supr.

725 4024 890 4073 Latini
912 4024 1169 4073 creabant:
1205 4025 1428 4074 similiter
1446 4029 1602 4077 decem
1624 4026 1736 4077 illos
1797 4032 1901 4076 not.
1924 4028 1988 4076 ad
2011 4028 2090 4075 vii.
2115 4044 2188 4077 η.
2211 4034 2263 4077 et
2283 4030 2394 4078 infr.
2417 4032 2462 4079 8.
2485 4034 2728 4081 notusimi
2749 4036 2822 4081 in-

716 4090 971 4151 pru‘noa‘pes
1004 4089 1309 4149 Latinorum,
1342 4090 1512 4139 decem
1555 4090 1735 4151 primos
1797 4099 1874 4141 ter
1893 4094 2093 4155 043,un
2110 4108 2262 4153 pares
2279 4109 2470 4156 semper
2485 4096 2820 4146 omnum

722 4158 969 4201 senatores
988 4152 1137 4201 fixisse
1158 4154 1417 4202 verisimile
1436 4160 1525 4201 est.
1796 4162 1955 4205 erant.

792 4230 811 4263 1
848 4217 951 4264 Sub
979 4218 1153 4265 umbra
1172 4218 1391 4277 foederis
1414 4216 1560 4279 aequi
1587 4220 1733 4265 servi-
1868 4234 1896 4280 3
1928 4220 2058 4267 Plus
2093 4220 2408 4269 ducentorum
2445 4222 2725 4283 anm]
2761 4223 2819 4271 cf.

720 4280 896 4337 tutem]
942 4278 1119 4337 Recte,
1138 4286 1195 4327 ut
1216 4278 1338 4327 mihi
1362 4278 1569 4335 videtur,
1591 4278 1734 4327 inter-
1800 4282 1945 4343 Supr.
1972 4282 2034 4331 vi.
2060 4284 2137 4331 28.
2161 4282 2244 4330 ubi
2266 4283 2331 4331 de
2360 4290 2554 4333 ventum
2576 4300 2820 4334 mnam

722 4340 923 4399 punctio
944 4346 1057 4400 post
1065 4343 1284 4400 foederis
1304 4339 1512 4398 tollitur,
1536 4342 1587 4390 id
1605 4344 1734 4404 quod
1799 4346 2006 4393 obnoxia
2023 4362 2150 4409 pace
2170 4344 2342 4407 agitur.
2389 4346 2469 4395 Ibi
2487 4362 2603 4395 vero
2617 4348 2686 4397 de
2711 4364 2818 4396 con-
