3000 4784
655 253 718 316 vi
1385 244 2022 312 PRAEFATIO.

655 410 838 484 Livii
898 408 1199 484 editioni
1267 408 1629 507 syllabum
1679 407 2017 480 codicum
2079 405 2525 503 optimorum
2584 406 2753 480 sub-

647 527 846 613 iecit,
915 550 1230 624 quorum
1297 525 1673 622 praesidiis
1742 523 2143 598 instructus
2210 523 2366 620 ipse
2432 522 2528 597 ad
2596 547 2753 595 rem

650 643 1016 740 agendam
1047 649 1509 727 -accesserat,
1562 638 1768 713 cuius
1828 639 1889 712 si
1940 638 2034 712 ad
2088 638 2367 712 calcem
2418 638 2755 712 editionis

653 783 862 833 meae
897 757 1305 854 legentibus
1341 756 1628 854 copiam
1662 755 1932 840 fecem,
1969 754 2144 827 satis
2181 778 2300 827 me
2340 778 2474 852 pro
2517 753 2756 827 officio

654 898 823 947 meo
881 873 1138 947 fecisse
1208 872 1637 947 arbitrabor.
1744 870 2133 946 Editiones
2194 896 2517 970 quoque,
2570 893 2759 967 quae

656 989 1016 1064 hactenus
1082 991 1156 1062 in
1225 987 1601 1086 publicum
1669 1011 2096 1085 provenere,
2167 987 2427 1061 melius
2491 1011 2765 1084 cogno-

657 1115 979 1192 scentur,
1039 1105 1100 1178 si
1165 1105 1725 1202 praecipuarum
1784 1103 2191 1176 editionum
2250 1102 2609 1200 syllabum
2668 1103 2761 1175 ab

657 1223 924 1296 eodem
951 1218 1350 1306 clarissimo
1375 1219 1531 1294 viro
1554 1217 1998 1304 confectum,
2022 1227 2244 1315 atque
2272 1242 2441 1291 eum
2463 1217 2761 1316 quidem

659 1338 1173 1437 supplemento
1245 1362 1286 1410 e
1354 1335 1805 1433 praefatione
1878 1334 2397 1432 Kreyssigiana
2463 1341 2767 1407 auctum

660 1455 874 1529 simul
911 1453 1338 1537 adiunxero,
1375 1475 1598 1547 quam
1640 1451 1699 1522 si
1738 1449 2007 1523 iudicio
2050 1449 2290 1522 minus
2334 1456 2653 1534 matum,
2690 1455 2767 1520 et

662 1569 991 1642 oratione
1041 1566 1290 1640 forsan
1345 1564 1725 1651 ieiuniore,
1776 1563 1870 1638 ad
1922 1563 2212 1637 illarum
2260 1564 2767 1638 recensionem

661 1686 814 1783 ipse
848 1705 1253 1758 accessero,
2190 1666 2197 1673 ’

773 1801 920 1874 Sed
973 1800 1064 1873 de
1127 1797 1499 1898 proposito
1553 1821 1721 1872 meo
1772 1821 2035 1898 pauca,
2085 1797 2283 1872 bona
2346 1807 2479 1870 tua
2526 1797 2763 1883 venia,

665 1899 1120 1990 subiecerim.
1219 1913 1813 1990 Vetustissimam
1832 1915 2035 1989 illam
2056 1915 2563 1988 Romanorum
2582 1937 2771 1988 rem-

666 2031 1038 2130 publicam
1101 2029 1437 2104 acumine
1489 2055 1624 2104 suo
1683 2031 2029 2128 singulari
2083 2040 2305 2128 atque
2360 2029 2768 2102 eruditione

667 2145 1046 2220 recondita
1091 2144 1542 2219 Niebuhrius
1586 2145 1959 2220 hodiernis
1992 2145 2176 2219 adeo
2227 2146 2373 2220 iam
2408 2143 2771 2218 notiorem

667 2261 865 2348 fecit,
901 2270 1012 2348 ut,
1045 2260 1218 2336 licet
1255 2261 1441 2337 Livii
1489 2261 1840 2336 historiae
1874 2285 2025 2335 non
2072 2261 2372 2335 omnino
2414 2285 2549 2358 pro
2583 2258 2771 2334 veris

670 2377 1138 2476 accipiendae
1218 2378 1388 2465 sint,
1455 2400 1610 2451 non
1678 2377 1846 2452 ideo
1924 2385 2203 2463 tamen,
2272 2376 2473 2474 quod
2540 2375 2771 2450 voluit

671 2495 1161 2581 BeaufortiuS,
1195 2518 1329 2592 pro
1366 2493 1557 2568 fictis
1600 2517 1897 2592 prorsus
1930 2493 2390 2580 reiiciendae,
2424 2516 2564 2567 nec
2601 2517 2771 2567 cum

672 2610 1126 2709 Fergusonio
1168 2608 1450 2684 lubrica
1500 2611 1749 2683 omnia
1782 2618 2005 2707 atque
2063 2608 2348 2683 incerta
2395 2632 2628 2706 usque
2681 2607 2773 2681 ad

668 2726 947 2800 bellum
1000 2725 1360 2798 Punicum
1407 2725 1814 2798 secundum
1859 2723 2201 2797 habenda
2246 2723 2411 2796 sint.
2518 2722 2774 2797 Critici

671 2842 892 2924 enim,
947 2841 1074 2935 qui
1119 2862 1230 2924 ea,
1277 2861 1466 2934 quae
1522 2837 1673 2911 sive
1722 2837 2003 2911 incuria
2039 2839 2313 2926 LiviuS,
2348 2863 2479 2913 seu
2530 2837 2773 2914 studio

669 2954 1012 3052 partium,
1047 2961 1176 3026 aut
1212 2951 1553 3025 simulata
1584 2952 2004 3049 aliquand0,
2040 2961 2169 3027 aut
2203 2964 2403 3029 certe
2438 2979 2591 3028 non
2628 2955 2772 3028 sin-

671 3091 840 3143 cera
860 3066 1266 3154 tradiderit,
1293 3065 1695 3140 odorentur
1720 3076 1797 3141 et
1819 3066 2351 3157 demonstrent,
2373 3069 2621 3167 plures
2648 3095 2776 3143 ex-

673 3184 1019 3259 stiterunt
1043 3209 1063 3269 ;
1102 3183 1228 3280 qui
1249 3206 1426 3257 vero
1452 3183 1703 3256 abdita
1727 3193 1803 3257 et
1828 3193 2111 3258 retrusa
2134 3185 2210 3258 in
2236 3185 2479 3258 lucem
2508 3185 2774 3272 eliciat,

675 3299 1040 3398 exquisita
1071 3298 1318 3372 iudicii
1361 3297 1763 3373 subtilitate
1798 3323 1970 3373 vera
2013 3325 2058 3374 a
2090 3299 2289 3374 falsis
2338 3309 2413 3374 et
2449 3301 2779 3400 supposi-

672 3414 852 3488 titiis
897 3415 1289 3501 discernat,
1322 3412 1505 3487 locis
1548 3414 2021 3489 conclamatis
2056 3415 2282 3492 vitam
2327 3415 2613 3503 reddat,
2648 3419 2777 3490 de-

674 3538 979 3628 pravata
1027 3530 1368 3626 corrigat,
1421 3553 1838 3604 sermonem
1882 3531 2107 3630 ipsius
2162 3531 2346 3608 Livii
2390 3532 2777 3606 titubantis

673 3647 1217 3744 interpretetur,
1241 3645 1364 3719 vix
1389 3670 1608 3733 unuS,
1633 3647 1751 3721 vel
1784 3647 2153 3721 neminem
2181 3672 2411 3746 prope
2439 3647 2776 3734 dixerim,

674 3767 846 3834 ante
916 3760 1403 3834 Niebuhrium
1463 3761 1805 3836 inventus
1874 3772 2005 3836 est.
2112 3764 2378 3862 Neque
2435 3765 2633 3837 enim
2698 3766 2775 3838 in

676 3875 823 3962 illa,
873 3901 1062 3974 quae
1117 3877 1312 3976 apud
1365 3878 1657 3976 plebem
1713 3878 2106 3954 literariam
2158 3880 2380 3978 viget,
2436 3881 2779 3979 opinione

677 3991 1290 4089 acquiescendum
1352 4003 1486 4082 est,
1543 4018 1689 4092 qua
1750 3995 2196 4070 Niebuhrius
2256 3997 2574 4096 speciem
2633 3997 2782 4070 his-

677 4107 910 4182 toriae
989 4109 1369 4184 Romanae
1446 4111 1817 4210 popularis
1894 4111 2215 4190 fucatam
2292 4113 2633 4203 nudasse,
2702 4122 2781 4186 et

679 4225 1147 4300 simulacrum
1213 4250 1460 4301 rerum
1545 4251 1640 4301 ne
1722 4229 2164 4305 levissimum
2235 4231 2558 4327 quidem,
2629 4251 2779 4325 quo
