3000 4784
792 221 985 290 LIB.
1030 223 1157 290 IX.
1226 223 1473 298 CAP..
1497 229 1604 292 46.
2127 225 2254 290 555

60 387 89 434 5
122 359 549 448 pontificum,
594 361 738 426 evul
786 363 934 440 avit,
978 363 1295 451 fastosque
1340 363 1510 428 cirea
1553 363 1756 428 forum
1800 361 1874 426 in
1919 361 2066 427 albo
2155 383 2258 428 ro-
2277 373 2344 424 U.
2369 373 2566 436 (1449.

60 459 99 508 6
124 448 383 534 posuit,
426 461 518 524 ut,
560 470 733 534 quan
777 472 818 513 ο
862 448 1003 536 lege
1046 450 1149 536 agi
1192 463 1425 536 posset,
1466 449 1772 514 sciretur:
1819 447 2046 512 aedem
2139 440 2336 514 οτι-Α·
2369 439 2429 488 C·
2456 451 2566 500 303·

124 533 407 598 cordiae
438 535 508 596 in
534 557 683 598 area
703 532 982 599 Vulcani
1009 557 1259 602 summa
1286 535 1530 600 invidia
1556 535 1872 600 nobilium
1899 533 2254 612 dedicavit3

126 632 535 706 coactusque
588 642 899 685 consensu
949 621 1173 709 populi
1221 620 1562 686 Cornelius
1607 621 1918 686 Barbatus
1969 621 2258 708 pontifex

128 707 471 770 maximus
498 707 691 771 verba
726 707 991 793 praeire,
1022 731 1221 794 quum
1253 729 1431 772 more
1462 708 1772 772 maiorum
1812 721 2093 794 negaret,
2133 707 2260 772 nisi

128 791 483 857 consulem
501 805 613 856 aut
634 793 1098 879 imperatorem,
1119 815 1301 881 posse
1320 793 1632 882 templum
1651 793 1966 860 dedicare.
2028 792 2260 880 Itaque

130 901 235 942 ex
266 879 642 942 auctoritate
671 890 926 942 senatus
961 878 1160 943 latum
1196 880 1281 945 ad
1320 879 1629 967 populum
1659 892 1777 958 est,
1807 903 1892 944 ne
1921 881 2066 966 quis
2094 892 2258 945 tem-

132 964 336 1051 plum
364 986 613 1028 aramve
642 965 887 1029 iniussu
921 977 1179 1030 senatus
1218 979 1329 1030 aut
1368 965 1772 1030 tribunorum
1811 965 2025 1052 plebei
2063 965 2259 1052 partis

136 1049 413 1114 maioris
458 1050 799 1126 dedicaret.
894 1049 1093 1115 Haud
1138 1051 1614 1116 memorabilem
1659 1073 1798 1116 rem
1843 1073 1962 1138 per
2004 1075 2092 1128 se,
2135 1051 2258 1116 nisi

138 1137 611 1200 documentum
679 1137 761 1201 sit
825 1136 1123 1201 adversus
1180 1137 1541 1224 superbiam
1601 1136 1912 1202 nobilium
2015 1137 2258 1202 lebeiae

137 1223 484 1300 libertati&
536 1223 825 1288 referam.
917 1222 1031 1287 Ad
1088 1223 1395 1309 collegam
1454 1245 1717 1311 aegrum
1767 1222 1944 1288 visen
1994 1223 2016 1286 i
2073 1244 2262 1288 causa

142 1307 413 1373 Flavius
459 1331 659 1396 quum
706 1309 1003 1386 venisset,
1043 1331 1485 1396 consensuque
1533 1307 1846 1374 nobilium
1893 1307 2264 1373 adolescen-

140 1395 341 1471 tium,
372 1395 485 1482 qui
513 1395 604 1459 ibi
633 1395 1010 1473 assidebant,
1042 1407 1463 1461 assurrectum
1496 1396 1566 1468 ei.
1593 1418 1727 1460 non
1755 1407 1940 1472 esset,
1973 1393 2260 1460 curulem

142 1481 369 1545 afferri
402 1480 621 1546 sellam
656 1503 734 1545 eo
769 1481 967 1559 iussit,
999 1505 1071 1546 ac
1112 1481 1262 1547 sede
1306 1481 1566 1548 honoris
1609 1481 1706 1545 sui
1753 1482 1976 1547 anxios
2021 1481 2262 1546 invidia

90 1591 125 1640 7
148 1567 453 1632 inimicos
492 1567 813 1667 spectavit.
909 1566 1217 1633 Ceterum
1247 1567 1536 1634 Flavium
1567 1568 1816 1632 dixerat
1853 1567 2128 1632 aedilem
2166 1567 2261 1632 fo-

146 1653 359 1718 rensis
386 1655 595 1730 factio,
632 1654 755 1741 Ap.
787 1651 1047 1718 Claudii
1081 1676 1349 1720 censura
1380 1655 1548 1719 vires
1585 1667 1790 1732 nacta,
1871 1654 1934 1718 ui
1971 1666 2262 1718 senatum

90 1755 129 1802 8
146 1739 402 1826 primus
430 1739 867 1804 libertinorum
890 1739 1037 1804 filiis
1064 1739 1245 1806 lectis
1274 1740 1736 1828 inquinaverat.
1807 1677 1896 1804 fit
1923 1753 2262 1828 postquam

149 1848 305 1890 eam
346 1825 686 1891 lectionem
733 1848 923 1891 nemo
970 1839 1171 1892 ratam
1217 1827 1459 1905 habuit,
1503 1849 1624 1892 nec
1666 1827 1738 1890 in
1781 1827 1958 1892 curia
1993 1827 2264 1914 adeptus

150 1923 317 1989 erat,
366 1935 524 2000 quas
572 1912 861 1998 petierat,
910 1935 1063 2000 opes
1113 1915 1425 1991 urbanas;
1480 1914 1828 1979 humilibus
1875 1935 1993 2001 per
2041 1935 2264 1977 omnes

98 2025 134 2072 9
154 1999 367 2062 tribus
423 1998 660 2076 divisis,
718 1998 925 2063 forum
992 2012 1059 2064 et
1122 2021 1419 2088 campum
1484 1999 1668 2065 corru
1715 2001 1804 2064 it:
1883 2013 2262 2086 tantumque

154 2085 365 2148 Flavii
394 2085 651 2150 comitia
678 2085 1075 2171 indignitatis
1108 2085 1486 2163 habuerunt,
1519 2100 1593 2150 ut
1693 2086 1914 2170 erique
1951 2083 2264 2149 nobilium

106 2165 433 2260 ssannulos
462 2193 685 2236 aureos
714 2185 780 2235 et
808 2171 1095 2271 phaleras
1125 2170 1536 2257 deponerent.
1625 2109 1736 2234 {x
1771 2193 1848 2234 eo
1880 2181 2162 2256 tempore
2195 2171 2262 2233 in

156 2257 323 2322 duas
396 2271 560 2322 artes
589 2257 875 2322 discessit
904 2256 1140 2322 civitas
1221 2255 1424 2320 Aliud
1453 2257 1704 2342 integer
1817 2254 2025 2342 puluS,
2054 2255 2264 2319 fautor

73 2365 83 2372 ·
157 2357 227 2408 et
256 2367 293 2407 c
368 2357 465 2408 tor
491 2344 822 2420 bonorum,
854 2343 1028 2408 aliud
1055 2343 1318 2408 forensis
1346 2343 1536 2408 factio
1580 2277 1877 2417 teneggu
1933 2342 2141 2405 donee
2177 2340 2260 2418 Q.

108 2451 139 2497 3
162 2429 400 2495 Fabius
443 2443 507 2494 et
552 2430 626 2494 P.
660 2429 902 2494 Decius
944 2452 1235 2494 censores
1269 2429 1457 2494 facti:
1509 2441 1575 2494 et
1604 2428 1855 2505 Fabius,
1887 2427 2076 2492 simul
2111 2449 2265 2492 con-

164 2648 281 2696 pon.
317 2632 381 2679 de
418 2629 547 2692 On'g.
582 2629 724 2679 Iuris.
758 2630 919 2679 Cazv.
981 2629 1043 2677 cf.
1069 2630 1182 2679 Val.
1250 2629 1341 2676 bus
1374 2645 1506 2677 nunc
1544 2628 1646 2687 agit
1680 2627 1866 2685 Livius,
1899 2625 2150 2674 libertinos
2185 2641 2266 2674 vo-

163 2697 309 2746 Max.
345 2695 396 2744 ii.
438 2709 476 2744 1.
548 2694 675 2742 Plin.
719 2694 789 2742 H.
826 2694 893 2742 N.
928 2692 1101 2740 xxxiii.
1142 2708 1183 2740 ῐ.
1250 2699 1385 2740 catos
1408 2692 1556 2740 fuisse
1579 2691 1844 2740 Suetonius
1863 2691 1934 2738 ait
1960 2689 2011 2738 in
2035 2690 2264 2750 Claudio,

166 2760 229 2810 A.
257 2759 392 2808 Gen.
416 2758 478 2807 vi.
501 2773 547 2821 9.
612 2757 719 2807 Cic.
743 2771 830 2820 pro
855 2757 1080 2805 Muraen.
1110 2771 1181 2804 11.
1251 2771 1327 2816 24-
1364 2772 1463 2805 non
1500 2759 1630 2819 ipsos
1666 2757 1752 2818 qui
1787 2757 2265 2812 manumitterentur,

167 2823 331 2886 Epist.
366 2823 429 2871 ad
465 2824 567 2870 Att.
603 2821 663 2870 vi.
702 2835 741 2869 1.
811 2821 975 2882 HugO.
1002 2819 1181 2869 Gesch.
1248 2823 1333 2869 sed
1368 2823 1621 2882 {aye-nuos,
1661 2819 1690 2868 i.
1721 2835 1764 2868 e.
1804 2833 1888 2866 eos
1923 2817 2006 2878 qui
2045 2817 2266 2866 Suetonii

168 2889 257 2936 des
280 2888 346 2935 R.
373 2886 573 2935 Rechts.
598 2885 625 2944 ἓ
656 2887 761 2946 183,
791 2885 895 2942 184.
1249 2900 1370 2932 aevo
1402 2899 1489 2946 pro
1520 2883 1740 2946 ingenuis
1765 2883 2087 2940 habebantur,
2109 2897 2170 2930 ex
2191 2883 2268 2930 his

238 2967 267 3012 5
300 2952 498 3010 Festos]
537 2947 914 3006 Kalendarium‚
950 2962 1047 3008 quo
1082 2952 1187 2995 tota
1245 2955 1538 3010 procreatos.
1629 2948 1755 2996 Sunt
1808 2952 1974 2995 tamen
2029 2961 2058 2994 e
2112 2946 2269 2995 doctis

170 3015 364 3064 ‹liemm
387 3015 621 3061 fastorum
646 3013 1039 3072 nefastorumque
1062 3011 1185 3058 ratio
1251 3012 1468 3074 quidam,
1490 3011 1576 3073 qui
1599 3010 1888 3060 Suetonium
1919 3011 2012 3058 hac
2042 3009 2094 3057 in
2121 3025 2174 3057 re
2195 3025 2266 3058 er·

171 3078 528 3126 continebatur.
617 3076 735 3124 vid.
779 3081 881 3123 not.
920 3075 985 3122 ad
1027 3074 1060 3124 i.
1114 3090 1185 3138 ¹9-
1254 3077 1371 3124 roris
1386 3075 1688 3134 insimulent,
1711 3076 2106 3135 contendantque
2126 3075 2266 3122 liber-

172 3143 373 3191 Ilomm
418 3139 621 3188 scientia
667 3145 815 3188 antea
862 3139 995 3201 apud
1041 3139 1187 3187 colle-
1253 3142 1411 3188 tinum
1440 3140 1651 3188 eundem
1695 3153 1887 3200 semper
1914 3137 2078 3196 fuisse,
2099 3135 2182 3198 qui
2217 3143 2270 3184 et

170 3207 307 3269 gium
332 3205 622 3266 pontificum
646 3209 762 3252 erat.
802 3203 943 3252 Dux.
1254 3205 1455 3252 libertus
1476 3204 1834 3262 appellabatur.
1869 3202 2031 3250 Cnsv.

238 3269 269 3319 6
306 3271 512 3328 Quando
532 3269 635 3330 leye
664 3269 747 3328 ayt
772 3268 955 3328 posset]
995 3265 1192 3322 Quibus
1320 3283 1352 3328 9
1384 3269 1569 3314 Forum
1601 3273 1648 3312 et
1679 3265 1928 3325 campum]
1968 3277 2034 3311 se.
2052 3260 2270 3311 Comitia

174 3334 349 3382 diebus
378 3337 575 3394 possent
608 3329 854 3393 legitimae
883 3329 1101 3378 actiones
1127 3330 1190 3376 ad
1256 3329 1456 3387 tributa,
1476 3343 1605 3390 quae
1635 3327 1686 3376 in
1717 3327 1838 3384 foro,
1860 3332 1909 3374 et
1933 3325 2130 3374 comitia
2159 3341 2269 3373 cen-

178 3397 568 3459 persequendum
631 3394 708 3442 ius
780 3409 923 3442 suum
997 3392 1191 3454 suscipi.
1258 3392 1456 3450 turiani,
1478 3407 1606 3451 quae
1625 3390 1676 3438 in
1709 3405 1883 3452 campo
1907 3389 2090 3438 Martio
2123 3389 2268 3438 habe-

176 3465 341 3511 Casv.
1259 3458 1451 3504 bantur.
1485 3455 1647 3504 Casv.

246 3539 272 3586 7
306 3526 535 3574 Forensis
545 3524 731 3584 factio]
770 3522 917 3577 Quae
938 3509 1077 3582 ‘plebi
1110 3535 1193 3582 op-
1332 3535 1351 3567 1
1388 3519 1658 3578 phaleras]
1752 3515 2038 3565 Ornamenti
2103 3531 2274 3578 genus,

176 3589 394 3652 ponitur,
415 3595 465 3636 et
490 3587 541 3634 in
564 3601 661 3648 qua
684 3584 901 3647 opifices,
922 3583 1197 3641 tabernarii,
1263 3583 1395 3645 quod
1430 3581 1680 3644 proprium
1717 3581 1864 3628 fuisse
1905 3587 2014 3628 tum
2053 3579 2274 3640 equitum

177 3659 229 3702 et
246 3653 431 3702 scribae
447 3655 850 3698 annumerantur:
876 3649 1193 3709 quossaecem
1258 3647 1445 3708 insigne
1488 3644 1733 3706 colligitur
1776 3659 1838 3691 ex
1884 3643 2063 3702 Plinio,
2099 3643 2169 3692 11.
2205 3644 2274 3692 N.

177 3719 315 3764 illam
351 3717 605 3763 civitatum
633 3715 857 3823 appellat
893 3712 1067 3761 Cicero
1108 3726 1193 3772 pro
1260 3709 1431 3758 xxxiii.
1482 3724 1522 3757 1.
1603 3709 1827 3756 Annulos
1869 3723 2042 3756 aureos
2082 3713 2202 3756 tunc
2244 3725 2276 3756 a

178 3781 340 3829 Flam.
372 3781 443 3828 18.
480 3779 671 3826 Graece
722 3777 909 3837 γοραΐος
932 3773 1097 3835 ὄχλος.
1260 3775 1376 3823 solis
1414 3772 1732 3829 senatoribus,
1771 3788 1862 3821 nec
1901 3771 2152 3830 universis,
2191 3773 2276 3820 sed

246 3846 275 3892 8
308 3843 696 3900 Liber-tinorum]
724 3842 931 3890 Constat
947 3837 1197 3888 Ciceronis
1262 3853 1429 3886 eorum
1483 3836 1812 3894 nobilissimis,
1865 3843 2078 3898 gestatos
2130 3835 2278 3884 fuisse

180 3906 483 3968 temporibus
514 3921 573 3953 ac
606 3904 838 3965 deinceps
861 3905 1108 3952 libertinos
1138 3917 1197 3949 ac
1262 3902 1394 3950 idem
1449 3901 1656 3962 scriptor
1707 3902 1918 3950 affirmat
1964 3901 2164 3948 ibidem.
2213 3900 2276 3948 cf.

180 3975 375 4021 libertos
411 3985 501 4031 pro
538 3969 709 4017 iisdem
748 3973 978 4028 acceptos
1015 3966 1198 4022 fuisse3
1264 3981 1393 4028 supr.
1422 3979 1461 4026 7.
1498 3966 1659 4015 Cnsv.

182 4037 253 4084 ita
286 4041 455 4084 tamen
494 4040 549 4080 ut
582 4035 782 4081 libertus
817 4031 881 4078 ad
921 4035 1199 4091 patronum,
1330 4043 1356 4077 ἰ
1390 4032 1477 4078 Ex
1518 4046 1573 4078 eo
1628 4035 1718 4077 tem
1810 4029 1862 4086 e]
1918 4025 2169 4084 Nimirum
2215 4039 2278 4072 ex

183 4101 440 4148 libertinus
487 4096 550 4144 ad
603 4095 871 4158 ingenuum
926 4094 1196 4142 referretur.
1264 4093 1416 4154 Appii
1440 4108 1657 4141 censura.
1747 4091 1897 4139 iebhr.
1922 4089 1989 4137 iii.
2015 4105 2062 4136 n.
2087 4101 2194 4150 549.

187 4165 365 4223 Itaque
418 4159 670 4208 dicebatur
716 4160 851 4207 homo
905 4160 1192 4214 libertinus-‚-
1329 4171 1355 4217 3
1391 4159 1449 4214 Q.
1471 4159 1659 4204 Fabius
1688 4163 1735 4204 et
1761 4157 1824 4201 P.
1849 4155 2032 4224 Decius
2062 4167 2279 4203 censores

184 4243 283 4274 non
319 4239 431 4273 vero
466 4225 723 4272 libertinus
754 4238 905 4280 meus,
938 4223 1195 4269 libertinus
1248 4222 1407 4281 sacti]
1459 4219 1687 4279 Sigonius
1728 4223 1778 4264 et
1817 4217 2020 4278 Pighius
2057 4229 2120 4262 ex
2155 4215 2277 4276 frag-

187 4291 427 4347 Gaesaris,
460 4289 543 4335 sed
578 4289 779 4334 libertus
813 4302 963 4343 mett-r,
996 4286 1195 4332 libertus
1260 4285 1438 4330 mentis
1474 4285 1730 4330 Fastorum
1765 4279 2157 4340 Capitolinorum
2196 4295 2280 4326 eos

189 4355 428 4404 (nesae-is.
484 4353 553 4400 At
575 4350 650 4398 his
672 4349 990 4412 temporibus,
1006 4348 1067 4396 dc
1090 4347 1194 4408 qui·
1261 4348 1354 4394 hoe
1389 4345 1493 4407 ipso
1527 4361 1656 4393 anno
1688 4359 1940 4394 censuram
1973 4343 2174 4406 gessisse
2201 4359 2280 4392 vo-
