3000 4784
834 215 1024 282 Lm.
1083 215 1170 282 11.
1241 215 1462 304 cAae.
1520 221 1579 283 5.
2166 217 2247 283 77

188 349 506 430 Consules,
525 352 608 418 ad
635 351 1460 442 deprehendendos'legatos
1475 352 1962 454 coniuratosque
1984 352 2249 440 profecti
2270 369 2338 420 U.
2360 371 2420 422 c.
2445 383 2555 433 2⁴5·

183 437 378 515 domn,
419 439 572 504 sine'
595 439 872 504 tumultu
905 463 1042 505 rem
1085 463 1340 505 omnem
1373 464 1458 528 op
1503 462 1775 505 tessere:
1822 439 2146 504 hterarum
2179 439 2249 502 in
2266 436 2329 484 A.
2363 436 2423 510 02
2448 447 2557 510 597·

185 525 384 624 primis
398 526 618 592 habita
633 548 802 604 cura,
821 549 904 591 ne
925 527 1396 592 interciderent.
1530 527 1915 592 roditoribus
1930 525 2251 612 extemplo
2268 500 2515 613 puppam-

183 633 244 674 m
271 611 518 678 vincula
545 613 865 691 coniectiS,
895 613 976 678 de
1007 613 1229 701 legatis
1255 613 1611 715 paullulum
1640 613 2087 680 addubitatum
2116 624 2246 677 est:

183 711 242 761 et
266 721 625 788 quanquam
651 700 770 764 visi
809 713 958 765 sunt
991 701 1392 779 commisisse,
1422 713 1498 765 ut
1536 702 1813 766 hostium
1850 699 1991 766 loco
2020 712 2247 776 essent,

182 783 268 848 ius
321 799 534 850 tamen
578 788 868 874 gentium
912 787 1127 852 valuit.
1216 787 1322 853 De
1369 787 1555 854 bonis
1598 788 1805 876 regiis,
1853 810 2017 874 quae
2063 785 2247 851 reddi
2395 793 2456 854 5.

143 881 314 936 §vante
351 887 746 950 censuerant,
777 896 878 938 res
916 875 1164 962 integra
1197 875 1466 940 refertur
1499 874 1583 939 ad
1624 875 1862 940 Patres·
1952 873 2057 938 Illi
2094 873 2247 936 victi
2264 877 2407 951 qu}
2428 876 2547 924 Tar-

149 955 264 1020 nira
287 973 540 1024 vetuere
569 959 772 1039 reddi,
800 973 1058 1026 vetuere
1085 961 1154 1024 in
1192 961 1519 1048 publicum
1558 961 1778 1050 redigi.
1869 959 2249 1048 Diripienda
2262 955 2556 1054 33¹3:ssss

181 1041 338 1129 plebi
363 1059 514 1110 sunt
541 1047 724 1124 data3
771 1060 862 1125 ut,
893 1060 1178 1113 contacta
1215 1049 1392 1135 regia
1416 1048 1669 1136 praeda,
1699 1071 1877 1136 spem
1914 1049 1984 1112 in
2021 1069 2249 1135 perpe-
2263 1021 2536 1118 antemnae-

185 1141 346 1227 tuum
387 1155 535 1198 cum
575 1133 675 1197 his
718 1135 890 1221 pacis
933 1135 1265 1200 amitteret.
1359 1135 1539 1222 Ager
1582 1135 1713 1200 Tar
1758 1136 2098 1212 uiniorum,
2138 1134 2249 1233 qui
2266 1139 2473 1182 orantur.

145 1237 170 1271 α
185 1229 332 1281 mter
371 1222 602 1286 urbem
648 1243 722 1284 ac
766 1221 1052 1286 Tiberim
1091 1221 1234 1299 fuit,
1277 1235 1675 1286 consecratus
1798 1222 1936 1298 arti,
1983 1220 2255 1285 Martius

183 1300 398 1369 deinde
433 1328 695 1394 campus
715 1307 852 1372 fuit.
916 1306 1103 1372 Forte
1127 1308 1220 1372 ibi
1249 1319 1388 1372 tum
1415 1331 1597 1395 seges
1616 1308 1795 1372 farris
1816 1307 2048 1372 dicitur
2066 1307 2255 1371 fuisse

183 1403 410 1456 matura
449 1394 674 1458 messi:
721 1416 916 1480 quem
958 1394 1166 1481 campi
1206 1394 1483 1459 fructum
1526 1394 1679 1481 quia
1719 1393 2081 1480 religiosum
2123 1405 2257 1458 erat

183 1497 554 1557 consumere,
602 1479 918 1544 desectam
967 1502 1116 1544 cum
1165 1493 1511 1546 stramento
1560 1493 1841 1581 segetem
1890 1502 2120 1568 magna
2162 1479 2257 1542 vis

183 1559 494 1630 hominum
523 1565 712 1630 simul
747 1566 1024 1630 immissa
1051 1567 1351 1634 corbibus
1377 1568 1601 1633 fudere
1629 1591 1699 1632 m
1740 1567 2045 1644 Tiberim,
2078 1565 2255 1630 tenui

183 1647 468 1716 fluentem
613 1676 712 1730 ua,
764 1665 840 1718 ut
893 1653 1120 1719 mediis
1169 1653 1484 1726 caloribus
1542 1653 1721 1720 solet.
1813 1653 1915 1718 Ita
1962 1653 2033 1718 in
2080 1651 2257 1718 vadis

151 1733 531 1804 3haesitantis
679 1741 880 1805 menti
924 1763 1178 1806 acervos
1221 1741 1453 1810 sedisse
1504 1741 1696 1806 illitos
1737 1740 1924 1806 limo:
1986 1739 2257 1804 insulam

185 1819 320 1886 inde
345 1826 693 1912 paullatim,
724 1838 793 1892 et
819 1827 974 1905 aliis,
1005 1849 1168 1915 quae
1197 1827 1320 1892 fert
1348 1841 1585 1893 temere
1613 1829 1872 1905 flumen,
1904 1827 2131 1892 eodem
2158 1826 2258 1890 in-

189 1910 382 1988 vectis,
409 1913 680 1978 factam:
727 1927 948 2001 postea
973 1913 1166 1978 credo
1193 1913 1440 1980 additas
1476 1915 1695 1992 moles,
1726 1935 2047 2001 manuque
2074 1913 2257 1977 adiu-

189 2005 327 2073 tum,
368 2011 438 2062 ut
490 2014 624 2064 tam
669 2001 958 2066 eminens
1001 2023 1165 2078 area,
1210 2001 1521 2088 firmaque
1572 2000 1827 2089 templis
1877 2022 2134 2088 quoque
2178 2022 2253 2064 ac

190 2082 510 2164 porticibus
531 2087 919 2152 sustinendis
947 2099 1125 2152 esset.
1202 2087 1489 2176 Direptis
1504 2089 1689 2152 bonis
1705 2110 1946 2174 regum,
1971 2086 2255 2151 damnati

189 2167 542 2250 proditores,
585 2185 1038 2263 sumptumque
1081 2173 1486 2262 supplicium,
1516 2197 1593 2240 co
1752 2175 1917 2238 etius
1944 2197 2042 2250 eo,
2122 2171 2255 2238 uod

155 2271 410 2348 4p0enae
453 2258 800 2348 capiendae
845 2260 1260 2331 ministerium
1305 2261 1472 2348 patri
1513 2261 1597 2326 de
1640 2260 1687 2332 h
1766 2261 1853 2326 ris
1894 2283 1971 2326 co
2115 2272 2255 2324 atus

192 2345 486 2426 Imposuit,
535 2357 624 2424 et,
675 2346 790 2433 qui
839 2359 1150 2434 spectator
1207 2359 1342 2412 erat
1386 2346 1794 2424 amovendus,
1844 2369 1991 2412 eum
2042 2347 2253 2434 ipsum

191 2421 422 2494 fortuna
471 2445 834 2497 exactorem
891 2431 1184 2521 supplicii
1239 2432 1438 2500 dedit.
1533 2433 1799 2498 Stabant
1852 2432 2115 2519 deligati
2172 2431 2255 2496 ad

193 2511 386 2594 palum
417 2518 793 2584 nobilissimi
835 2519 1130 2584 iuvenes:
1178 2518 1294 2584 sed
1331 2543 1370 2584 a
1407 2520 1652 2597 ceteris,
1681 2519 1861 2584 velut
1904 2519 1984 2584 ab
2022 2517 2257 2606 ignotis

193 2599 500 2696 capitibus,
543 2604 822 2670 consulis
861 2604 1044 2670 liberi
1080 2606 1366 2670 omnium
1405 2606 1476 2670 in
1515 2627 1581 2671 se
1617 2617 1975 2671 averterant
2017 2603 2253 2682 oculos,

195 2692 634 2779 mmenebatque
679 2714 812 2756 non
861 2713 1107 2794 poenae
1149 2693 1350 2779 mag-is
1391 2691 1700 2769 homines,
1746 2715 1939 2779 qnam
1982 2690 2255 2767 sceleris,

197 2789 311 2853 (1¹10
361 2797 632 2861 poenam
691 2779 898 2844 meriti
955 2792 1200 2856 essent3
1275 2777 1436 2857 illos,
1497 2801 1575 2844 eo
1634 2778 2031 2867 potissimum
2088 2799 2257 2842 anno

198 2859 440 2938 patriam
478 2865 830 2944 liberatam,
865 2879 1108 2952 patrem
1149 2865 1570 2943 liberatorem,
1612 2865 2008 2931 consulatum
2044 2877 2256 2930 ortum

197 2961 269 3004 ex
311 2944 493 3015 domo
542 2949 751 3029 Iunia,
793 2951 1032 3029 Patres,
1077 2951 1348 3039 plebem,
1394 2953 1704 3042 quicquid
1746 2952 2011 3018 deorum
2053 2950 2261 3016 homi-

199 3045 458 3120 numque
477 3037 916 3104 Romanorum
937 3053 1120 3116 esset,
1145 3039 1470 3104 induxisse
1488 3040 1559 3104 in
1576 3039 1879 3118 animum,
1898 3051 1973 3104 ut
1986 3039 2259 3126 superbo

256 3271 285 3320 9
313 3263 390 3309 Ad
405 3265 610 3327 Patres]
667 3265 722 3316 si
751 3263 1016 3328 Dionysius
1051 3264 1185 3312 audi·
1252 3264 1312 3313 vi.
1351 3275 1392 3325 7.
1425 3262 1509 3326 qui
1549 3264 1795 3326 Campum
1837 3262 2122 3312 Tiberinum
2159 3263 2261 3314 sive
2356 3303 2363 3308 .

202 3321 340 3370 endus
361 3335 447 3389 cst,
468 3346 513 3380 v.
536 3329 586 3391 6,
617 3345 694 3378 res
723 3345 824 3378 non
851 3330 916 3378 ad
947 3335 1190 3387 senatum,
1251 3327 1488 3377 Martium
1522 3328 1707 3390 populo
1742 3328 1969 3376 Romano
2010 3343 2043 3376 a
2079 3328 2263 3391 virgine

201 3384 276 3430 ”d
313 3389 373 3437 ad
421 3401 586 3455 patres
627 3392 850 3443 curiatim
899 3398 1190 3442 convocatos
1251 3391 1444 3441 Vestali
1485 3391 1611 3440 Gaia
1658 3391 1881 3442 Tar-tatia
1932 3393 2260 3442 condonatum

203 3446 342 3498 relata
360 3461 443 3505 est.
1250 3455 1428 3506 scribit.
1464 3455 1718 3506 Wachsm.
1741 3471 1789 3518 p.
1814 3455 1923 3517 248.

263 3525 281 3558 ¹
313 3517 376 3565 Ῑπ
402 3523 676 3582 publicum]
721 3537 787 3570 sc.
823 3519 1103 3583 Poplicum‚
1133 3524 1190 3567 ut
1319 3534 1348 3582 3
1378 3521 1627 3579 Insulam]
1667 3519 1832 3568 Hodie
1852 3521 1983 3570 Ieola
2003 3521 2245 3570 Tiberina,

207 3569 456 3644 Publicola,
488 3585 985 3649 poplicola—quippe
1015 3585 1189 3648 populi
1316 3601 1348 3645 4
1379 3586 1579 3632 Poenae
1611 3585 1876 3646 capiendae
1911 3586 2258 3644 ministerium]

205 3644 454 3696 Pecuniain
463 3652 678 3714 publico,
689 3649 852 3698 nonin
869 3651 1079 3708 aerario,
1095 3662 1190 3696 ser-
1255 3647 1462 3696 Niebhr.
1500 3648 1667 3708 placet
1705 3647 1914 3696 Brutum
2042 3651 2119 3697 rio
2150 3651 2265 3698 iure

206 3701 400 3759 Whatm.
1253 3711 1306 3760 in
1327 3711 1452 3762 filios
1473 3710 1881 3760 mfimndvertioee.
1962 3747 1975 3760 .
1998 3711 2105 3761 Liv.
2128 3711 2159 3760 i.
2184 3711 2263 3761 26.

257 3781 293 3840 ⁸'²
330 3774 545 3828 Martius
584 3779 758 3828 deinde
809 3793 1008 3839 campus
1046 3773 1186 3837 snit]
1254 3781 1304 3824 et
1324 3775 1515 3824 nullam
1535 3791 1568 3824 a
1588 3781 1727 3837 patre
1746 3776 1813 3824 ad
1833 3777 2070 3838 populum
2093 3791 2262 3838 provo-

211 3821 340 3902 Dffon.
355 3853 394 3886 v.
413 3854 482 3904 13.
497 3841 748 3891 contendit
764 3841 1074 3904 huncngrum
1091 3839 1192 3889 iam
1255 3837 1498 3890 cntionem
1532 3854 1668 3890 esse:
1708 3854 1909 3888 munere
1944 3845 2111 3888 autem
2148 3855 2259 3888 con-

209 3890 472 3971 clinum
503 3921 693 3955 sacrum
725 3905 887 3964 fixisse,
907 3905 992 3953 sed
1014 3920 1045 3952 a
1066 3903 1186 3952 Tar·
1249 3903 1395 3952 sulari
1427 3904 1649 3953 functum
1683 3919 1803 3962 esse,
1830 3905 2025 3978 quando
2060 3903 2112 3951 in
2145 3904 2261 3952 sede

209 3967 354 4034 q¹¹¹1130
387 3969 668 4046 religionum
699 3975 912 4032 spretore
947 3969 1189 4032 segetibus
1249 3983 1338 4016 sua
1359 3968 1553 4018 lictores
1570 3969 1635 4022 ad
1655 3968 1949 4030 supplicium
1970 3967 2261 4018 sumendum

211 4029 454 4081 conatum:
487 4035 598 4084 ideo
617 4033 890 4097 religiosum
907 4033 1072 4092 fuisse,
1086 4031 1188 4081 sive
1250 4031 1396 4082 misit.
1462 4030 1711 4095 Exemplo
1738 4047 1827 4080 suo
1858 4029 2045 4080 animos
2082 4031 2262 4080 civium

211 4085 331 4155 ¹²5⁶?ss
346 4091 489 4146 vinum
508 4113 612 4151 esse
628 4097 880 4156 Romanis,
895 4097 1042 4146 huius
1059 4111 1190 4146 cum-
1251 4095 1316 4146 ad
1348 4096 1470 4146 alios
1495 4096 1837 4154 coniuratores,
1858 4095 1898 4144 si
1922 4094 2265 4158 provocatione

213 4157 258 4202 1³¹
277 4149 470 4209 fructum
491 4177 785 4213 consumere.
853 4161 952 4210 Hic
978 4159 1191 4210 solennis
1253 4165 1533 4220 certassent,
1576 4176 1674 4209 non
1726 4161 2046 4209 absolvendos
2095 4157 2265 4205 confir-

215 4205 336 4262 ¹⁰0u⁸
371 4219 595 4276 habendis
635 4225 844 4276 comitiis
895 4223 1191 4275 cenmfiatis.
1250 4225 1420 4276 mavit.
1451 4224 1658 4276 Nieblu.
1676 4223 1707 4274 t
1726 4240 1775 4286 p.
1793 4225 1904 4284 488.
1938 4221 2191 4271 Waehsm.
2214 4236 2269 4282 p.

217 4269 273 4344 1.ss
291 4291 344 4326 00
359 4297 540 4351 quoque
559 4291 862 4340 iuventutem
883 4289 1094 4338 exerceri
1116 4303 1190 4336 so-
1253 4291 1361 4350 ‘⁸48-
1806 4325 1813 4332 -

217 4333 340 4388 Imm
369 4356 530 4402 notum
561 4361 650 4404 est.
682 4355 844 4405 Caav.
889 4355 950 4402 cf.
978 4355 1037 4402 A.
1063 4353 1196 4402 Gell.
