3000 4784
864 186 1045 255 LIB.
1094 190 1177 257 V.
1240 189 1463 255 CAP.
1513 196 1618 257 52.
2167 199 2294 262 343

187 330 209 358 ‘
226 335 428 389 erunt
570 322 585 337 “
637 323 652 338 ”
696 344 873 389 num.
964 322 1393 410 confugimus
1434 325 1504 389 in
1554 324 1948 412 Capitolium
1989 326 2074 393 ad
2115 328 2290 407 deos,
2310 343 2379 394 U.
2401 345 2462 395 c.
2487 347 2597 411 365.

182 407 313 472 ‘ad
336 407 561 475 sedem
626 408 763 475 ovis
806 410 1031 497 optimi
1058 410 1360 475 maximi:
1408 433 1586 477 sacra
1612 412 1681 475 in
1719 412 1906 478 ruina
1931 436 2142 479 rerum
2173 409 2368 480 κιο-Α·
2402 410 2462 461 0.
2486 412 2599 474 3⁸⁷·

90 508 161 555 8
180 501 502 559 ‘sum-mn
558 494 679 559 alia
726 508 929 561 ter-rae
986 496 1347 575 celavimuS,
1400 497 1544 575 alia,
1596 510 1815 563 avecta
1863 499 1934 565 in
1985 500 2289 567 finitimas

176 588 199 617 ‘
218 581 437 658 urbes,
492 582 843 647 amovimus
888 583 969 647 ab
1028 582 1307 647 hostium
1342 583 1581 667 oculis.
1673 583 1964 651 Deorum
2021 586 2286 667 cultum,

172 674 195 703 ‘
214 666 469 731 deserti
514 668 597 733 ab
642 667 772 733 diis
812 667 1325 755 hominibusque,
1372 681 1588 735 tamen
1629 693 1762 735 non
1812 672 2281 738 intermisimus.

168 762 191 789 ‘
214 752 601 817 Reddidere
625 754 818 841 igitur
846 754 1132 841 pau-iam,
1163 767 1231 819 et
1257 755 1626 832 victoriam3
1673 768 1739 821 et
1768 758 2102 845 antiquum
2132 758 2284 824 belli

166 848 191 876 ‘
210 838 429 903 decus
454 839 751 905 amissum
772 864 790 903 z
838 853 905 905 et
932 840 999 905 in
1024 840 1253 918 hostes,
1286 842 1398 927 qui
1420 842 1592 907 caeci
1621 844 1879 909 avaritia
1904 844 1975 907 in
1994 844 2280 931 pondere

162 933 187 961 ‘
202 925 361 989 anri
389 925 613 991 foedus
640 948 717 991 ac
744 925 939 991 fidem
960 926 1338 1005 fefellerunt,
1367 940 1696 993 verterunt
1717 942 2018 995 terrorem
2034 930 2282 1017 fugam-

162 1018 187 1047 ‘
206 1033 355 1097 que
406 1023 473 1075 et
516 1011 795 1077 caedem.
888 1011 1072 1077 Haec
1116 1012 1275 1077 culti
1320 1012 1726 1101 neglectique
1775 1015 2056 1081 numinis
2103 1028 2282 1083 tants
2379 1014 2506 1078 ·52·

160 1104 183 1133 ‘
206 1110 647 1163 monumenta
686 1098 755 1163 in
790 1098 978 1163 rebus
1016 1097 1311 1165 humanis
1353 1112 1703 1177 cernentes,
1746 1100 1979 1187 ecquid
2010 1102 2276 1181 sentitis,

156 1191 181 1219 ‘
204 1182 535 1260 Quirioes,
565 1196 874 1270 quantum
902 1183 1167 1249 vixdum
1196 1208 1233 1249 e
1262 1184 1605 1272 naufragiis
1678 1185 1858 1249 rioris
1887 1185 2110 1286 culpae
2150 1187 2280 1263 clar

156 1276 181 1307 ‘
199 1268 451 1354 disque
480 1282 889 1369 emergentes·
914 1293 1207 1357 paremus
1238 1271 1460 1335 nefae?
1551 1270 1652 1335 Ur
1731 1294 1796 1335 m
1825 1285 2149 1371 ausplcato
2176 1274 2280 1339 in-

154 1450 179 1478 «
196 1355 1041 1528 ζιὲῗὲῗὲῗαὲἒὲυἶῖΐὲ
1064 1355 1443 1529 ἶὲῗθέῗέἕιὲε
1455 1356 2278 1509 ῗᾚὲἓὲὲἓὶῗᾋῖιεῗηῖιὶῗὲ

153 1536 178 1564 ‘
198 1548 351 1591 non
382 1525 522 1593 dies
548 1528 747 1613 magis
776 1527 941 1604 stati,
965 1550 1159 1614 quam
1179 1527 1321 1593 loca
1346 1540 1515 1605 sunt,
1547 1528 1617 1593 in
1633 1530 1867 1616 quibus
1894 1530 2069 1595 fiant.
2135 1530 2277 1595 Hos

150 1622 177 1651 ‘
200 1634 446 1677 omnes
472 1612 645 1689 deos,
664 1614 951 1700 publicos
978 1614 1399 1701 privatosque,
1424 1613 1728 1693 Quirites,
1747 1614 2060 1681 deserturi
2082 1616 2277 1682 estis?

76 1717 131 1765 9
154 1708 177 1736 ‘
206 1698 445 1772 Quam
472 1721 589 1785 par
614 1712 897 1765 vestrum
923 1699 1159 1765 factum
1179 1712 1296 1777 est,
1316 1700 1491 1786 quod
1519 1700 1589 1764 in
1619 1701 1947 1767 obsidione
1969 1724 2178 1790 nuper
2205 1703 2276 1767 in

152 1792 179 1822 ‘
196 1784 477 1871 egregio
504 1784 906 1850 adolescente
945 1783 1023 1849 C.
1050 1784 1267 1862 Fabio,
1298 1808 1431 1851 non
1468 1787 1712 1852 minore
1751 1786 2032 1853 hostium
2071 1789 2277 1854 admi-

150 1880 175 1908 ‘
200 1870 489 1947 ratione,
512 1894 705 1957 quam
726 1884 950 1948 vestra,
982 1884 1393 1958 conspectum
1420 1885 1554 1949 est3
1600 1896 1802 1959 quum
1831 1874 2001 1939 inter
2026 1874 2276 1940 Gallica
2319 1920 2324 1923 -

152 1966 175 1994 ‘
200 1955 347 2020 tela
374 1956 709 2041 degressus
736 1980 820 2021 ex
848 1979 992 2021 arce
1020 1957 1305 2021 sollenne
1328 1957 1561 2022 Fabiae
1587 1960 1798 2045 gentis
1825 1960 1895 2023 in
1923 1960 2083 2025 colle
2107 1960 2276 2037 Qui-

150 2052 173 2081 ‘
194 2040 405 2105 rinuli
434 2041 635 2106 obiit?
679 2042 791 2107 An
820 2041 1147 2129 gentilicia
1170 2064 1345 2107 sacra
1364 2065 1447 2107 ne
1476 2044 1548 2106 in
1585 2044 1755 2108 bello
1784 2045 2048 2130 quidem
2074 2046 2274 2110 inter-

149 2138 176 2167 ‘
200 2127 410 2204 mitti,
440 2127 695 2213 publica
722 2150 895 2193 sacra
922 2140 991 2193 et
1021 2128 1346 2193 Romanos
1375 2128 1530 2193 deos
1559 2129 1750 2193 etiam
1779 2129 1850 2193 in
1877 2152 2032 2215 pace
2063 2131 2272 2196 deseri

150 2224 175 2253 ⁶
202 2212 431 2301 placet
448 2214 479 2277 1³
522 2226 589 2278 et
624 2214 959 2300 pontifices
1001 2214 1415 2299 flaminesque
1460 2212 1951 2299 negligentiores
1989 2215 2274 2313 publica-

154 2310 179 2339 ‘
198 2322 361 2365 rum
411 2298 525 2363 reli
573 2299 792 2363 'onum
850 2322 1005 2376 esse,
1059 2322 1251 2385 quam
1301 2299 1584 2385 privatus
1629 2298 1698 2362 in
1739 2298 2008 2363 sollenm
2063 2301 2274 2387 gentis

155 2396 179 2427 ‘
196 2385 411 2449 fuerit
428 2386 459 2447 Ρ
552 2385 789 2450 orsitan
829 2384 1058 2471 aliquis
1093 2384 1283 2461 dicat,
1321 2397 1433 2448 aut
1476 2383 1656 2448 Veiis
1699 2405 1777 2449 ea
1817 2408 1934 2449 nos
1976 2385 2270 2466 facturos,

152 2482 177 2511 ‘
200 2482 329 2535 aut
385 2469 515 2549 huc
562 2470 717 2535 inde
768 2472 1066 2535 missuros
1111 2469 1468 2534 sacerdotes
1515 2482 1780 2546 nostrOS,
1830 2470 1943 2555 qui
1998 2471 2266 2537 faciant:

152 2567 177 2597 ‘
196 2578 487 2643 quorum
529 2567 829 2621 neutrum
872 2556 1010 2621 fieri
1054 2554 1238 2619 salvis
1282 2554 1680 2619 caerimoniis
1730 2566 1957 2642 potest.
2050 2555 2139 2620 Et
2187 2580 2271 2623 ne

154 2654 179 2683 ‘
202 2641 433 2707 omnia
488 2642 841 2729 generatim
885 2664 1061 2706 sacra
1112 2662 1301 2705 omne
1379 2663 1460 2704 ue
1505 2662 1914 2725 percenseam
1959 2639 2154 2718 deos3
2199 2642 2272 2707 in

94 2718 177 2815 ζ(
204 2728 387 2793 Iovis
409 2750 445 2792 e
492 2727 599 2793 ulo
630 2750 786 2793 num
816 2726 984 2806 alibi,
1016 2749 1207 2813 quam
1244 2726 1315 2789 in
1408 2724 1689 2826 apitoliO,
1720 2725 2011 2813 pulvinar
2037 2728 2271 2814 suscipi

98 2845 133 2892 3
156 2824 179 2853 ‘
204 2825 427 2901 potest
444 2863 459 2877 .
522 2813 703 2888 Quid
740 2812 821 2877 de
862 2813 1135 2877 aeternis
1163 2811 1399 2877 Vestae
1440 2812 1695 2898 ignibus
1733 2812 1784 2877 si
1875 2837 2063 2899 oque,
2094 2813 2272 2901 quod

153 2912 175 2939 ‘
198 2898 469 2986 imperii
497 2899 729 2997 pignus
756 2898 1043 2963 custodia
1070 2898 1206 2961 eius
1245 2897 1467 2985 templi
1496 2912 1770 2975 tenetur,
1785 2834 2024 3000 1}ng
2038 2903 2068 2965 Ρ
2111 2900 2270 2987 quid

96 3016 133 3057 4
154 2996 177 3026 ‘
195 2986 291 3051 de
320 2984 635 3051 ancilibus
674 2984 914 3060 vestris,
948 2983 1125 3047 Mars
1159 2982 1458 3061 Gradive,
1490 2996 1690 3072 tuque
1728 2985 1999 3061 Quirme
2043 2999 2225 3075 pater
2238 2988 2269 3051 :³

230 3212 264 3259 8
304 3212 486 3287 Terrae
506 3210 791 3270 celavimus]
844 3212 997 3259 Terra
1018 3210 1191 3258 celavi·
1257 3214 1445 3271 septem
1482 3209 1739 3271 Epulones
1777 3214 1828 3257 et
1863 3210 2040 3257 horum
2077 3224 2136 3257 co
2231 3211 2270 3259 ti

152 3292 278 3326 mm
296 3274 527 3323 mutius
546 3272 645 3322 diei
668 3288 835 3323 verum
858 3280 945 3321 est.
1014 3273 1193 3333 Neque

156 3347 341 3389 tamen
368 3340 529 3388 celare
547 3344 710 3387 torrae
744 3335 1065 3387 Patavinituti
1092 3335 1190 3384 eui-

158 3406 287 3453 dam
334 3401 513 3461 tribuo,
556 3406 613 3449 ut
658 3399 940 3449 faciendum
995 3398 1193 3447 coniicit

158 3465 381 3523 Douiat,
422 3480 539 3513 nam
594 3463 739 3511 simili
786 3463 934 3512 modo
987 3464 1188 3512 condere

158 3527 501 3587 termc‚dixit
528 3526 981 3577 Luean.i.6o6.et
1012 3526 1083 3575 sic
1115 3540 1189 3575 ro-

156 3595 377 3645 umdere
398 3598 577 3650 terme,
600 3590 731 3640 Flor.
754 3592 786 3638 i.
815 3605 888 3651 13.
926 3590 1102 3639 Dux.

232 3672 265 3721 9
302 3658 486 3713 Quam.
495 3671 594 3716 ραν
632 3661 844 3703 vestrum
874 3655 1072 3714 sactum
1102 3659 1190 3713 est,

160 3721 324 3785 quod]
373 3718 581 3779 Supple‚
612 3717 659 3765 ei
690 3718 839 3775 facto,
869 3718 1008 3779 quod.
1078 3714 1187 3763 Nisi

164 3782 279 3845 quis
294 3781 423 3829 forte
440 3780 607 3829 malit:
633 3782 791 3838 Quam
798 3796 901 3842 par
914 3781 1187 3840 vestr-osac-

165 3856 277 3895 tum
298 3852 389 3904 est,
537 3880 551 3906 2
584 3844 747 3893 ΟΜΝ.

239 3924 260 3957 1
288 3909 423 3957 Iovis
443 3909 611 3969 epulo]
643 3906 723 3955 Ad
746 3906 841 3955 hoc
864 3904 1187 3955 ordinandum

167 3973 323 4034 quod,
354 3970 569 4019 convivis
596 3972 737 4029 Iove,
765 3970 977 4029 Iunone,
1006 3974 1059 4017 et
1091 3969 1187 4017 Mi-

166 4050 338 4093 nerva,
373 4034 547 4083 Idibus
582 4032 891 4095 Novembris}
912 4034 1187 4083 celebrabar

166 4108 268 4157 tur,
282 4103 381 4145 tres
394 4096 653 4159 Epulones
674 4096 803 4145 circa
821 4112 904 4147 un.
924 4094 1031 4157 556.
1050 4096 1187 4145 U.c.

168 4160 404 4219 instituti,
442 4160 555 4209 infr.
594 4159 767 4209 xxxiii.
802 4175 884 4221 42,
920 4165 975 4207 et
1016 4164 1187 4221 postea

170 4242 203 4273 a
241 4224 383 4286 Sylla
416 4224 481 4273 ad
518 4228 709 4285 septem
747 4222 879 4271 aucti
916 4228 1061 4280 sunt3
1098 4221 1189 4271 has

172 4292 343 4337 autem
364 4288 539 4347 epulas
566 4302 666 4335 non
688 4292 789 4335 tam
814 4285 881 4335 dii
905 4286 1016 4349 ipsi,
1037 4300 1185 4347 quam

1256 3273 1594 3320 absumebant·
1627 3273 1688 3320 cf.
1709 3271 1824 3321 Val.
1841 3273 1981 3321 Max.
1995 3272 2046 3321 ii.
2067 3288 2106 3322 1.
2209 3283 2270 3323 n.

1257 3336 1375 3385 Ant.
1399 3336 1550 3383 Rom.
1574 3335 1601 3393 5
1627 3350 1685 3396 32
1693 3348 1736 3395 3.

1324 3413 1349 3445 α
1384 3400 1637 3446 Pulvinar
1663 3399 1872 3459 suscipi]
1911 3398 1961 3446 h.
1984 3415 2027 3448 e.
2051 3398 2270 3460 lust-itui,

1253 3460 1490 3509 adornari.
1571 3460 1810 3509 Pulvinar
1851 3462 2032 3523 passim
2075 3478 2270 3525 quoque

1254 3540 1343 3586 pro
1364 3524 1471 3586 ipso
1493 3526 1644 3586 epulo
1665 3523 1938 3573 adhibetur.
1972 3525 2188 3574 Srnorn.

1326 3602 1355 3649 3
1394 3590 1664 3651 Siynoque]
1729 3589 1976 3647 Palladio,
2020 3589 2152 3649 quod
2203 3591 2269 3637 ab

1255 3652 1426 3700 Aenea
1444 3651 1495 3698 in
1513 3650 1714 3699 Italiam
1736 3652 1998 3699 advectum
2021 3668 2142 3711 esse,
2165 3655 2267 3701 vul-

1250 3714 1379 3777 garis
1412 3713 1579 3777 opinio
1613 3720 1700 3763 est.
1769 3714 1885 3763 vid.
1914 3714 2064 3766 Dion.
2089 3716 2122 3767 i.
2145 3716 2268 3768 etii.

1253 3783 1304 3826 et
1328 3779 1462 3827 Plut.
1486 3776 1538 3825 in
1561 3778 1702 3827 Cam.
1729 3792 1804 3828 20.
1839 3780 2002 3829 (ἕλεν.

1316 3860 1349 3901 4
1374 3843 1544 3905 Tuque
1565 3844 1774 3899 Quirine
1789 3845 1960 3905 pater]
1996 3845 2266 3894 Observan-

1253 3906 1373 3953 dum
1394 3905 1577 3953 ancilia
1603 3920 1701 3953 non
1724 3906 1900 3955 Martis
1925 3912 2119 3957 tantum
2143 3907 2265 3955 Gra·

1254 3968 1371 4027 clivi,
1404 3970 1487 4017 sed
1525 3969 1673 4017 etiam
1709 3968 1908 4025 Quirini
1941 3970 2094 4031 patris
2129 3984 2268 4017 sacra

1252 4031 1347 4079 hoc
1386 4033 1495 4080 loco
1534 4032 1734 4081 haberi:
1787 4033 1925 4081 cuius
1960 4034 2030 4081 rei
2064 4033 2267 4080 fortasse

1253 4095 1389 4143 aliud
1406 4094 1737 4145 testimonium
1752 4112 1892 4158 aegre
1909 4094 2132 4156 reperias.
2167 4094 2266 4141 Sed

1250 4157 1481 4206 nimirum
1517 4160 1656 4208 Mars
1676 4164 1726 4207 et
1750 4157 1990 4214 Quirinus
2018 4158 2117 4203 duo
2151 4162 2267 4203 sunt

1252 4222 1452 4269 nomina
1488 4221 1706 4271 eiusdem
1741 4221 1836 4269 dei.
1904 4219 2162 4277 Quirinus,
2194 4216 2266 4266 in-

1252 4284 1359 4346 quit
1391 4284 1526 4333 Serv.
1555 4284 1764 4333 in.Aen.
1788 4282 1851 4332 vi.
1873 4284 1986 4345 859,
2019 4288 2091 4330 est
2117 4282 2266 4331 Mars
