3000 4784
824 220 1019 291 LIB.
1066 222 1187 289 IV.
1250 222 1471 292 CAP.
1523 226 1627 289 56.
2150 227 2274 293 281

142 352 539 423 desisterent
592 356 1015 444 impediendo
1061 357 1249 436 bello,
1294 372 1634 446 postquam
1683 381 1814 423 non
1859 380 2104 425 cessere
2154 383 2276 429 neo
2295 386 2363 435 U.
2385 386 2447 437 c.
2469 386 2582 449 346.

140 440 440 525 publicae
518 444 915 530 tempestati,
974 468 1097 511 nec
1163 466 1315 511 suae
1386 445 1684 521 invidiae,
1745 446 2142 532 pervincunt,
2203 460 2277 515 ut
2293 449 2354 500 A.
2387 450 2447 501 G·
2472 450 2584 511 406·

138 529 790 595 senatusconsultum
830 531 943 597 fiat
980 532 1063 596 de
1106 532 1377 600 tribunis
1416 532 1692 597 militum
1729 532 2051 599 creandis:
2099 546 2275 601 certo

138 623 356 677 tamen
372 628 611 699 pacto,
647 638 729 680 ne
752 617 933 683 cuius
960 618 1123 685 ratio
1152 618 1511 695 haberetur,
1537 617 1650 717 qui
1679 640 1758 682 eo
1785 640 1954 683 anno
1985 619 2278 685 tribunus

134 698 343 782 plebis
404 714 597 767 esset
614 726 635 767 τ
706 726 865 769 neve
926 705 1071 789 quis
1128 704 1497 771 reficeretur
1555 727 1622 769 in
1681 726 1922 769 annum
1983 705 2275 771 tribunus

134 783 372 867 plebis3
424 786 626 853 haud
670 788 863 855 dubie
908 789 1122 857 Icilios
1160 790 1505 857 denotante
1550 804 1794 867 senatu,
1837 813 2000 877 quos
2033 813 2274 857 merce-

88 897 118 938 4
134 868 284 935 dem
330 872 657 939 seditiosi
702 876 1057 941 tribunatus
1099 889 1319 962 petere
1362 876 1761 941 consulatum
1803 876 2269 945 insimulabant.

135 954 311 1021 Tum
333 956 659 1025 delectus
680 960 919 1039 haben‘,
939 962 1307 1048 bellumque
1330 964 1618 1031 omnium
1641 962 1938 1029 ordinum
1961 986 2276 1031 consensu

132 1064 171 1105 a
212 1046 439 1128 parari
482 1060 819 1134 coeptum.
916 1047 1229 1115 Consules
1258 1049 1445 1113 ambo
1484 1049 1750 1135 profecti
1783 1050 1914 1116 sint
1951 1050 2034 1116 ad
2063 1072 2270 1117 arcem
2291 1064 2493 1115 Frustra
2513 1083 2548 1116 a

196 1144 669 1211 wentanam,
710 1157 793 1199 an
836 1134 999 1201 alter
1030 1135 1113 1202 ad
1142 1134 1401 1203 comitia
1434 1134 1732 1200 habenda
1771 1136 2138 1212 substiterit,
2173 1137 2275 1201 in·
2299 1130 2440 1181 Rom.
2461 1138 2567 1185 ΨΒ·

132 1228 391 1281 eertum
422 1219 681 1285 diversi
711 1233 999 1287 auctores
1026 1221 1285 1288 faciunt.
1380 1218 1499 1285 Illa
1527 1242 1642 1306 pro
1671 1232 1844 1287 certo
1873 1220 2183 1298 habenda,
2201 1222 2272 1289 in
2289 1199 2408 1243 ιω·

134 1301 377 1385 quibus
438 1328 597 1371 non
648 1308 1049 1384 dissentiunt,
1100 1309 1181 1373 ab
1228 1329 1373 1373 arce
1424 1304 1846 1382 Carventana,
1899 1330 2102 1392 quum
2159 1307 2270 1373 diu

134 1408 177 1449 n
266 1389 604 1475 uicquam
658 1406 1023 1480 oppugnata
1070 1406 1253 1470 esset,
1306 1414 1662 1459 recemum:
1727 1391 2150 1478 Verruginem
2201 1394 2272 1459 in
2291 1410 2513 1475 νει-ηιμ
2528 1430 2601 1463 re-

136 1471 247 1536 Vo
344 1475 358 1487 “
432 1478 683 1543 eodem
713 1480 997 1545 exercitu
1024 1492 1365 1566 receptam,
1396 1478 1964 1565 populationesque
1993 1492 2062 1546 et
2087 1501 2272 1565 prae-
2289 1481 2438 1586 {3³1⁸
2455 1493 2489 1526 ⁸

136 1556 250 1623 das
278 1574 351 1625 et
382 1563 463 1627 in
496 1566 760 1651 Aequis
790 1580 857 1631 et
884 1568 955 1631 in
984 1565 1221 1631 Volsco
1248 1588 1399 1651 agro
1429 1566 1722 1650 ingentes
1751 1564 1961 1629 factas.
2373 1554 2438 1589 ¹¹¹·

226 1644 497 1714 Romae
532 1652 703 1717 sicut
740 1653 945 1740 plebis
980 1652 1241 1717 victoria
1268 1653 1389 1719 fuit
1424 1652 1493 1715 in
1523 1674 1620 1728 eo,
1655 1664 1744 1728 ut,
1823 1674 1942 1717 uae
1987 1650 2269 1729 mallent,
2394 1654 2498 1715 56.

139 1733 411 1797 comitia
460 1736 823 1804 haberent:
886 1740 976 1805 ita
1018 1744 1256 1805 eventu
1314 1737 1718 1805 comitiorum
1831 1750 1997 1803 atres
2043 1738 2266 1805 vicere.
2291 1736 2359 1786 U.
2382 1739 2441 1787 C·
2465 1750 2576 1801 347-

142 1814 461 1906 Namque
514 1824 760 1889 tribuni
804 1824 1078 1891 militum
1122 1824 1437 1893 consulari
1562 1836 1786 1891 testate
1830 1836 2051 1889 eontra
2091 1848 2270 1911 spem
2287 1803 2350 1913 ὃ·
2369 1802 2572 1923 ἓιίξξὸ·

103 1917 129 1967 5
144 1905 449 2000 omnium
482 1922 621 1975 tres
648 1912 894 2025 patricii
924 1910 1121 1977 creati
1148 1924 1317 1987 sunt,
1353 1910 1431 1977 C.
1496 1910 1662 1977 nlius
1691 1910 1890 1987 Iulus,
1921 1911 1995 1978 P.
2023 1909 2272 1977 Corne-
2287 1933 2379 2003 εις.
2398 1929 2484 1977 Tr.

144 1986 267 2053 hus
302 1990 585 2073 Cossus,
622 1995 699 2061 (,.
736 1996 1038 2063 Servilius
1080 1997 1307 2063 Ahala.
1398 1998 1624 2063 Artem
1667 1997 2018 2063 adhibitam
2055 1994 2404 2063 feruntM11·

146 2095 187 2137 a
211 2080 531 2159 patriciis,
590 2083 769 2148 cuius
798 2106 907 2149 eos
934 2083 1099 2149 Icilii
1128 2098 1267 2149 tum
1294 2106 1556 2169 quoque
1585 2081 2064 2167 insimulabant)
2091 2082 2270 2168 quod

149 2162 405 2229 turbam
469 2168 548 2231 in
600 2170 611 2181 '
746 2192 889 2235 rum
946 2170 1425 2235 candidatorum
1482 2168 1976 2233 intermiscendo
2035 2168 2266 2317 diffinis,

155 2250 369 2315 taedio
398 2254 694 2319 sordium
727 2256 795 2319 in
816 2256 1199 2341 quibusdam
1226 2255 1594 2341 insignium,
1617 2254 1926 2341 populum
1945 2278 1984 2319 a
2005 2252 2108 2339 ple
2153 2254 2270 2317 eiis

154 2336 559 2405 avertissent.
652 2340 917 2407 Volscos
961 2342 1199 2407 deinde
1252 2354 1320 2405 et
1366 2341 1651 2425 Aequos,
1697 2362 1812 2407 seu
1865 2340 2270 2405 Carventana
2287 2349 2488 2427 Bellugn
2510 2370 2544 2401 a

156 2438 267 2483 arx
294 2436 563 2491 retenta
588 2427 657 2491 in
686 2450 883 2513 spem,
914 2450 1029 2493 seu
1058 2428 1417 2512 Verrugine
1446 2428 1745 2491 amissum
1774 2425 2156 2511 praesidinm
2185 2425 2268 2491 ad
2285 2415 2481 2527 X⁰¹⁸03⁸
2491 2422 2586 2526 ‘1³‘-

158 2501 313 2571 iram
336 2512 777 2599 compulisset,
796 2514 963 2577 fama
984 2514 1261 2587 affertur,
1286 2532 1532 2575 summa
1547 2512 1612 2576 vi
1628 2510 1712 2575 ad
1733 2511 1972 2577 bellum
1989 2523 2262 2576 coortos=
2283 2494 2469 2591 laetum?
2489 2495 2504 2525 ¹

160 2607 349 2676 caput
378 2620 605 2663 rernm
634 2600 933 2664 Antiates
960 2622 1131 2663 esse:
1182 2620 1401 2661 eorum
1431 2598 1670 2683 legatos
1699 2597 2030 2683 utriusque
2057 2597 2267 2682 gentis

160 2680 431 2762 populos
462 2686 847 2763 circumisse,
880 2686 1253 2771 castigantes
1281 2682 1616 2769 ignaviam,
1643 2682 1836 2769 quod,
1867 2682 2072 2748 abditi
2099 2683 2271 2749 intra

160 2780 391 2845 muros,
424 2772 919 2871 populabundos
948 2773 1019 2836 in
1046 2772 1211 2857 agris
1239 2770 1453 2856 vagari
1482 2770 1810 2835 Romanos
1837 2770 2044 2856 priore
2075 2792 2265 2846 anno,

164 2860 229 2911 et
270 2874 553 2953 opprmu
600 2857 977 2944 Verruginis
1016 2856 1420 2944 praesidium,
1462 2857 1625 2941 passi
1671 2869 1914 2921 essent:
1960 2856 2090 2921 iam
2133 2878 2264 2921 non

162 2953 484 3007 exercitus
528 2944 721 3009 modo
756 2957 1046 3021 armatos,
1092 2944 1205 3008 sed
1250 2942 1529 3007 colonias
1569 2943 1780 3019 etiam,
1811 2943 1882 3007 in
1923 2965 2071 3007 suos
2103 2943 2267 3009 fines

126 3020 367 3091 fimittiz
434 3052 557 3094 nec
610 3030 776 3118 ipsos
828 3030 1019 3094 modo
1070 3030 1395 3094 Romanos
1442 3052 1560 3093 sua
1603 3029 1804 3093 divisa
1847 3029 2102 3107 habere,
2151 3030 2267 3095 sed

168 3102 583 3181 Ferentinum
634 3118 827 3181 etiam
878 3116 961 3181 de
1012 3139 1078 3180 se
1126 3131 1383 3202 captum
1436 3115 1735 3179 Hernicis
1779 3116 2062 3181 donasse.
2155 3115 2267 3180 Ad

168 3188 322 3260 baec
360 3224 569 3287 quum
609 3204 1155 3267 inflammarentur
1192 3203 1406 3278 animi,
1440 3215 1516 3265 ut
1554 3201 1636 3265 ad
1720 3224 1961 3285 uosque
2001 3212 2264 3265 ventum

170 3295 319 3357 emt,
362 3310 667 3352 numerus
710 3289 1032 3353 iuniorum
1076 3289 1602 3352 conscribebatur.
1732 3300 1797 3349 ta
1823 3286 2108 3349 omnium

170 3366 463 3445 pulorum
495 3373 789 3439 iuventus
820 3374 1097 3437 Antium
1135 3387 1488 3437 contrectat
1539 3372 1627 3434 ibi
1657 3371 1874 3434 castris
1901 3371 2120 3460 positis
2195 3395 2266 3436 o-

174 3462 330 3517 stem
388 3461 896 3549 opperiebantur.
1004 3460 1189 3533 Quae
1248 3458 1361 3521 ubi
1418 3456 1698 3521 tumultu
1755 3456 1992 3520 maiore
2050 3458 2264 3535 etiam,

173 3558 360 3621 quam
389 3569 489 3611 res
518 3560 671 3623 erat,
694 3547 1073 3611 nuntiantur
1102 3544 1396 3620 Romam,
1422 3555 1676 3607 senatus
1705 3542 2029 3628 extemplo
2059 3541 2266 3629 (quod

174 3621 240 3685 in
278 3632 465 3696 rebus
506 3632 769 3719 trepidis
807 3632 1107 3696 ultimum
1146 3629 1480 3695 consilium
1521 3627 1684 3714 erat)
1722 3628 2096 3695 dictatorem
2137 3629 2265 3694 dici

177 3707 362 3781 iussit.
471 3718 684 3793 Quam
742 3742 879 3783 rem
940 3740 1126 3803 aegre
1184 3738 1398 3804 passos
1457 3714 1695 3780 Iulium
1759 3713 2262 3805 Corneliumque

178 3794 413 3883 ferunt3
460 3828 820 3892 magnoque
850 3804 1194 3868 certamine
1226 3802 1580 3867 animorum
1609 3824 1744 3867 rem
1774 3814 2014 3867 actam:
2063 3825 2262 3889 quum

179 3885 469 3966 primores
498 3890 783 3967 Pati-um,
816 3890 1245 3976 nequicquam
1276 3890 1627 3975 conquesti,
1659 3912 1791 3953 non
1830 3911 1966 3954 esse
2006 3890 2076 3951 in
2115 3910 2266 3952 auc-

241 4106 270 4148 4
302 4095 639 4153 emaculatum]
688 4094 1017 4142 Tribunatum
1056 4090 1180 4140 mili-
1312 4105 1339 4153 5
1368 4095 1483 4141 Tres
1499 4094 1729 4154 patricii]
1759 4090 1875 4139 Hoc
1895 4102 2026 4137 anno
2044 4098 2267 4134 censores

181 4152 279 4199 tum
296 4158 533 4206 consulari
556 4164 814 4220 potestate.
840 4158 1032 4205 RAscn.
1083 4156 1181 4205 Sed
1246 4156 1395 4205 fixi-se
1417 4162 1622 4204 constat.
1963 4212 1974 4223 ·

188 4210 369 4269 ϊστωω
427 4236 521 4281 res,
574 4222 714 4271 euiu-
772 4220 1185 4270 insimulabantm
1310 4218 1342 4268 6
1374 4219 1782 4275 Divaa‘nabm]
1829 4209 2264 4287 Βιιςμωωιφοῑ

188 4272 321 4340 Icilii,
340 4300 437 4333 non
466 4286 533 4333 ad
565 4300 809 4347 praesens,
832 4286 921 4334 sed
954 4286 1017 4333 ad
1052 4283 1179 4333 futu-
1245 4284 1419 4331 novius
1437 4284 1640 4339 divisui,
1659 4286 1718 4328 ut
1738 4293 1870 4339 supr.
1908 4292 1938 4323 ι.
1975 4286 2051 4334 54-
2081 4274 2266 4321 dmum

187 4351 283 4393 mm
303 4352 497 4411 tempus
516 4350 769 4399 referenda
791 4354 878 4398 est.
916 4348 1082 4396 Dosa.
1237 4349 1407 4406 fuere.
