3000 4784
721 212 850 275 306
1497 205 1728 273 TITI
1786 204 2059 273 LIVII

401 360 468 410 U.
491 358 552 409 c.
579 363 689 421 357·
729 343 835 407 ‘id
891 343 1021 420 fiat,
1079 341 1236 407 deos
1291 341 1547 407 moenia
1612 341 1987 407 Veientium
2046 340 2405 407 deserturos
2460 360 2593 407 non
2657 337 2829 406 esse?

401 426 461 474 A·
495 424 554 473 C·
580 434 692 486 395·
731 429 1220 516 Exsequebatur
1261 427 1436 507 i'nde,
1489 451 1656 516 quae
1708 429 2009 494 sollennia
2066 428 2373 493 derivatio
2422 439 2605 492 esset.
2708 424 2831 491 Sed
2848 456 2865 488 ι

729 528 1050 582 auctorem
1107 515 1334 593 levem,
1387 538 1511 581 nec
1566 515 1717 581 satis
1774 516 1977 580 fidum
2026 536 2221 603 super
2268 526 2445 579 tanta
2488 536 2561 579 re
2611 513 2835 577 Patres
2939 508 2940 559 ἶ

729 603 869 680 rati,
881 602 1260 753 ddecrevere
1318 602 1561 689 legatos
1618 616 1945 689 sortesque
1997 601 2237 667 oraculi
2295 600 2555 689 Pythici
2606 622 2837 686 exspe-
2939 604 2940 669 3

731 702 878 753 ctan
927 712 1010 753 as.
2939 738 2940 749 2

506 789 604 850 16,
816 774 1198 875 Priusquam
1227 797 1266 840 a
1293 774 1570 861 Delphis
1592 788 1867 839 oratores
1894 774 2197 851 redirent,
2222 773 2541 838 Albanive
2563 769 2839 859 prodigii
2939 778 2940 781 ’

408 874 474 922 U.
501 872 558 923 O.
585 870 692 935 358·
733 862 986 949 piacula
1022 862 1481 939 invenirentur,
1514 862 1665 926 novi
1700 860 1937 925 tribuni
1982 860 2257 925 militum
2298 858 2619 924 consulari
2659 872 2843 945 pote-
2939 864 2940 869 ’

407 938 468 1049 ᾗ·
485 938 716 1049 &it-'3913-
733 962 912 1025 state,
961 948 1035 1013 L.
1063 946 1266 1013 Iulius
1309 946 1507 1025 IuluS,
1556 947 1632 1011 L.
1668 947 1895 1011 Furius
1940 946 2340 1011 Medullinus
2438 958 2723 1022 uastum,
2766 943 2836 1007 L.
2939 964 2940 967 ’

407 1066 456 1112 10
483 1065 556 1113 11.
581 1070 676 1113 etc.
739 1035 822 1100 Se
899 1036 996 1099 ius
1042 1035 1334 1112 Fidenas,
1389 1034 1471 1098 A.
1508 1034 1875 1097 Postumius
1926 1032 2331 1121 Regillensis,
2439 1079 2456 1094 .
2494 1030 2843 1097 Cornelius

407 1129 493 1177 Tr·
519 1128 642 1203 Mil..
737 1121 856 1185 Ma
877 1122 1220 1209 uginensis,
1249 1120 1328 1185 A.
1353 1120 1656 1198 Manlius,
1688 1120 2123 1206 magistratum
2145 1120 2444 1185 inierunt.
2542 1118 2647 1183 Eo
2676 1138 2841 1181 anno

407 1193 679 1268 Tarqunn3
737 1208 1232 1295 Tarquinienses
1261 1208 1410 1271 novi
1432 1207 1645 1273 hostes
1662 1206 1886 1271 exorti.
1982 1204 2159 1282 Quia
2178 1205 2367 1269 simul
2386 1204 2613 1269 multis
2640 1204 2841 1279 bellia

406 1272 682 1370 ἓξὲξ
736 1294 1116 1359 Volscorum
1145 1295 1228 1359 ad
1263 1293 1515 1371 Anxur,
1547 1293 1657 1358 ubi
1687 1293 2073 1379 praesidium
2111 1292 2542 1369 obsidebatur,
2578 1293 2843 1377 Aequo-

411 1383 520 1433 orti.
735 1404 876 1447 rum
907 1382 996 1447 ad
1022 1381 1308 1457 Lavicos,
1342 1382 1456 1467 qui
1497 1380 1857 1444 Romanam
1888 1380 1978 1443 ibi
2006 1378 2317 1444 coloniam
2360 1400 2445 1465 op
2670 1379 2841 1451 bant,

737 1468 822 1533 ad
862 1468 982 1533 hoc
1014 1468 1276 1532 Veienti
1317 1489 1575 1553 quoque
1604 1479 1673 1531 et
1702 1465 1945 1531 Falisco
1984 1480 2052 1530 et
2084 1464 2401 1551 Capenati
2436 1402 2548 1529 gel
2572 1488 2615 1530 o
2656 1486 2845 1529 occu-

737 1568 917 1641 patos
947 1554 1249 1619 videbant
1285 1554 1628 1630 Romanoe,
1658 1572 1779 1617 nec
1808 1552 1977 1616 intra
2002 1574 2216 1616 muros
2244 1552 2564 1637 quietiora
2590 1550 2846 1638 negotia

737 1662 874 1705 esse
914 1640 1364 1705 certaminibus
1407 1640 1673 1704 Patrum
1702 1660 1775 1703 ac
1820 1638 2059 1725 plebis3
2106 1638 2274 1703 inter
2303 1638 2461 1702 haec
2495 1636 2723 1703 locum
2752 1637 2847 1699 in·—

735 1726 934 1791 iuriae
979 1726 1096 1791 rati
1140 1749 1297 1803 esse,
1341 1726 1715 1813 praedatum
1758 1726 1829 1789 in
1870 1746 2092 1812 agrum
2142 1724 2507 1789 Romanum
2550 1724 2845 1789 cohortes

736 1813 1066 1898 expeditas
1109 1813 1389 1877 mittunt.
1483 1816 1623 1876 Aut
1661 1812 1833 1876 enim
1861 1832 2152 1898 passuros
2190 1810 2461 1875 inultam
2490 1832 2639 1876 eam
2684 1809 2846 1874 iniu-

737 1898 895 1963 riam
943 1897 1286 1975 RomanOS,
1333 1920 1416 1963 ne
1460 1921 1628 1963 novo
1674 1896 1843 1963 bello
1885 1920 1953 1962 se
1996 1908 2372 1961 onerarent:
2426 1911 2540 1962 aut
2584 1899 2842 1985 exiguo,

736 2007 942 2071 eoque
977 2007 1202 2073 parum
1241 1984 1470 2063 valido,
1514 1985 1799 2050 exercitu
1838 1998 2299 2071 persecuturos
2391 1984 2715 2049 Romanis
2754 1984 2846 2046 in-

736 2072 1014 2172 dignitas
1064 2073 1283 2149 maior‚
1327 2094 1521 2158 quam
1580 2094 1751 2149 eura,
1796 2070 2223 2158 populationis
2274 2069 2841 2157 Tarquiniensium

736 2158 874 2224 suit.
970 2158 1068 2224 Eo
1097 2182 1218 2224 nec
1247 2180 1479 2245 magno
1502 2170 1739 2223 conatu
1766 2169 2079 2244 suscepta,
2102 2179 2223 2221 nec
2254 2156 2323 2220 in
2353 2156 2621 2244 longum
2652 2157 2849 2223 dilm

737 2268 838 2310 res
897 2259 1010 2311 est.
1114 2249 1197 2311 A.
1232 2246 1597 2310 Postumius
1656 2257 1723 2308 et
1780 2242 1857 2307 L.
1892 2242 2095 2307 Iulius
2150 2264 2282 2307 non
2340 2244 2507 2307 iusto
2566 2243 2843 2316 delectu,

738 2334 1010 2417 (etenim
1039 2333 1118 2398 ab
1149 2332 1420 2396 tribunis
1447 2330 1651 2419 plebis
1678 2328 2223 2417 impediebantur)
2250 2328 2364 2394 sed
2392 2350 2596 2417 prope
2618 2330 2847 2395 volun·

738 2420 1061 2496 tariorum,
1103 2440 1264 2508 quos
1307 2416 1705 2483 adhortando
1745 2416 2181 2494 incitaverant,
2218 2428 2439 2481 coacta
2480 2438 2709 2494 manu,
2738 2435 2849 2503 per

738 2528 962 2592 agrum
1009 2506 1350 2571 Caeretem
1399 2504 1677 2591 obliquis
1720 2503 2077 2567 tramitibus
2122 2502 2375 2590 egressi,
2421 2502 2775 2568 redeuntes
2812 2522 2847 2563 a

823 2593 1252 2679 palationibus
1278 2612 1626 2679 gravesque
1654 2589 1894 2676 praeda
1932 2588 2428 2675 Tarquinienses
2454 2610 2843 2688 oppressere.

819 2679 986 2744 ultos
1015 2679 1312 2744 mortales
1351 2678 1751 2753 obtruncant,
1784 2696 2005 2739 omnes
2032 2686 2285 2739 exuunt
2318 2674 2839 2761 impedimentis;

737 2778 824 2840 et,
861 2766 1132 2853 receptis
1175 2786 1470 2850 agrorum
1518 2784 1776 2827 suorum
1816 2760 2051 2849 spoliiS,
2092 2762 2369 2826 Romam
2414 2774 2840 2826 revertuntur.

738 2848 1024 2915 Biduum
1064 2850 1148 2914 ad
1186 2850 1725 2937 recognoscendas
1764 2871 1864 2913 res
1892 2848 2111 2913 datum
2154 2848 2461 2912 dominis:
2512 2848 2712 2914 tertio
2750 2848 2842 2911 in-

735 2935 994 3021 cognita
1033 2936 1246 3022 (erant
1287 2948 1497 3001 autem
1554 2958 1630 3000 ea
1678 2934 1980 3022 pleraque
2032 2934 2311 2999 hostium
2362 2933 2682 3021 ipsorum)
2732 2934 2841 2999 sub
2856 2960 2879 2993 2

737 3020 918 3121 hasta
959 3022 1249 3097 veniere3
1306 3020 1608 3109 quodque
1656 3022 1807 3086 inde
1856 3020 2203 3097 redactum,
2250 3019 2557 3084 militibus
2603 3036 2709 3087 est
2750 3020 2842 3085 di·

736 3130 960 3173 visum.

739 3250 746 3257 .
827 3194 1068 3262 Cetera
1107 3194 1294 3274 bella,
1341 3194 1745 3281 maximeque
1792 3192 2051 3270 VeienS,
2097 3193 2327 3258 incerti
2378 3192 2595 3257 exitus
2638 3208 2835 3259 erant.

412 3295 660 3373 Apollinis
738 3280 1005 3369 Iamque
1053 3282 1351 3360 Romani,
1383 3281 1715 3381 desperata
1752 3302 1791 3343 o
1838 3303 1873 3343 e
1904 3280 2204 3357 humana,
2234 3278 2363 3343 fata
2403 3292 2471 3343 et
2504 3278 2665 3344 deos
2702 3302 2837 3369 spe-

416 3362 650 3422 Delphin
739 3368 1015 3448 etabant,
1063 3393 1262 3457 quum
1314 3368 1510 3455 legati
1549 3390 1588 3431 a
1634 3303 1907 3452 DelpIifis
1942 3378 2275 3443 venerunt,
2316 3378 2552 3429 sortem
2599 3363 2837 3431 oraculi

411 3440 712 3540 {ffffissffi
738 3455 1092 3534 afferentes,
1124 3468 1581 3542 congruentem
1622 3474 1921 3539 responso
1967 3452 2200 3551 captivi
2229 3452 2425 3516 vatis:
2476 3458 2497 3489 ‘
2521 3451 2872 3527 Romane,3

411 3552 553 3601 bano.
740 3548 760 3581 ‘
780 3564 1010 3628 aquam
1043 3542 1362 3607 Albanam
1393 3564 1543 3605 cave
1576 3538 1717 3603 lacu
1738 3538 2072 3615 contineri,
2098 3560 2248 3602 cave
2280 3537 2348 3601 in
2372 3559 2544 3602 mare
2575 3560 2833 3605 manare

739 3639 760 3669 ‘
781 3650 897 3692 suo
940 3629 1204 3693 flumine
1256 3629 1456 3692 sinas:
1532 3625 1821 3690 emissam
1881 3647 1996 3710 per
2042 3646 2225 3711 agros
2270 3624 2523 3711 rigabis,
2572 3624 2830 3712 dissipa-

739 3723 1037 3800 ‘tamque
1077 3714 1223 3778 rivis
1261 3714 1646 3800 exstingues
1738 3710 1913 3775 Tum
1944 3725 2013 3774 tu
2050 3710 2265 3774 insiste
2304 3710 2515 3774 audax
2556 3709 2832 3775 hostium

807 3978 826 4012 1
873 3964 1012 4021 Quae
1053 3961 1282 4009 sollennia
1325 3959 1565 4008 derivatio
1604 3960 1751 4018 esset]
1820 3957 1983 4005 ctione
2005 3956 2113 4019 ipsa
2132 3956 2355 4005 sumitur.
2388 3956 2551 4006 Cama
2648 3986 2665 3995 -

737 4030 886 4086 Quae
912 4023 1132 4089 legitima
1151 4030 1203 4072 et
1225 4023 1316 4071 diis
1344 4029 1549 4084 accepta
1568 4022 1753 4070 deriva-
1885 4036 1912 4082 3
1943 4022 2177 4077 Romane,
2192 4032 2371 4083 aquam
2386 4022 2661 4081 Albanam]
2694 4022 2827 4082 Frag-

738 4094 808 4141 tio
829 4097 955 4141 esset
977 4109 990 4149 ς
1021 4104 1234 4151 quonam
1264 4088 1412 4135 modo
1433 4086 1502 4133 dii
1530 4087 1753 4133 iuberent
1814 4092 1987 4133 menta
2006 4086 2247 4145 quaedam
2270 4083 2496 4132 carminis
2528 4084 2721 4145 antiqui
2754 4086 2827 4133 ha-

736 4170 916 4219 aquam
939 4170 1000 4203 ex
1025 4155 1136 4204 lacu
1158 4151 1378 4201 derivari.
1415 4151 1579 4200 Cam.
1816 4150 2003 4197 bemus.
2054 4150 2153 4197 Sed
2170 4149 2317 4195 verba
2332 4148 2567 4205 illamam
2588 4150 2707 4196 lacu
2730 4164 2828 4197 eon·

801 4234 829 4268 ἰ
851 4222 954 4269 Sub
974 4220 1142 4277 kasta]
1170 4232 1232 4265 sc.
1255 4218 1416 4264 Hasta
1433 4214 1606 4276 posita,
1622 4212 1755 4273 quod
1818 4214 1983 4271 sineri,
2008 4226 2119 4259 cum
2153 4209 2343 4272 reliquo
2378 4210 2595 4259 carmine
2632 4213 2829 4260 minime

735 4282 785 4331 in
830 4282 1136 4330 auctionibus
1177 4280 1312 4342 apud
1353 4280 1607 4327 Romanos
1648 4276 1755 4323 fieri
1821 4276 2081 4323 consistere
2134 4275 2479 4323 animadvertit
2528 4274 2745 4326 Niebhr.
2786 4275 2825 4323 ii.

733 4346 936 4393 solebat.
1007 4344 1156 4393 Unde
1190 4358 1337 4404 saepe
1370 4342 1513 4389 hasta
1550 4354 1635 4401 pro
1670 4353 1754 4386 au·
1820 4346 1922 4387 not.
1952 4340 2088 4399 1048.
