3000 4784
667 198 796 261 264
1435 192 1662 259 ΤῙΤΙ
1720 190 1993 258 LIVII

343 348 411 398 υ.
435 348 494 398 c.
521 362 628 411 332·
669 340 690 369 ‘
713 344 788 396 ut
815 330 1081 431 equites,
1113 330 1224 416 qui
1255 328 1489 395 salvam
1529 328 1995 417 rempublicam
2023 327 2263 393 vellent
2290 348 2449 405 esse,
2480 348 2563 392 ex
2588 326 2789 414 equis

340 414 402 461 A.
435 413 496 462 C·
519 428 630 473 4²0·
673 427 691 456 ‘
709 417 1037 481 desilirent
1053 440 1070 493 ς
1085 418 1101 445 ’
1145 416 1435 481 omnium
1463 428 1814 480 turmarum
1832 415 2175 515 equitibus,
2192 414 2371 478 velut
2384 413 2471 477 ad
2498 412 2789 479 consulis

344 518 552 579 Equites
668 504 1007 591 imperium
1029 503 1242 567 motis:
1294 510 1314 539 6
1333 500 1480 565 Nisi
1508 503 1707 579 haec‚’
1736 502 1965 588 inqmt,
2000 510 2020 539 6
2033 514 2324 587 parmata
2341 499 2571 565 cohors
2598 500 2789 565 sistat

341 598 558 656 P¹²83¹³m
671 590 1022 675 ‘impetum
1056 589 1356 665 hostium,
1387 602 1603 652 actum
1642 588 1723 653 de
1753 587 2023 675 imperio
2051 599 2165 651 est.
2262 586 2345 651 Se
2392 587 2627 651 uimini
2660 608 2787 673 pro

340 651 619 695 resumunt.
673 685 694 715 6
710 675 946 739 vexillo
975 674 1303 761 cuspidem
1329 696 1557 738 meam.
1654 673 1993 739 Ostendite
2034 610 2781 760 Romanisqulscisque,

677 772 696 801 6
713 784 796 827 ne
845 784 924 825 ue
973 760 1298 848 equitibus
1343 760 1525 825 vobis
1568 760 1729 825 ullos
1778 760 2050 847 equiteS,
2096 782 2217 825 nec
2260 759 2593 846 peditibus
2641 780 2782 824 csse

677 858 698 887 6
711 870 794 935 pe
841 848 961 911 ites
1017 848 1239 947 pares)
1342 845 1567 920 Quum
1623 846 1897 911 clamore
1950 846 2359 933 comprobata
2411 845 2786 911 adhortatio

674 946 857 1011 esset,
896 934 1076 999 vadit
1117 933 1243 999 alte
1286 933 1617 1020 cuspidem
1654 956 1901 1021 gerens.
1998 933 2403 1018 Quacunque
2440 930 2785 1007 incedunt,

673 1020 737 1084 vi
765 1020 936 1083 viam
961 1020 1240 1085 faciunt:
1287 1042 1365 1085 eo
1393 1042 1460 1084 se
1489 1020 1774 1084 inferunt
1802 1021 2067 1085 obiectis
2093 1020 2349 1107 parmis,
2378 1019 2493 1084 ubi
2516 1040 2787 1083 suorum

672 1105 1018 1207 plurimum
1035 1107 1318 1171 laborem
1337 1105 1575 1170 vident.
1640 1106 2029 1172 Restituitur
2048 1106 2343 1171 omnibus
2359 1105 2519 1170 locis
2538 1126 2787 1193 pugna,

673 1214 744 1257 ιιι
784 1216 950 1280 quae
991 1216 1100 1258 eos
1137 1194 1414 1281 impetus
1449 1191 1633 1257 tulit:
1682 1215 1805 1257 nec
1844 1193 2115 1257 dubium
2150 1204 2304 1270 erat,
2334 1192 2517 1279 quin,
2548 1194 2609 1257 si
2652 1206 2789 1258 tam

719 1280 862 1343 auci
889 1280 1077 1345 simul
1099 1280 1272 1345 obire
1301 1279 1520 1344 omnia
1545 1292 1820 1367 possent,
1842 1292 2021 1367 terga
2046 1278 2255 1344 daturi
2274 1278 2489 1343 hostes
2516 1279 2787 1344 fuerint.

451 1375 554 1435 39.
737 1379 764 1431 t
784 1388 986 1453 quum
1015 1368 1144 1431 iam
1173 1379 1352 1453 parte
1382 1366 1557 1431 nulla
1576 1366 2058 1444 sustinerentur,
2088 1366 2201 1431 dat
2230 1367 2483 1452 signum
2502 1364 2790 1431 Volscus

672 1452 1033 1538 imperator,
1067 1466 1140 1517 ut
1166 1453 1484 1539 pal-matis,
1516 1476 1717 1518 novae
1748 1452 1995 1518 cohorti
2024 1451 2322 1529 hostium,
2346 1452 2525 1516 locus
2547 1452 2751 1517 detur
2766 1476 2787 1515 ε

673 1538 878 1603 donec
926 1540 1170 1626 impetu
1216 1538 1374 1603 illati
1421 1539 1505 1604 ab
1560 1539 1691 1604 suis
1742 1539 2181 1604 excludantur.
2278 1538 2478 1613 Quod
2524 1540 2645 1603 ubi
2688 1553 2791 1604 est

671 1624 929 1702 factum,
982 1624 1307 1689 interclusi
1365 1627 1651 1725 equites:
1714 1647 1835 1690 nec
1886 1647 2297 1713 perrumpere
2343 1624 2593 1703 eadem,
2652 1648 2793 1712 qua

673 1711 1068 1787 transierant,
1099 1732 1318 1798 posse3
1367 1712 1456 1776 ib1
1486 1712 1763 1777 maxime
1794 1711 2093 1777 confertis
2120 1711 2427 1789 hostibuS,
2448 1734 2583 1798 qua
2606 1714 2789 1777 viam

671 1795 990 1859 fecerant:
1054 1810 1120 1861 et
1177 1797 1399 1861 consul
1458 1797 1869 1885 legionesque
1933 1798 2283 1875 Romanae,
2341 1820 2545 1884 quum
2598 1798 2791 1885 quod

673 1895 976 1967 tegumen
1015 1882 1209 1948 modo
1247 1884 1454 1947 omnis
1498 1884 1817 1949 exercitus
1842 1884 2066 1962 fuerat,
2098 1906 2409 2034 nusqluam
2458 1884 2787 1963 viderent,

672 1989 755 2030 ne
777 1980 872 2031 tot
887 1966 1256 2035 fortissimos
1277 1970 1444 2034 viros
1459 1970 1833 2036 interclusos
1852 1994 1891 2036 o
1980 1972 2240 2036 rimeret
2302 1970 2470 2047 ostis,
2494 1972 2789 2037 tendunt

673 2053 742 2116 in
771 2075 1222 2141 quemcunque
1259 2078 1494 2120 casum.
1588 2057 1841 2122 Diversi
1950 2056 2121 2133 olsci,
2154 2056 2305 2120 hinc
2340 2056 2681 2122 consulem
2708 2082 2788 2123 ac

674 2138 958 2225 legiones
1007 2141 1337 2219 sustinere,
1383 2142 1585 2209 altera
1624 2143 1831 2208 fronte
1884 2144 2118 2208 instare
2168 2142 2527 2230 Tempanio
2580 2156 2783 2232 atque

674 2248 710 2289 e
759 2226 1030 2290 uitibus:
1079 2228 1193 2314 qui
1227 2250 1429 2314 quum
1473 2251 1660 2316 saepe
1710 2231 1919 2294 conati
1956 2230 2329 2316 nequissent
2358 2251 2784 2317 perrumpere

673 2332 710 2373 a
785 2334 951 2389 suos,
984 2314 1231 2377 tumulo
1259 2314 1538 2400 quodam
1578 2327 1905 2402 occupato,
1936 2316 2006 2379 in
2034 2316 2253 2379 orbem
2282 2338 2351 2380 se
2380 2316 2779 2395 tutabantur,

671 2418 796 2483 neq
927 2420 1075 2463 uam
1133 2399 1338 2464 inulti.
1432 2399 1502 2464 N
1504 2424 1579 2465 ec
1634 2424 1889 2488 pugnae
1936 2401 2081 2465 finis
2126 2414 2275 2467 ante
2322 2414 2579 2467 noctem
2630 2403 2775 2468 fuit.

675 2482 852 2548 Cous
944 2507 1223 2572 queque,
1245 2508 1559 2573 nusquam
1576 2488 1837 2552 remisso
1858 2487 2223 2565 certamine,
2248 2487 2401 2553 dum
2422 2489 2777 2576 quicquam

347 2590 573 2655 Uterque
669 2570 982 2657 superfuit
1007 2571 1187 2649 lucis,
1219 2571 1467 2637 hostem
1498 2572 1723 2637 tenuit„
1802 2572 1958 2638 Nox
1986 2574 2263 2639 incertos
2290 2574 2582 2640 diremit:
2631 2588 2774 2641 tan-

343 2656 585 2705 exercitus
671 2668 898 2744 tusque
931 2658 1010 2722 ab
1039 2656 1474 2743 imprudentia
1500 2671 1765 2724 eventus
1794 2672 2061 2745 utraque
2092 2672 2297 2725 castra
2316 2662 2526 2727 tenuit
2552 2684 2769 2749 pavor,
2788 2692 2815 2742 5

341 2726 498 2831 astra
519 2722 653 2770 dese-
667 2754 760 2818 ut,
805 2742 1041 2841 relictis
1079 2744 1306 2842 sauciis
1339 2756 1409 2809 et
1446 2766 1679 2831 magna
1714 2758 1893 2833 parte
1924 2746 2547 2834 impedimentorum,
2580 2750 2771 2815 ambo

711 2849 782 2891 ro
841 2841 1021 2891 v1ct1s
1079 2843 1396 2894 exercitus
1453 2852 1521 2894 se
1581 2831 1651 2894 in
1710 2844 1958 2897 montes
2008 2833 2333 2919 proximos
2390 2835 2764 2921 reciperent.

730 2912 984 2976 umulus
1027 2924 1238 2977 tamen
1293 2915 1737 2982 circumsessus
1790 2917 1957 2983 ultra
2000 2919 2279 2983 mediam
2326 2931 2583 2985 noctem
2634 2936 2762 2987 est:

666 3020 796 3081 quo
819 3019 1018 3083 quum
1049 2998 1659 3067 circumsedentibus
1681 3004 2045 3070 nuntiatum
2074 3019 2259 3083 esset,
2284 3019 2487 3071 castra
2516 3007 2765 3073 deserta

665 3104 820 3159 esse,
843 3083 1044 3147 victos
1071 3086 1190 3149 rati
1219 3108 1384 3163 suos,
1415 3099 1484 3152 et
1506 3088 1645 3175 ipsi,
1668 3112 1799 3177 qua
1824 3114 2151 3191 quemque
2178 3092 2249 3157 in
2267 3094 2545 3159 tenebris
2573 3118 2765 3183 pavor

667 3168 832 3247 tulit,
857 3168 1169 3257 fugerunt.
1262 3172 1428 3238 Tem
1558 3175 1657 3240 ius
1678 3189 1857 3241 metu
1873 3177 2249 3243 insidiarum
2268 3202 2414 3244 suos
2442 3181 2525 3245 ad
2554 3180 2758 3246 lucem

669 3258 892 3323 tenuit.
985 3256 1336 3345 Degressus
1440 3261 1631 3327 einde
1678 3262 1814 3349 ipse
1862 3286 2009 3327 cum
2070 3266 2290 3351 paucis
2346 3266 2755 3353 speculatum,

715 3365 870 3407 uum
915 3345 994 3409 ab
1046 3347 1276 3411 sauciis
1326 3348 1611 3413 hostibus
1657 3349 2036 3414 semeitando
2081 3352 2512 3439 comperisset,
2564 3368 2758 3419 castra

733 3427 1044 3495 olscorum
1085 3432 1336 3498 deserta
1372 3456 1529 3511 esse,
1559 3434 1763 3499 laetus
1798 3436 1877 3499 ab
1915 3435 2163 3501 tumulo
2192 3458 2339 3502 suos
2382 3436 2665 3517 devocat,
2694 3454 2755 3505 et

664 3514 734 3577 in
777 3528 979 3580 castra
1025 3516 1317 3583 Romana
1357 3534 1665 3606 penetrat.
1762 3520 1893 3585 Ubi
1931 3544 2131 3607 quum
2170 3536 2348 3588 vasta
2384 3524 2752 3612 desertaque

662 3602 896 3678 omnia,
927 3615 1117 3688 atque
1159 3605 1450 3681 eandem,
1483 3628 1676 3691 quam
1708 3606 1881 3692 apud
1919 3605 2150 3685 hostes,
2181 3608 2552 3675 foeditatem
2585 3612 2753 3677 inve-

663 3685 876 3763 nisset,
908 3688 1276 3789 priusquam
1320 3690 1585 3755 Volscos
1614 3693 1905 3778 cognitus
1934 3716 2109 3758 error
2142 3694 2497 3775 reduceret,
2528 3697 2751 3784 quibus

661 3782 908 3855 poterat
937 3775 1164 3837 sauciis
1186 3775 1394 3841 ductis
1423 3799 1661 3854 secum,
1687 3778 1943 3877 ignarus
1974 3802 2166 3866 quam
2188 3781 2516 3868 regionem
2540 3783 2747 3849 consul

660 3856 938 3940 petisset,
963 3858 1046 3921 ad
1075 3862 1300 3924 urbem
1328 3862 1635 3948 proximis
1662 3864 1998 3929 itmeribus
2026 3866 2250 3953 pergit.

436 3946 541 4005 40.
747 3939 886 4004 Iam
914 3965 992 4007 eo
1021 3943 1188 4009 fama
1223 3969 1476 4033 pugnae
1508 3948 1805 4015 adversae
1846 3964 2323 4039 castrorumque
2364 3955 2747 4021 desertorum

657 4025 900 4113 perlata
945 4043 1112 4095 eratz
1168 4044 1236 4097 et
1285 4044 1432 4097 ante
1481 4034 1695 4100 omnia
1736 4035 2051 4122 deplorati
2090 4054 2273 4105 erant
2315 4042 2583 4128 equites,
2628 4066 2745 4107 non

647 4304 662 4313 .
725 4260 751 4308 5
785 4250 865 4297 Ab
903 4251 1234 4325 impntdentt'a
1267 4254 1496 4325 ovetum]
1556 4252 1671 4299 Pro·
1738 4254 1887 4302 bant:
1920 4256 2253 4318 imprudentia
2283 4258 2381 4307 iam
2412 4276 2501 4323 pm
2526 4263 2741 4323 iynoroen-

659 4317 769 4370 pter
805 4314 976 4373 proelii
1015 4318 1264 4374 eventum,
1299 4330 1444 4377 quem
1483 4330 1670 4376 ignora-
1736 4319 1807 4366 tia
1830 4317 1989 4379 posita
2014 4320 2219 4373 videtur.
2256 4322 2427 4375 Dona.
