3000 4784
601 376 709 429 ³⁷0·

422 363 491 415 U.
514 365 573 415 G.

417 432 479 480 A.
515 431 574 481 C.
598 432 709 491 38².

420 2442 483 2489 A.
506 2440 686 2490 Corne-

421 2504 516 2551 lius
536 2504 717 2553 Cossus

420 2568 643 2617 dictator.

530 2694 629 2753 12.

423 3042 575 3091 Unde
598 3040 717 3088 Vol—

420 3105 514 3153 scis
534 3112 587 3154 et
610 3107 703 3155 Ae-

420 3170 530 3231 quis
552 3170 695 3219 toties

422 3233 564 3282 victis
584 3235 679 3282 suf-

420 3299 626 3347 fecerint
642 3296 730 3346 mi-

420 3362 544 3412 lites.

744 222 876 285 360
1509 217 1736 283 ΤΙΤΙ
1799 216 2072 285 LIVII

748 353 1011 419 ‘iisdem
1041 353 1334 441 auspiciis
1362 366 1627 432 creatos,
1651 376 1785 419 non
1813 376 1930 441 pro
1959 354 2238 441 collegis,
2259 354 2376 420 sed
2403 376 2527 443 pro
2557 356 2864 421 ministris

750 452 769 481 6
787 442 1049 506 habeat:
1096 463 1299 528 quum
1343 440 1621 517 interim,
1667 440 1720 505 si
1750 441 1894 527 quis
1927 464 2076 506 vere
2121 443 2450 507 aestimate
2481 442 2678 520 velit,
2709 466 2754 507 a
2779 442 2864 507 Μ.

751 538 771 567 6
789 528 981 593 Furio
1002 526 1361 615 recuperari
1388 527 1596 614 patria
1616 550 1698 591 ex
1721 527 2050 593 obsidione
2081 528 2362 593 hostium
2390 552 2528 593 non
2563 532 2866 617 potuerit,

751 616 910 679 ‘nisi
940 638 981 679 a
1008 638 1075 679 se
1104 614 1281 701 prius
1314 612 1708 700 Capitolium
1737 626 1932 701 atque
1963 637 2078 679 arx
2103 628 2352 681 servata
2381 628 2598 681 esset:
2651 631 2728 681 et
2753 616 2864 690 ille,

750 702 955 767 ‘inter
1004 723 1229 765 aurum
1276 700 1722 787 accipiendum
1769 714 1836 765 et
1885 724 2063 788 spem
2111 703 2282 788 pacis
2331 702 2571 767 solutis
2623 703 2863 775 animis,

750 798 769 826 ‘
792 787 1010 851 Gallos
1039 810 1119 874 ag
1230 810 1367 851 ssus
1396 787 1514 862 sit3
1553 787 1690 873 ipse
1721 802 1993 851 armatos
2021 788 2480 875 capientesque
2511 812 2742 854 arcem
2769 790 2868 853 de-

751 884 771 913 ‘
788 873 1059 960 pulerit:
1109 876 1125 937 i
1154 874 1277 937 lius
1319 873 1558 959 gloriae
1601 896 1746 961 pars
1774 874 1970 937 virilis
2008 874 2182 960 apud
2209 898 2436 939 omnes
2483 876 2740 940 milites
2779 877 2862 949 site

752 970 771 999 6
789 960 903 1047 qui
931 959 1116 1023 simul
1146 960 1455 1035 vicerint3
1503 982 1652 1024 suae
1681 960 1982 1024 victoriae
2016 961 2340 1025 neminem
2367 962 2686 1027 omnium
2715 985 2864 1025 mor-

751 1056 773 1087 ‘
790 1046 1013 1111 talium
1056 1046 1298 1111 socium
1343 1047 1518 1111 esse.'
1607 1045 1732 1111 His
1775 1047 2180 1134 opinionibus
2227 1048 2457 1111 inflato
2503 1048 2758 1125 animo,
2797 1047 2864 1113 nd

748 1134 871 1198 hoc
900 1132 1057 1197 vitio
1088 1155 1345 1220 quoque
1384 1133 1628 1219 ingenii
1656 1132 2000 1197 vehemens
2039 1146 2106 1198 et
2147 1134 2496 1221 impotens,
2661 1150 2864 1221 tquam

748 1221 919 1285 inter
946 1218 1167 1284 Patres
1195 1241 1347 1296 non,
1372 1232 1686 1306 quantum
1715 1242 1994 1306 aequum
2021 1222 2340 1297 censebat,
2371 1243 2546 1285 exce
2573 1220 2713 1285 lere
2741 1244 2862 1285 suns

748 1330 903 1394 opes
946 1304 1428 1381 animadvertit3
1474 1306 1718 1393 primus
1753 1306 2040 1371 omnium
2079 1328 2162 1371 ex
2193 1306 2504 1372 Patribus
2549 1308 2862 1395 popularis

748 1394 972 1471 factus,
1020 1414 1167 1458 cum
1258 1390 1481 1457 lebeiis
1528 1392 1994 1479 magistratibus
2035 1392 2296 1457 consilia
2339 1395 2860 1463 commtmicarez

749 1478 1147 1544 criminando
1176 1415 1417 1555 Ignes,
1450 1477 1786 1543 alliciendo
1827 1478 1908 1542 ad
1949 1500 2016 1543 se
2099 1478 2329 1556 lebem,
2360 1480 2502 1544 iam
2532 1502 2726 1558 aura,
2753 1503 2894 1545 nont

750 1566 1033 1644 consiliu,
1064 1565 1232 1642 ferri,
1260 1565 1595 1653 famaeque
1640 1588 1707 1627 m
1831 1588 1906 1629 ae
1951 1588 2056 1629 ma
2099 1588 2159 1644 e,
2190 1588 2384 1653 quam
2433 1567 2664 1631 bonae
2709 1590 2864 1632 esse:

748 1665 833 1729 et,
880 1676 1011 1718 non
1062 1663 1401 1717 contentus
1452 1652 1711 1739 agrariis
1786 1652 2026 1738 egibus,
2075 1674 2238 1737 quae
2289 1654 2578 1717 materia
2631 1676 2869 1740 semper

752 1738 1019 1802 tribunis
1047 1738 1218 1825 plebi
1248 1738 1632 1802 seditionum
1653 1737 1890 1814 fixisset,
1909 1736 2106 1801 fidem
2135 1738 2344 1803 moliri
2373 1740 2610 1826 coepit
2627 1766 2646 1804 ε
2698 1740 2896 1804 ‘acri-2

748 1846 889 1888 ores
936 1824 1171 1910 quippe
1218 1825 1379 1888 aeris
1424 1823 1617 1889 alieni
1659 1824 1947 1888 stimulos
1990 1846 2144 1901 esse,
2180 1825 2294 1912 qui
2333 1848 2474 1889 non
2517 1841 2866 1913 egestatem

752 1918 771 1947 ‘
789 1910 981 1974 modo
1025 1924 1089 1973 at
1136 1933 1218 1974 ue
1262 1910 1678 1997 ignominiam
1723 1911 2064 1988 minentur,
2095 1911 2210 1975 sed
2247 1934 2449 1976 nervo
2487 1935 2570 1976 ac
2607 1914 2896 1979 vinculiss

752 2004 769 2035 ‘
788 2018 863 2060 co
940 2019 1017 2059 us
1059 1932 1330 2061 lfiaerum
1371 1998 1700 2062 territent-³
1788 1996 1876 2061 Et
1903 2010 2040 2061 erat
2067 1998 2226 2062 aeris
2255 1997 2449 2063 alieni
2483 2022 2742 2087 magna
2767 2002 2864 2075 vis,

748 2104 817 2147 re
923 2084 1356 2147 amnosissima
1412 2085 1606 2148 etiam
1665 2083 1986 2161 divitibus,
2047 2083 2445 2149 aedificando
2513 2100 2864 2151 contr-acm.

750 2168 1003 2234 Bellum
1034 2170 1249 2270 itaque
1282 2169 1608 2247 Volscum,
1639 2192 1828 2270 grave
1857 2192 1974 2257 per
1999 2192 2087 2248 se,
2109 2183 2442 2235 oneratum
2477 2171 2864 2237 Latinorum

749 2270 941 2344 atque
976 2256 1403 2321 Hemlcorum
1434 2256 1812 2333 defectlone‚
1843 2257 1910 2320 in
1949 2258 2230 2344 speciem
2257 2280 2486 2322 causae
2531 2259 2864 2333 iactatum,

748 2356 821 2406 ut
864 2344 1064 2407 maior
1106 2356 1381 2430 potestas
1411 2359 1838 2429 quaereretur.
1933 2342 2066 2408 Sed
2107 2366 2274 2407 nova
2313 2344 2589 2409 consilia
2635 2346 2866 2409 Manlii

748 2429 947 2517 magis
976 2451 1119 2494 com
1166 2430 1339 2494 ulere
1368 2442 1660 2494 senatum
1705 2429 1788 2494 ad
1827 2430 2196 2495 dictatorem
2229 2430 2605 2495 creandum.
2715 2432 2898 2497 Cre-⁴

748 2530 887 2581 atus
941 2518 1022 2581 A.
1078 2452 1421 2581 &melius
1477 2515 1714 2580 Cossus
1773 2517 2142 2603 magistrum
2201 2518 2496 2604 equitum
2553 2518 2741 2584 dixit
2791 2520 2862 2583 T.

754 2603 1133 2678 Quinctium
1166 2600 1622 2689 Capitolinum.

836 2690 1148 2767 Dictator,
1187 2690 1304 2754 etsi
1349 2690 1652 2754 maiorem
1697 2690 2171 2755 dimicationem
2267 2682 2618 2778 repositam
2668 2692 2860 2769 domi,

748 2798 941 2862 quam
972 2776 1139 2853 foriS,
1172 2777 1513 2853 cernebat3
1561 2790 1795 2853 tamen,
1827 2800 1940 2841 seu
1970 2777 2124 2863 quia
2149 2714 2470 2842 ceierimte
2501 2777 2586 2841 ad
2621 2778 2858 2843 bellum

749 2884 789 2925 o
838 2884 909 2925 us
936 2876 1089 2939 erat,
1122 2885 1236 2927 seu
1264 2864 1529 2929 victoria
1565 2862 2014 2963 triumphoque
2045 2864 2396 2929 dictaturae
2437 2864 2562 2951 ipsi
2593 2866 2772 2930 vires
2797 2888 2860 2929 se

832 2948 1113 3010 diturum
1144 2962 1333 3025 ratuS‚
1366 2950 1622 3015 delectu
1650 2949 1884 3026 habito,
1911 2972 1978 3013 in
2009 2973 2232 3037 agrum
2262 2950 2716 3037 Pomptinum,
2781 2976 2858 3015 uo

748 3056 789 3096 a
817 3031 1065 3097 Volscis
1107 3034 1457 3099 exercitum
1500 3035 1816 3100 indictum
1861 3035 2168 3114 audierat,
2207 3060 2290 3124 pe
2371 3038 2435 3101 't
2531 3036 2704 3103 Non
2735 2976 2856 3103 du-

748 3119 901 3197 bito,
947 3133 1200 3219 praeter
1246 3120 1622 3199 satietatem,
1673 3135 1770 3186 tot
1814 3123 1940 3186 iam
1983 3122 2160 3188 libris
2202 3124 2318 3188 assi
2367 3146 2452 3187 ua
2491 3122 2670 3189 bella
2715 3148 2854 3189 cum

748 3205 996 3271 Volscis
1038 3219 1217 3294 gesta
1260 3206 1618 3308 legentibus
1665 3208 1826 3273 illud
1869 3232 1998 3295 quo
2046 3232 2126 3275 ue
2172 3232 2650 3288 succursurum,
2687 3210 2854 3298 quod

750 3294 907 3357 mihi
950 3309 1349 3381 percensenti
1386 3294 1716 3394 propiores
1751 3296 2020 3383 tempori
2067 3320 2141 3361 us
2174 3295 2400 3362 harum
2445 3319 2668 3361 rerum
2713 3322 2854 3362 auc-

748 3394 915 3445 tores
966 3381 1266 3445 miraculo
1318 3380 1457 3470 fuit,
1498 3381 1671 3445 unde
1724 3382 1913 3447 toties
1957 3384 2140 3448 victis
2183 3382 2433 3448 Volscis
2483 3398 2554 3446 et
2603 3386 2880 3472 Aequis}

824 3543 843 3576 1
886 3530 997 3577 Iam
1040 3544 1186 3585 aum,
1218 3544 1318 3576 non
1359 3528 1572 3585 consilio,
1599 3529 1760 3587 ferri]

749 3592 859 3639 Iam
887 3606 1005 3639 aura
1030 3591 1207 3639 favoris
1236 3591 1487 3653 popularis
1515 3590 1644 3649 ferri,
1667 3607 1764 3638 non

750 3654 951 3702 consilio
972 3660 1023 3702 et
1044 3654 1231 3703 ratione
1250 3655 1520 3717 gubernari.
1557 3656 1719 3703 (ἷκεν.

816 3732 842 3764 2
878 3719 1043 3766 Fidem
1072 3721 1257 3779 moliri]
1308 3720 1627 3767 Labefactare
1665 3735 1762 3767 cre-

751 3779 959 3828 ditarum
996 3782 1311 3841 pecuniarum
1345 3783 1468 3842 iura,
1490 3782 1764 3831 solutionis-

750 3859 847 3905 que
862 3842 1213 3893 necessitatem.
1264 3847 1415 3894 Porro
1438 3848 1562 3895 haec
1579 3847 1768 3909 optima

750 3922 867 3957 sane
895 3905 1041 3955 lectio
1075 3909 1280 3957 debetur
1312 3910 1524 3973 Sigonio.
1593 3912 1763 3961 Prius:

749 3973 884 4022 Idem
906 3973 1080 4021 nwliri.
1116 3974 1277 4021 (ἔικεν.

824 4051 851 4099 3
888 4038 1056 4085 Neruo
1083 4053 1141 4085 ac
1170 4038 1403 4097 vinculis]
1446 4038 1640 4089 Nervus
1662 4039 1763 4088 vin—

748 4102 913 4149 culum
940 4100 1153 4163 ligneum
1178 4101 1361 4159 erat‚in
1380 4102 1511 4163 quod
1525 4104 1677 4165 pedes
1689 4118 1763 4151 ar-

1829 3544 1924 3590 que
1961 3530 2073 3578 iure
2109 3530 2340 3577 iud-'catis
2372 3530 2555 3577 XXX.
2597 3532 2708 3579 dies
2743 3534 2846 3579 insen·

1828 3599 1972 3639 sunm
1987 3628 2020 3640 ..
2032 3627 2045 3640 .
2063 3594 2136 3641 Ni
2151 3594 2754 3654 iudicatumfaeit,soeu
2769 3598 2847 3642 dus

1829 3657 1939 3711 cito,
1955 3658 2150 3715 vincito,
2165 3664 2257 3704 aas
2271 3672 2422 3706 nmo
2437 3664 2530 3705 aas
2549 3662 2848 3721 mapalis-1

1829 3722 1888 3767 X
1899 3722 1947 3767 V.
1981 3722 2144 3781 pondo
2186 3737 2250 3770 nc
2291 3722 2492 3779 mamre,
2525 3730 2584 3769 at
2621 3726 2672 3771 si
2717 3726 2848 3781 uda,

1831 3784 2016 3832 minore
2037 3786 2230 3833 vincito.

1896 3865 1927 3908 4
1961 3849 2264 3908 mandam]
2315 3850 2581 3899 &dationis
2611 3854 2848 3899 sedandae

1829 3918 1880 3959 ee
1910 3915 1983 3961 rei
2013 3915 2266 3973 ,qm-undae
2295 3929 2468 3972 cama,
2491 3920 2556 3961 ut
2583 3914 2638 3963 in
2661 3916 2844 3979 anm,

1833 3976 1966 4025 Fast.
1989 3976 2112 4039 Cap.
2136 3976 2326 4039 legitur.

1896 4052 1924 4101 5
1971 4042 2110 4092 Unde
2149 4043 2286 4091 toties
2323 4042 2486 4101 victis]
2554 4042 2704 4092 Haec
2742 4060 2846 4091 rem

1828 4104 1962 4151 bella
1997 4104 2229 4153 continua
2263 4105 2386 4153 nihil
2421 4104 2513 4153 nisi
2552 4105 2846 4156 incursiones

746 4167 1017 4213 etabantur.
1044 4164 1125 4212 De
1138 4166 1311 4213 horum
1327 4181 1417 4212 usu
1432 4166 1479 4213 in
1496 4168 1761 4216 vinciendis
1824 4168 2160 4231 praedatoriae
2203 4170 2490 4231 plerumque
2529 4178 2695 4227 erant,
2739 4180 2786 4219 et
2815 4188 2844 4219 a

746 4228 1060 4287 debitoribus,
1083 4228 1166 4289 qui
1192 4230 1426 4277 solvendo
1455 4246 1554 4277 non
1583 4237 1760 4288 essent,

747 4291 923 4349 passim
950 4292 1005 4338 fit
1026 4292 1226 4341 mentio.
1263 4293 1323 4340 cf.
1340 4293 1446 4340 infr.
1471 4306 1543 4356 15.
1570 4293 1664 4342 viii.
1683 4296 1757 4343 28.

750 4352 827 4399 Ex
847 4354 935 4414 leg.
954 4368 1049 4403 xit.
1068 4356 1188 4404 Tab.
1210 4359 1355 4406 Aeris
1376 4360 1579 4418 confessi
1597 4360 1758 4407 rebus-

1827 4230 1970 4280 Livio
2012 4233 2205 4295 saepius
2247 4234 2298 4281 in
2341 4232 2499 4281 maius
2541 4242 2716 4295 aucta,
2753 4250 2846 4283 sse-

1827 4310 2095 4357 penumero
2117 4298 2314 4345 omnino
2339 4296 2467 4345 ficta.
