3000 4784
842 206 1031 275 LIB.
1079 207 1202 279 ΠΙ,
1265 208 1487 275 CAP.
1532 216 1639 275 46.
2169 218 2308 291 195,

156 342 437 405 turbam
492 343 615 419 via,
676 366 877 429 quum
944 344 1291 409 multitudo
1350 343 1516 409 Icilii
1589 344 1862 409 maxime
1921 346 2288 411 interventu
2309 360 2375 411 U.
2397 360 2457 415 c.
2483 371 2591 421 305·

156 428 391 491 resisti
432 450 617 515 posse
648 428 870 529 Appio
916 430 1222 507 crederet,
1265 429 1449 495 lictor
1494 439 1515 468 ‘
1535 429 1850 495 decresse’
1879 431 2005 496 ait:
2053 432 2282 496 vocife-
2303 424 2364 473 A.
2398 424 2458 486 C·
2481 436 2592 484 447·

158 526 563 601 mutemque
594 513 848 579 Icilium
876 528 1247 581 summovet.
1309 516 1646 580 Placidum
1667 538 1926 615 quoque
1955 518 2284 603 ingenium
2305 522 2438 598 Icilij
2461 538 2574 571 con-

161 610 313 663 tam
360 614 546 665 atrox
585 602 820 667 iniuria
862 602 1267 669 accendisset.
1362 610 1383 640 ‘
1405 601 1600 667 Ferro
1645 603 1798 666 hinc
1847 602 1963 667 tibi
2007 625 2287 669 summo-
2303 592 2456 635 “⁰³¹⁰
2477 602 2592 635 ⁶⁰⁰²

106 697 141 744 3
165 691 190 722 ‘
212 684 477 751 vendus
504 709 667 763 sum,
702 688 919 775 Appi:
945 689 1176 775 inquit,
1228 697 1249 726 ‘
1270 700 1343 753 ut
1386 688 1648 751 tacitum
1677 688 1858 765 feras,
1889 689 2066 776 quod
2095 691 2288 755 celari

104 793 143 835 4
167 778 193 809 ‘
213 773 341 837 vis·
435 772 517 835 V·
601 773 615 786 '
668 796 773 838 em
824 797 944 861 ego
1003 775 1168 839 hanc
1218 796 1359 839 sum
1409 774 1737 850 ducturus,
1784 787 2050 861 nuptam
2101 775 2289 861 pudi-

167 865 194 895 ‘
216 881 503 946 eamque
638 860 903 925 biturus.
992 859 1275 925 Proinde
1328 882 1549 925 omnes
1598 859 1983 946 collegarum
2029 884 2286 948 quoque

168 952 195 981 ‘
218 944 485 1009 lictores
534 968 835 1022 convoca,
888 946 1179 1032 expediri
1228 948 1433 1033 virgas
1483 959 1552 1010 et
1601 968 1852 1010 secures
1903 946 2091 1011 iube:
2155 970 2288 1013 non

170 1037 197 1065 ‘
218 1030 519 1095 manebit
546 1044 730 1095 extra
756 1031 1019 1097 domum
1040 1032 1235 1117 patris
1263 1054 1493 1118 sponsa
1523 1030 1704 1095 Icilii.
1798 1030 1972 1108 Non,
2003 1033 2056 1096 si
2087 1033 2287 1097 tribu-

171 1123 198 1152 ‘
218 1116 475 1180 nicium
518 1116 826 1181 auxilium
870 1130 937 1182 et
978 1117 1493 1204 provocationem
1579 1117 1709 1181 lebi
1742 1116 2094 1195 Romanae,
2128 1118 2286 1183 duas

172 1208 199 1238 ‘
218 1224 409 1267 arces
436 1201 747 1267 libertatis
774 1202 1072 1280 tuendae,
1102 1202 1443 1279 ademistis,
1474 1138 1624 1266 idleo
1661 1203 1732 1265 in
1766 1201 1998 1267 liberos
2027 1225 2284 1290 quoque

172 1293 197 1324 ‘
218 1300 480 1351 nostros
524 1288 955 1375 coniugesque
1002 1310 1271 1375 regnum
1309 1300 1554 1353 vestrae
1601 1286 1860 1351 libidini
1900 1288 2121 1353 datum
2167 1302 2281 1353 est.

174 1380 199 1411 ‘
226 1372 489 1438 Saevite
518 1374 588 1438 in
618 1387 683 1446 te
802 1396 867 1437 m
898 1387 965 1439 et
992 1373 1063 1438 in
1090 1374 1367 1439 cervices
1394 1385 1679 1449 nostras3
1726 1372 2034 1459 pudicitia
2061 1374 2284 1438 saltem

174 1466 199 1495 ‘
220 1460 299 1523 in
339 1472 483 1523 tuto
520 1460 621 1523 sit.
786 1460 889 1525 uic
927 1460 981 1525 si
1018 1461 1113 1525 vis
1151 1461 1467 1536 afferetur,
1498 1482 1620 1545 ego
1657 1459 2086 1546 praesentium
2119 1458 2284 1535 Qui-

174 1552 201 1582 ‘
220 1544 451 1609 ritium
472 1567 589 1632 pro
610 1567 859 1632 sponsa,
879 1545 1209 1633 Virginius
1230 1545 1508 1610 militum
1528 1566 1644 1631 pro
1675 1546 1864 1609 unica
1889 1544 2039 1622 filia,
2063 1568 2283 1611 omnes

176 1636 201 1667 ‘
222 1630 501 1695 deorum
564 1630 1025 1718 hominumque
1090 1631 1566 1731 implorabimus
1623 1630 1819 1695 fidem
1847 1654 1865 1695 t
1943 1654 2153 1719 neque
2213 1644 2286 1697 tu

178 1724 203 1753 ‘
222 1714 406 1788 istud
448 1738 735 1804 unquam
776 1717 1104 1783 decretum
1142 1740 1279 1783 eme
1320 1716 1542 1785 caede.
1559 1730 1775 1781 nostra
1815 1717 2064 1783 referes,
2157 1718 2286 1783 Po-

178 1809 203 1840 ‘
222 1802 419 1879 stulo,
460 1803 527 1867 A
616 1804 659 1879 i,
700 1803 895 1867 etiam
941 1817 1135 1890 atque
1180 1804 1375 1869 etiam
1420 1803 1802 1880 consideres,
1850 1827 1980 1890 quo
2071 1827 2286 1891 rogre-

178 1895 205 1925 ‘
222 1888 427 1953 diare-
519 1826 849 1976 Uirginius
882 1888 1130 1966 viderit,
1172 1888 1254 1954 de
1283 1890 1433 1966 filia,
1475 1889 1586 1954 ubi
1615 1890 1879 1967 venerit,
1911 1891 2022 1976 qui
2117 1904 2278 1977 agat.

178 1982 202 2012 ‘
226 1973 383 2039 Hoc
434 1986 682 2039 tantum
731 1976 907 2051 sciat,
951 1976 1091 2052 sibi,
1136 1976 1190 2040 si
1240 1976 1429 2040 huius
1470 1976 1766 2041 vindiciis
1809 1977 2085 2054 cesserit,
2129 1999 2284 2042 con-

122 2080 157 2127 5
179 2068 204 2099 ‘
224 2060 542 2125 ditionem
571 2060 739 2125 filiae
769 2061 1200 2148 quaerendam
1228 2084 1381 2127 esse.
1469 2060 1604 2138 Me,
1635 2061 2064 2127 vindicantem
2093 2085 2283 2150 spon-

181 2154 205 2185 ‘
222 2168 365 2211 sam
394 2148 466 2210 in
493 2146 872 2224 libertatem,
902 2148 1033 2211 vita
1061 2146 1247 2211 citius
1275 2148 1544 2223 deseret,
1574 2168 1768 2233 quam
1797 2147 2000 2211 fides)

276 2230 621 2297 Concitata
646 2231 991 2298 multitudo
1018 2245 1172 2310 erat,
1195 2246 1644 2319 certamenque
1675 2233 1907 2297 instare
1929 2232 2278 2299 videbatur.

180 2317 481 2383 Lictores
519 2317 771 2383 Icilium
809 2319 1388 2384 circumsteterant:
1438 2342 1558 2383 nec
1605 2318 1772 2383 ultra
1816 2318 2020 2383 minas
2069 2332 2282 2384 tamen

180 2426 552 2490 processum
594 2418 710 2481 est,
742 2427 943 2505 quum
972 2405 1247 2493 Appius,
1296 2413 1315 2443 ‘
1334 2403 1491 2468 Non
1520 2404 1876 2489 Virginiam
1905 2404 2168 2468 defendi
2205 2406 2286 2469 ab

186 2498 207 2527 ‘
230 2489 437 2569 Icilio,
467 2490 583 2555 sed
609 2490 969 2578 inquietum
998 2490 1346 2566 hominem,
1376 2502 1442 2553 et
1472 2489 1862 2553 tribunatum
1892 2489 2086 2552 etiam
2115 2511 2286 2553 nunc

130 2593 167 2643 6
188 2583 209 2615 ‘
228 2575 597 2677 spirantem,
621 2576 833 2641 locum
854 2575 1184 2643 seditionis
1205 2575 1551 2663 quaerere,'
1566 2574 1824 2638 diceret⁴
1891 2581 1910 2610 ‘
1929 2572 2085 2638 Non
2105 2596 2288 2661 prae-

188 2670 211 2701 ‘
228 2664 515 2728 biturum
542 2685 612 2729 se
640 2662 738 2726 illi
766 2686 845 2728 eo
872 2662 978 2727 die
1008 2661 1371 2727 materiam:
1418 2659 1534 2727 sed
1563 2672 1636 2725 ut
1662 2660 1790 2725 iam
1819 2660 2028 2736 sciret,
2057 2682 2190 2724 non
2218 2660 2288 2724 id

189 2757 209 2786 ‘
316 2748 621 2814 tulantiae
652 2771 822 2826 suae,
853 2747 967 2817 sed
996 2746 1293 2835 Virginio
1321 2745 1568 2811 absenti
1597 2758 1666 2810 et
1690 2745 1898 2833 patrio
1937 2746 2180 2811 nomini
2219 2760 2286 2811 et

190 2844 211 2873 ‘
228 2772 527 2912 gemmati,
556 2834 798 2912 datum,
827 2835 929 2899 ius
956 2857 1035 2899 eo
1062 2833 1168 2899 die
1197 2856 1264 2899 se
1296 2856 1426 2898 non
1456 2832 1794 2909 dicturum,
1825 2854 2036 2919 neque
2067 2832 2287 2897 decre-

190 2930 209 2960 ‘
232 2934 373 2985 tum
417 2921 975 3021 interpositarum:
1022 2943 1063 2984 a
1096 2919 1191 2983 M.
1218 2918 1493 2985 Claudio
1535 2919 1904 3005 petiturum,
1947 2917 2286 2983 decederet

190 3016 210 3045 ‘
232 3008 371 3071 iure
392 3028 529 3084 suo,
554 3006 989 3094 vmdicarique
1013 3006 1287 3093 puellam
1310 3006 1379 3070 in
1400 3018 1725 3105 posterum
1748 3005 1920 3070 diem
1943 3019 2280 3093 pateretur.

190 3100 213 3131 ‘
239 3092 438 3168 Quod
470 3092 595 3157 nisi
632 3106 816 3180 pater
849 3105 1104 3193 postero
1130 3092 1237 3156 die
1268 3092 1565 3169 affuisset,
1597 3091 1976 3155 denuntiare
2005 3114 2074 3155 se
2104 3091 2286 3155 Icilio

142 3202 173 3250 7
194 3187 214 3219 ‘
234 3177 672 3264 similibusque
703 3178 889 3255 Icili1,
912 3200 1125 3264 neque
1155 3177 1281 3265 legi
1310 3199 1460 3243 suae
1489 3177 1772 3253 latorem,
1797 3199 2008 3263 neque
2029 3175 2288 3240 decem-

180 3274 214 3305 ·‘
234 3265 373 3331 viro
400 3265 823 3331 constantiam
852 3264 1103 3331 deforet
1137 3286 1257 3329 nec
1279 3286 1347 3329 se
1370 3263 1594 3347 utique
1625 3261 2009 3348 collegarum
2035 3260 2290 3325 lictores

196 3360 217 3391 ‘
236 3364 730 3417 convocaturum
786 3350 869 3414 ad
925 3346 1309 3415 coercendos
1364 3348 1692 3412 seditionis
1748 3358 2074 3411 auctores:
2135 3369 2290 3413 con-

197 3445 218 3476 ‘
242 3450 495 3502 tentum
538 3460 609 3502 se
638 3436 769 3503 suis
814 3436 1145 3501 lictoribus
1187 3434 1358 3501 fore!
1450 3432 1674 3509 Quum
1718 3432 1990 3497 dilatum
2037 3446 2289 3521 tempus

262 3643 293 3692 3
328 3632 726 3692 Tacitumsem]
755 3630 831 3681 Ut
852 3644 943 3692 per
960 3628 1213 3679 silentium
1276 3645 1379 3677 rem
1432 3635 1570 3677 tuam
1622 3627 1822 3683 eiecisti,
1864 3628 1968 3675 alia
2020 3627 2290 3677 condit-‘cm

200 3710 259 3743 ac
291 3693 485 3743 nemine
517 3695 815 3743 reclamante
840 3708 1136 3755 consequare
1162 3692 1213 3740 id
1278 3693 1514 3755 quaesita.
1606 3688 1850 3751 Suspicari
1907 3688 2076 3763 possis,
2120 3705 2288 3738 vocem

201 3758 331 3819 quod
352 3756 501 3805 celari
524 3757 612 3806 vis.
645 3758 708 3807 cf.
730 3772 861 3820 supr.
884 3758 917 3809 i.
942 3770 1019 3819 51.
1277 3757 1429 3803 aliam
1450 3754 1502 3801 in
1524 3753 1618 3801 hoc
1640 3754 1750 3801 loco
1771 3751 2022 3801 excidisse.
2059 3753 2226 3801 Dosa.

265 3839 296 3881 4
314 3823 562 3882 Nuptan]
588 3821 637 3869 h.
652 3836 694 3869 e.
710 3822 949 3883 Sponsam
972 3841 986 3879 ;
1007 3834 1215 3883 sponsae
1343 3817 1375 3868 6
1406 3820 1588 3867 Locum
1613 3818 1864 3867 seditionis
1889 3820 2148 3880 quaerero]
2187 3816 2287 3865 No-

204 3884 349 3944 enim,
391 3889 449 3933 ut
490 3885 611 3933 nti·
650 3891 841 3945 notum,
884 3900 946 3933 ne
999 3883 1217 3949 amplius
1277 3882 1369 3941 bis,
1394 3889 1451 3931 ut
1475 3887 1528 3931 et
1555 3880 1822 3941 Gronovio‚
1851 3881 2005 3942 magis
2031 3880 2288 3929 marianum

206 3950 355 3997 forma
368 3962 457 3997 sus
468 3950 533 3997 sd
546 3963 761 3997 amorem
776 3948 1063 4010 pellicerent
1074 3948 1215 4007 alios,
1282 3946 1525 3995 videretur
1543 3946 1782 3995 aditione.
1815 3946 1978 3995 Casv.
2042 3946 2200 3993 Locus
2218 3960 2286 3991 oe-

206 4018 353 4073 caput
398 4013 647 4061 obnubere
700 4013 921 4060 solebant
970 4012 1214 4061 flammeo.
1280 4012 1476 4059 ditionis
1496 4009 1606 4057 infr.
1632 4022 1707 4071 50.
1731 4008 1920 4071 legitur.

208 4076 369 4125 Dosa.
438 4075 576 4125 Hine
612 4078 797 4125 nubere
834 4078 986 4125 alicui
1024 4075 1217 4137 proprie
1350 4084 1377 4135 7
1410 4076 1584 4136 Neque
1625 4074 1720 4133 1090·
1767 4074 1912 4131 suae]
1969 4088 2036 4119 sc.
2081 4072 2144 4119 Se
2187 4075 2288 4141 tem

208 4140 269 4189 dc
290 4138 575 4189 mulieribus
596 4139 786 4189 dieitur.
1284 4136 1405 4198 leffls
1446 4152 1479 4185 a
1520 4152 1572 4185 se
1626 4136 1773 4193 latae,
1815 4150 1962 4196 quam
2013 4135 2292 4188 decemviri,

272 4216 298 4265 5
332 4204 687 4263 mmm]
716 4202 917 4265 Proprie
933 4204 997 4251 de
1018 4201 1217 4263 nuptiis,
1281 4200 1622 4249 auctorita-tem
1653 4198 1892 4248 constanti
1927 4196 2093 4247 animo
2127 4195 2290 4243 desen—

210 4282 331 4328 quse
364 4268 455 4315 sub
490 4266 773 4317 conditione
806 4265 937 4314 dotis
970 4266 1111 4322 fiunt.
1154 4266 1215 4313 cf.
1282 4278 1449 4312 surum
1471 4277 1588 4311 esse.
1627 4262 1792 4309 Dona.
1827 4302 1832 4307 .

214 4330 315 4379 Cic.
352 4330 539 4392 Philip.
565 4330 619 4379 ii.
646 4331 724 4391 38.
742 4331 911 4391 filiam
944 4331 1071 4385 eius,
1090 4344 1217 4377 soro—
1902 4388 1939 4443 2

2266 691 2281 705 .
2305 651 2484 713 Appio.

2407 2235 2510 2295 46.
