3000 4784
724 242 854 303 334
1509 235 1740 301 ΤΙΤΙ
1803 233 2075 299 LIVII

481 380 540 429 C·
569 378 680 442 3⁶5·
721 373 1194 448 obsidebantur,
1243 371 1460 436 omnia
1505 392 1619 435 sua
1670 384 2005 435 cernentes
2050 372 2119 433 in
2169 369 2445 435 hostium
2500 378 2845 458 potestate.

484 444 544 495 ο·
569 446 680 507 337·
725 458 869 523 Νεε
900 458 1302 545 tranquillior
1337 480 1467 523 nox
1499 456 1671 538 diem
1720 470 1850 521 tam
1893 455 2083 521 foede
2124 470 2337 521 actum
2378 457 2637 544 excepit
2662 483 2683 521 ε
2738 457 2849 521 lux
2933 504 2934 509 η

721 545 956 610 deinde
1011 558 1263 611 noctem
1317 544 1673 631 inquietam
1726 544 2016 608 insecuta
2066 557 2201 607 est:
2272 565 2393 608 nec
2446 544 2655 609 ullum
2714 558 2851 607 erat
2868 564 2891 607 ε
2933 542 2934 571 ³

721 645 991 719 oempm,
1037 632 1213 719 quod
1265 655 1303 695 a
1352 654 1553 695 novae
1606 653 1856 716 semper
1906 629 2103 695 cladis
2154 629 2421 695 alicuius
2470 630 2851 718 spectaculo

719 730 1004 783 cessaret.
1097 718 1284 783 Nihil
1343 730 1577 793 tamen,
1638 729 1734 781 tot
1792 716 2036 782 onerati
2097 730 2289 802 atque
2351 718 2565 781 obruti
2628 717 2849 791 malis,

719 804 1036 871 flexerunt
1061 805 1324 880 animm,
1349 804 1529 889 quin,
1556 803 1673 867 etsi
1702 803 2217 881 omniaflammis
2239 826 2312 867 ac
2336 804 2541 869 ruinis
2560 817 2855 891 aequata

719 890 1046 968 vidissent,
1101 890 1391 978 quamvis
1451 890 1711 976 inopem
1766 912 2186 991 parvumque,
2246 911 2443 975 quem
2506 892 2849 965 tenebant,

718 977 966 1055 collem,
1019 977 1294 1043 libertati
1352 975 1667 1052 relictum,
1725 988 1954 1040 virtute
2007 974 2443 1043 defenderent.
2542 976 2631 1041 Et
2692 979 2851 1053 iam,

721 1087 922 1151 quum
995 1064 1219 1129 eadem
1279 1061 1570 1149 quotidie
1638 1061 2020 1139 acciderent,
2090 1061 2265 1127 velut
2330 1064 2569 1127 assueti
2634 1064 2851 1139 maliS,

721 1150 1228 1217 abalienaverant
1300 1150 1381 1214 ab
1447 1171 1637 1213 sensu
1706 1170 1916 1213 rerum
1982 1172 2239 1213 suarum
2304 1149 2595 1225 animos3
2666 1172 2853 1216 arma

387 377 457 428 U.

387 445 448 495 A.

723 1250 972 1303 tantum
1029 1237 1394 1323 ferrumque
1451 1235 1521 1299 in
1576 1234 1816 1299 dextris
1873 1235 2052 1300 velut
2106 1234 2267 1301 solas
2334 1234 2639 1321 reliquias
2702 1236 2849 1323 spei

486 1402 591 1461 43·
721 1336 1299 1497 suagzallitgiinoeiie,
1337 1430 1452 1495 per
1494 1407 1740 1493 aliquot
1772 1406 1911 1471 dies
1950 1408 2019 1471 in
2060 1420 2231 1473 tecta
2270 1407 2462 1473 modo
2503 1410 2685 1473 urbis
2724 1431 2847 1473 ne-

725 1497 1069 1583 quicquam
1098 1497 1178 1561 be
1225 1518 1264 1559 o
1293 1507 1490 1581 gesto,
1516 1516 1719 1581 quum
1748 1494 1918 1557 inter
1944 1493 2244 1560 incendia
2272 1518 2345 1559 ac
2366 1494 2589 1559 ruinas
2613 1509 2843 1583 captae

725 1583 896 1647 urbis
936 1580 1102 1645 nihil
1140 1602 1482 1669 superesse,
1514 1592 1763 1667 praeter
1800 1593 2071 1645 armatos
2109 1579 2341 1658 hostes,
2371 1580 2692 1658 viderent,
2724 1605 2845 1645 ne-

723 1669 1064 1754 quicquam
1103 1680 1199 1732 tot
1233 1667 1519 1733 cladibus
1556 1666 1822 1743 territos,
1855 1689 1973 1731 nec
2004 1668 2282 1731 flexuros
2321 1666 2405 1731 ad
2434 1666 2841 1732 deditionem

722 1754 984 1830 animoa
1028 1754 1096 1817 ni
1142 1754 1238 1817 vis
1285 1753 1736 1829 adhiberetur3
1790 1753 2067 1840 experiri
2116 1752 2359 1830 ultima,
2388 1763 2469 1817 ‘et
2516 1753 2841 1841 impetum

393 1841 703 1891 Gallim-cem
720 1839 923 1903 facere
969 1838 1036 1902 in
1086 1861 1294 1903 arcem
1341 1851 1647 1905 statuunt.
1740 1838 1957 1903 Prima
2006 1839 2167 1916 luce,
2214 1840 2397 1926 signo
2444 1839 2622 1917 dato,
2672 1839 2843 1905 mul—

393 1906 680 2031 fflffnssp‘
721 1923 929 1989 titudo
969 1924 1175 1989 omnis
1218 1926 1288 1988 in
1326 1925 1464 1989 foro
1512 1924 1883 1989 instruitur:
1931 1926 2103 2003 inde,
2146 1925 2420 1990 clamore
2462 1927 2721 1992 sublato
2766 1950 2842 1991 ac
2858 1978 2887 2027 6

618 2003 633 2016 '
721 2010 1038 2077 testudine
1091 2011 1274 2088 facta,
1328 2011 1621 2076 subeunt.
1733 2010 2059 2076 Adversus
2110 2034 2273 2098 quos
2323 2011 2610 2077 Romani
2674 2012 2841 2077 nihil
2864 2056 2887 2103 5

721 2110 958 2163 temere
1006 2120 1128 2163 nec
1167 2097 1431 2185 trepide,
1475 2097 1559 2162 ad
1605 2120 1827 2162 omnes
1872 2097 2082 2163 aditus
2128 2098 2504 2163 stationibus
2544 2100 2839 2175 firmatis,

767 2208 852 2249 ua
883 2185 1066 2271 signa
1098 2184 1246 2249 ferri
1275 2185 1595 2260 videbant,
1628 2206 1705 2249 ea
1747 2184 1969 2249 robore
2000 2184 2277 2249 virorum
2316 2186 2615 2271 opposito
2654 2208 2841 2251 scan-

719 2208 870 2336 dere
901 2272 1150 2336 hostem
1183 2272 1442 2335 sinunt:
1491 2294 1622 2371 quo
1666 2271 2035 2335 successerit
2073 2271 2275 2357 magis
2314 2271 2384 2334 in
2426 2271 2727 2349 arduum,
2760 2296 2838 2337 eo

725 2356 876 2444 pelli
926 2380 1110 2444 posse
1164 2380 1279 2445 per
1329 2357 1607 2443 prochve
1658 2356 1905 2442 facilius
1954 2356 2090 2421 rati.
2200 2356 2426 2421 Medio
2476 2357 2612 2423 fere
2666 2359 2837 2423 clivo

720 2443 1044 2509 restitere:
1111 2457 1300 2531 atque
1359 2443 1511 2507 inde
1564 2466 1646 2507 ex
1703 2443 1845 2507 loco
1903 2442 2242 2529 superiore,
2298 2443 2411 2530 qui
2461 2466 2665 2532 prope
2722 2468 2837 2509 sua

720 2544 946 2617 sponte
991 2530 1060 2594 in
1103 2530 1351 2595 hostem
1393 2530 1722 2605 inferebat,
1762 2529 2007 2616 impetu
2048 2530 2235 2607 facm,
2272 2542 2477 2617 strage
2523 2553 2601 2595 ac
2646 2533 2837 2595 ruina

721 2616 940 2681 fudere
975 2616 1233 2681 Gallos:
1283 2629 1355 2681 ut
1394 2638 1728 2701 nunquam
1772 2628 1991 2701 postea
2028 2638 2148 2680 nec
2187 2638 2351 2702 pars,
2385 2638 2507 2681 nec
2546 2617 2835 2682 universi

721 2703 1105 2768 tentaverint
1134 2703 1256 2767 tale
1287 2724 1540 2789 pugnae
1570 2724 1790 2787 genua
1887 2700 2141 2767 Omissa
2166 2701 2385 2788 itaque
2414 2724 2527 2802 spe
2558 2726 2681 2789 per
2701 2706 2833 2767 vim

719 2800 910 2874 atque
963 2811 1140 2853 arma
1190 2788 1527 2865 subeundi,
1578 2787 1973 2852 obsidionem
2082 2801 2298 2852 arant:
2368 2812 2551 2853 cuius
2615 2790 2703 2855 ad
2766 2790 2834 2855 id

721 2885 972 2959 tempus
1017 2873 1435 2951 immemores,
1481 2887 1566 2951 et,
1614 2873 1789 2960 quod
1841 2874 1910 2936 in
2160 2875 2383 2951 flierat,
2428 2875 2831 2941 frumentum

719 2958 1030 3022 incendiis
1073 2959 1246 3023 urbis
1293 2961 1789 3046 absumpserant,
1838 2973 1905 3023 et
1954 2983 2037 3025 ex
2090 2961 2254 3047 agris
2304 2982 2419 3048 per
2466 2961 2641 3047 ipsos
2692 2963 2831 3028 dies
2848 2977 2873 3023 8

719 3055 972 3131 raptum
1019 3066 1208 3109 omne
1240 3044 1438 3109 Veios
1481 3060 1634 3111 erat.
1729 3045 1950 3132 Igitur,
1992 3049 2277 3112 exercitu
2320 3046 2544 3124 diviso,
2591 3050 2829 3135 partim

719 3152 835 3217 per
891 3130 1195 3195 finitimos
1253 3130 1521 3231 populos
1579 3132 1867 3219 praedari
1925 3132 2183 3220 placuit,
2316 3198 2319 3200 Α
2368 3134 2482 3198 tim
2543 3134 2827 3201 obsideri
2843 3158 2871 3207 9

393 3232 606 3296 Popula·
666 3296 677 3309 ι
719 3240 968 3283 arcem:
1025 3231 1098 3282 ut
1147 3218 1585 3283 obsidentibus
1634 3218 2025 3283 frumentum
2076 3156 2479 3307 popillia-'ores
2526 3242 2825 3307 agrorum

391 3304 520 3371 ἔθη·
543 3297 680 3346 G³¹h
718 3306 1110 3391 praeberent.
1203 3304 1687 3371 Proficiscentes
1718 3304 1939 3369 Gallos
1984 3306 2063 3371 ab
2108 3308 2281 3382 urbe,
2328 3305 2413 3371 ad
2457 3305 2825 3373 Romanam

389 3362 670 3488 ffussrffg,
717 3391 1169 3479 experiendam
1197 3393 1515 3467 virtutem,
1552 3390 1807 3457 fortuna
1850 3390 1989 3491 ipsa
2024 3392 2329 3468 Ardeam,
2362 3391 2472 3457 ubi
2507 3391 2825 3459 Camillus

717 3478 1062 3556 exsulabat,
1109 3478 1332 3545 duxit:
1393 3478 1507 3565 qui
1551 3478 1847 3542 maestior
1888 3478 1977 3542 ibi
2019 3478 2274 3543 fortuna
2314 3478 2588 3564 publica,
2626 3502 2823 3566 quam

783 3742 810 3789 5
845 3730 1147 3791 Inquietam]
1176 3728 1273 3777 Pro
1293 3729 1581 3791 inquietam,
1596 3726 1727 3788 quod
1794 3726 2043 3799 exempla,
2068 3724 2153 3772 ubi
2186 3727 2290 3799 ipse
2325 3740 2415 3787 pro
2449 3728 2491 3775 is
2524 3726 2635 3788 ipse
2676 3730 2821 3791 culpa

717 3790 928 3839 otiosum
951 3796 1001 3838 et
1028 3790 1258 3853 frigidum
1281 3791 1488 3849 videtur,
1511 3792 1731 3854 inquieta
1794 3788 2099 3839 librariorum
2122 3787 2365 3849 scribitur,
2387 3788 2571 3851 passim
2593 3789 2649 3839 in
2674 3792 2818 3842 Mss

717 3854 1055 3915 reponendum
1078 3859 1243 3902 censet
1267 3853 1485 3903 Gronov.
1794 3852 2048 3901 inveneris.
2109 3852 2239 3901 Sane
2258 3852 2653 3913 Drakenborch„
2665 3870 2815 3918 quum

789 3914 822 3966 6
867 3918 1127 3967 Testudim
1156 3918 1328 3979 sacta]
1387 3918 1551 3966 Sentis
1587 3932 1734 3980 super
1798 3931 1893 3965 vox
1920 3919 2081 3979 ipsum
2107 3931 2197 3978 pro
2218 3916 2420 3966 vocibus
2452 3934 2526 3967 me
2556 3920 2743 3980 ipsunt,
2762 3935 2817 3967 ac

717 3980 883 4044 capita
903 3980 1136 4031 densatis.
1189 3981 1355 4031 Huius
1375 3982 1634 4033 testudinis
1648 3983 1729 4031 de-
1794 3996 1844 4031 ee
1871 3983 2049 4043 ipsun,
2070 3980 2264 4042 saepius
2286 3986 2513 4042 ponatur,
2534 3983 2731 4032 nullam
2754 3984 2817 4032 vi-

719 4044 1030 4108 scriptionem
1065 4045 1176 4097 vide
1203 4047 1339 4109 apud
1371 4052 1593 4095 nostrum
1620 4046 1729 4094 infr.
1796 4044 1881 4093 det
1902 4060 2118 4104 causam,
2140 4060 2229 4093 cur
2252 4060 2352 4093 non
2374 4045 2547 4093 eodem
2571 4047 2725 4095 modo
2748 4050 2815 4110 ὄρ-

720 4110 840 4159 xliv.
855 4124 901 4175 9.
931 4112 1090 4161 Casv,
1794 4124 1903 4159 sum
1945 4124 2035 4170 pro
2064 4125 2177 4159 eum
2209 4110 2390 4171 imm,
2423 4110 2501 4157 vel
2542 4111 2599 4157 id
2640 4112 2815 4172 ipsun,

789 4188 814 4249 7
847 4176 1093 4235 Suberant]
1139 4176 1202 4225 cf.
1229 4175 1350 4224 Tac.
1385 4174 1518 4223 Hist.
1551 4172 1618 4221 iii.
1658 4184 1731 4234 71.
1797 4172 1960 4221 dicere
1982 4172 2145 4221 liceat.

717 4239 802 4286 ubi
847 4238 1082 4302 Capitolii
1133 4237 1430 4301 expugnatio
1484 4235 1732 4298 praeclare
1860 4251 1891 4299 9
1926 4237 2173 4296 obsideri]
2212 4236 2460 4293 obsidere,
2488 4250 2551 4283 ex
2586 4238 2811 4287 emenda-

715 4306 952 4351 narratur.
1796 4298 1931 4347 tione
1970 4299 2243 4359 Drakenb.‚
2274 4299 2326 4347 in
2364 4303 2559 4348 textum
2600 4302 2811 4363 reponunt

778 4364 808 4409 8
831 4366 934 4412 Per
949 4366 1078 4423 ipson
1093 4366 1219 4423 dies]
1240 4364 1337 4413 Per
1352 4378 1436 4411 eos
1451 4362 1581 4423 ipsos
1597 4362 1726 4409 dies:
1798 4361 2013 4411 Bekker.
