3000 4784
864 233 1055 298 LIB.
1107 234 1225 299 IV.
1296 236 1520 301 CAP.
1571 239 1674 304 27.
2190 242 2316 303 253

184 367 429 432 bellum
476 368 797 435 differtur.
891 372 991 436 Ita
1041 372 1223 437 dubii
1273 398 1531 462 quoque
1577 375 1889 441 inclinant
1931 377 2012 441 ad
2057 378 2320 443 nomina
2339 396 2406 445 U.
2433 397 2491 446 c.
2518 410 2628 459 3²4·

184 455 415 519 danda.
516 456 615 521 Et
644 457 942 523 Hernicis
971 459 1344 547 Latinisque
1375 463 1608 527 milites
1630 464 1947 550 imperati:
1997 466 2316 553 utrimque
2339 461 2397 509 A.
2433 462 2492 511 C.
2517 462 2630 521 4²⁸·

183 544 374 606 enixe
407 544 761 609 obeditum
790 546 1080 610 dictatori
1109 560 1220 611 est.

277 628 465 693 Haec
511 633 743 696 omnia
778 632 1095 697 celeritate
1138 634 1381 719 ingenti
1425 648 1598 699 acta:
1647 636 1995 725 relictoque
2041 638 2118 703 C.
2153 638 2320 703 Iulio
2436 642 2540 701 27.

137 730 165 776 8
184 715 451 781 consule
484 718 575 781 ad
668 719 1005 783 raesidium
1047 720 1237 797 urbiS,
1270 735 1337 783 et
1376 720 1452 785 L.
1487 721 1656 787 Iulio
1701 725 2001 811 magistro
2030 726 2320 813 equitum

134 825 165 872 9
183 802 260 865 ad
280 803 505 867 subita
526 742 691 869 beiii
715 806 1077 882 ministeria,
1101 829 1183 870 ne
1203 830 1333 893 qua
1354 830 1469 885 rea,
1505 833 1633 895 qua
1654 812 1975 897 eguissent
1994 813 2062 876 in
2086 814 2318 889 castri&

182 904 568 967 moraretur,
592 892 885 970 dictator,
952 908 1249 958 raeeunte
1270 895 1351 957 A.
1371 893 1674 961 Cornelio
1779 899 1992 963 ntifice
2022 901 2319 977 maxime,

140 997 159 1029 1
182 974 370 1039 ludos
400 1000 689 1065 magnos
717 916 1025 1044 tumuftus
1065 1002 1253 1044 causa
1289 983 1500 1046 vovit:
1549 1006 1666 1070 pro
1691 1000 1994 1072 ectusque
2035 987 2114 1050 ab
2145 986 2318 1061 urbe,

183 1062 391 1127 diviso
434 1088 599 1131 cum
640 1067 947 1141 Quinctio
993 1066 1251 1131 consule
1298 1070 1602 1146 exercitu,
1635 1070 1716 1133 'ad
1761 1071 1972 1136 hostes
2094 1073 2316 1135 rvenit.

190 1148 373 1213 Sicut
419 1152 588 1215 bina
631 1168 832 1218 castra
873 1155 1170 1231 hostium,
1211 1178 1405 1242 parvo
1450 1156 1618 1219 inter
1655 1180 1721 1220 se
1759 1158 1960 1243 spatio
2049 1157 2319 1235 istantia,

182 1236 507 1314 viderant,
543 1239 675 1325 ipsi
716 1263 970 1326 quoque
1018 1241 1189 1305 mille
1218 1242 1416 1306 ferme
1444 1264 1664 1328 passus
1703 1244 1781 1306 ab
1823 1243 2021 1319 hoste,
2053 1243 2324 1307 dictator

188 1321 503 1401 Tuscu10‚
556 1326 787 1390 consul
831 1326 1141 1401 Lanuvio,
1188 1328 1549 1414 propiorem
1601 1327 1814 1391 locum
1867 1330 2083 1393 castris
2136 1351 2322 1415 cepe-

186 1425 355 1472 runt.
456 1410 569 1475 Ita
598 1426 901 1498 quattuor
922 1414 1252 1490 exercitus»,
1279 1413 1548 1477 totidem
1572 1415 1971 1478 munimenta
1991 1414 2322 1501 planitiem

192 1494 257 1557 in
289 1497 537 1574 medi0,
566 1522 703 1562 non
730 1500 937 1586 parvis
959 1498 1151 1562 modo
1180 1500 1659 1564 excursionibus
1688 1500 1770 1565 ad
1798 1501 2055 1587 proelia,
2079 1500 2195 1564 sed
2225 1500 2324 1565 vel

192 1581 273 1644 ad
320 1585 753 1671 explicandas
805 1586 1125 1671 utrimque
1174 1586 1339 1648 acies
1390 1586 1539 1649 satis
1590 1600 1934 1673 patentem,
1982 1588 2317 1652 habebant.

198 1666 363 1745 Nec,
398 1692 487 1734 ex
522 1694 659 1758 quo
700 1672 916 1736 castris
958 1688 1159 1735 castra
1195 1671 1423 1736 collata
1457 1687 1626 1750 sunt,
1659 1686 1968 1738 cessatum
2015 1698 2053 1737 a
2081 1674 2325 1738 levibus

196 1755 459 1839 proeliis
491 1772 625 1833 est3
673 1759 852 1847 facile
875 1759 1158 1846 patiente
1190 1757 1516 1835 dictatore,
1543 1760 1927 1825 conferendo
1949 1762 2112 1825 vires
2143 1783 2320 1847 spem

198 1843 539 1909 universae
589 1845 905 1923 victoriae,
946 1858 1187 1910 tentato
1226 1845 1557 1931 paullatim
1597 1860 1832 1911 eventu
1877 1849 2319 1923 certaminum,

200 1950 344 1992 suos
385 1932 781 2018 praecipere.
873 1932 1099 2032 Itaque
1136 1932 1364 2009 hosteS,
1408 1932 1586 1997 nulla
1623 1934 1691 1998 in
1730 1934 1972 2021 proelio
2014 1935 2179 1999 iusto
2223 1957 2321 1997 re-
2343 1948 2644 2023 oppugnata

201 2014 352 2080 licta
392 2040 535 2104 spe,
574 2032 767 2083 noctu
810 2019 1014 2083 adorti
1042 2031 1243 2082 castra
1286 2018 1581 2095 consuliS,
1615 2044 1749 2084 rem
1791 2021 1856 2085 in
1901 2044 2114 2085 casum
2147 2020 2320 2084 anci·
2341 2014 2556 2123 0⁰¹¹t³²¹¹¹⁸

204 2101 353 2186 pitis
394 2118 673 2170 eventus
712 2106 1134 2169 committunt.
1230 2105 1491 2169 Clamor
1534 2108 1742 2170 subito
1779 2120 1974 2183 ortuS,
2007 2130 2136 2171 non
2170 2129 2323 2172 con-
2341 2091 2422 2123 ω
2445 2092 2515 2124 '²'

206 2189 357 2253 sulis
386 2194 593 2257 modo
610 2192 848 2277 vigile&
874 2191 1224 2255 exercitum
1247 2191 1481 2256 deinde
1506 2215 1782 2269 omnem,
1809 2194 1923 2257 sed
1947 2194 2321 2257 dictatorem

212 2297 469 2363 quoque
502 2302 591 2343 ex
617 2301 841 2343 somno
880 2278 1130 2342 excivit.
1226 2278 1358 2342 Ubi
1389 2280 1704 2365 praesenti
1735 2301 1856 2365 ope
1898 2302 1997 2342 res
2027 2280 2319 2364 egebant,

212 2363 433 2426 consul
464 2388 590 2430 nec
621 2366 833 2429 animo
858 2364 1107 2441 defecit,
1134 2388 1253 2428 nec
1282 2365 1546 2429 consilio
1570 2390 1584 2429 :
1635 2388 1778 2452 pars
1808 2364 2080 2429 militum
2114 2378 2325 2451 porta-

218 2468 352 2512 rum
398 2452 709 2516 stationes
752 2451 1045 2514 firmant:
1109 2472 1251 2535 pars
1297 2473 1532 2515 corona
1579 2451 1816 2529 yallum
1864 2451 2148 2535 cingunt.
2244 2450 2319 2513 In

217 2532 425 2601 alteris
456 2537 636 2625 apud
675 2538 1047 2602 dictatorem
1078 2536 1313 2612 castriS,
1392 2559 1476 2599 uo
1518 2536 1728 2600 minus
1760 2536 2068 2601 tumultus
2099 2548 2213 2613 est,
2246 2560 2324 2601 eo

178 2620 356 2705 aplus
394 2623 938 2700 animadvertitur,
970 2622 1129 2708 quid
1168 2645 1207 2685 o
1253 2644 1327 2685 us
1388 2636 1528 2685 acto
1569 2624 1664 2686 sit.
1758 2622 1960 2687 Misso
2001 2623 2324 2709 extemplo

221 2708 299 2771 ad
326 2724 533 2775 castra
559 2710 859 2787 subsidi0,
890 2710 996 2773 cui
1041 2708 1147 2795 Sp.
1238 2708 1548 2773 ostumius
1581 2708 1784 2773 Albus
1824 2709 2067 2796 legatus
2095 2709 2324 2796 praefi-

220 2794 399 2873 citur,
448 2799 586 2885 ipse
642 2809 817 2883 parte
870 2796 1195 2883 copiarum
1241 2818 1434 2881 parvo
1478 2796 1748 2860 circuitu
1790 2795 2000 2860 locum
2047 2796 2322 2860 maxime

223 2897 532 2948 secretum
578 2885 657 2947 ab
703 2882 979 2946 tumultu
1070 2882 1201 2957 etit,
1248 2881 1421 2945 unde
1475 2905 1558 2945 ex
1609 2883 1991 2969 necopinato
2037 2904 2323 2946 aversum

224 2964 465 3035 hostem
514 2971 786 3034 invadat.
883 2968 965 3043 Q„
1050 2968 1369 3054 'ulpicium
1413 2967 1691 3054 legatum
1733 2970 2021 3055 praeficit
2063 2969 2317 3033 castris:

229 3049 317 3117 M.
350 3056 551 3123 Fabio
591 3057 800 3143 legato
840 3056 1114 3141 assignat
1152 3055 1437 3141 equites:
1488 3078 1607 3120 nec
1638 3068 1783 3120 ante
1814 3056 2023 3120 lucem
2070 3078 2322 3119 movere

226 3138 397 3207 iubet
426 3167 707 3220 manum,
733 3143 899 3206 inter
921 3154 1259 3205 nocturnos
1290 3140 1598 3204 tumultus
1629 3140 1957 3205 moderatu
1979 3140 2318 3205 difficilem.

232 3224 483 3306 Omnia,
516 3253 677 3316 quae
708 3228 810 3292 vel
850 3228 1008 3292 alius
1039 3227 1375 3313 imperator
1395 3227 1684 3325 prudens
1723 3239 1787 3290 et
1817 3228 2086 3313 impiger
2115 3227 2182 3289 in
2213 3225 2321 3289 tali

228 3332 289 3374 re
320 3317 713 3401 praeciperet
742 3328 1104 3401 ageretque,
1134 3314 1443 3399 praecipit
1471 3311 1693 3376 ordine
1724 3324 1916 3398 atque
1948 3312 2114 3398 agit:
2166 3311 2324 3375 illud

229 3400 531 3467 eximium
548 3402 794 3468 consilii
816 3401 1139 3485 animique
1170 3398 1512 3486 specimen,
1543 3411 1610 3462 et
1631 3398 2004 3486 neutiquam
2029 3398 2321 3485 vulgatae

230 3482 447 3567 laudis,
494 3490 669 3575 quod
720 3487 885 3552 ultro
936 3487 1016 3551 ad
1063 3485 1493 3573 oppugnanda
1544 3498 1746 3549 castra
1796 3485 2094 3562 hostium,
2149 3485 2322 3549 unde

234 3574 460 3639 maiore
500 3574 752 3660 agmine
793 3574 1104 3660 profectos
1144 3572 1540 3671 exploratum
1580 3571 1800 3649 suerat,
1835 3571 1929 3636 M.
1958 3571 2323 3658 Geganium

234 3678 371 3724 cum
424 3661 787 3725 cohortibus
835 3659 1098 3723 delectis
1155 3657 1340 3721 misit.
1438 3657 1595 3735 Qui,
1647 3671 1982 3746 postquam
2044 3660 2323 3723 intentos

295 3864 323 3911 8
354 3869 437 3914 Aa
462 3868 765 3929 praesidium
792 3867 952 3925 urbis]
993 3862 1238 3912 Nimirum
1310 3861 1415 3909 vius
1436 3878 1565 3924 supr.
1589 3861 1620 3911 i.
1647 3878 1721 3925 35.
1745 3865 1886 3912 ludos
1911 3878 2113 3925 magnos
2145 3878 2178 3909 a
2206 3862 2324 3910 Tar-

238 3926 491 3987 !eaiom'bus
534 3933 740 3979 urbanis
785 3931 1072 3992 praefectus.
1150 3928 1240 3975 Le-
1307 3926 1461 3986 quinii
1487 3926 1638 3975 Prisci
1673 3929 1974 3990 temporibus
1994 3928 2219 3975 solenne·
2240 3941 2322 3971 an-

240 3990 392 4049 giones
427 3998 641 4043 urbanae
676 3996 741 4043 ad
780 3993 1072 4056 praesidium
1110 3991 1242 4039 urbis
1306 4006 1431 4037 nuos
1472 3991 1716 4041 mansisse.
1799 3994 1975 4055 Itaque
2019 3991 2100 4038 hic
2145 3988 2323 4063 intelli-

240 4067 295 4101 ex
326 4059 595 4121 proletariis
626 4064 776 4120 atque
808 4058 1002 4106 aerariis
1038 4055 1243 4117 aliisque
1307 4055 1454 4117 gendi
1492 4055 1717 4104 videntur
1754 4056 1857 4103 ludi
1893 4055 2088 4117 Magnis
2125 4052 2326 4107 similes,

241 4118 465 4172 eiusmodi
487 4123 790 4186 conscriptae
812 4128 939 4169 sunt.
1308 4118 1391 4179 qui
1426 4118 1599 4167 iisdem
1631 4120 1739 4177 diis,
1760 4119 1934 4166 eodem
1967 4122 2210 4179 apparatu
2243 4114 2326 4161 fie-

296 4200 325 4249 9
345 4190 601 4235 Adsuht‘ta
616 4189 726 4235 bella·
740 4186 1037 4244 ministeria]
1064 4200 1127 4232 sc.
1140 4183 1243 4238 Qui
1310 4188 1434 4231 rent.
1472 4186 1634 4233 (ἔπιεν.

243 4252 495 4299 exercitum
535 4268 563 4300 e
595 4253 867 4301 senioribus
906 4248 1244 4297 subsidiarium
1379 4261 1403 4294 2
1440 4248 1697 4307 Extemplo
1726 4247 1792 4292 ad
1823 4243 2010 4298 castra]
2050 4256 2115 4287 sc.
2141 4242 2326 4288 Consu-

243 4316 565 4363 conscriberet.
591 4316 795 4363 Niebhr.
812 4315 861 4363 ii.
880 4320 980 4361 not.
998 4312 1105 4360 260.
1122 4326 1231 4375 992.
1312 4310 1389 4365 lis.
1424 4326 1570 4371 quam
1609 4324 1778 4356 vocem
1817 4307 1898 4353 hic
1933 4318 2208 4364 expressam
2247 4320 2328 4351 cu-

305 4392 321 4424 i
358 4382 519 4427 Ludos
551 4382 773 4440 magnos]
836 4376 1131 4426 Mcmoravit
1169 4374 1245 4421 Li·
1316 4388 1558 4434 pei-emus.
1591 4373 1753 4420 (ἔπιεν.
