3000 4784
363 320 431 369 U.
455 320 516 369 C.
541 320 651 383 387.

359 386 422 433 A.
455 384 516 435 C.
541 382 651 445 365.

361 448 618 531 Adventu.

360 512 564 649 ’ὸῖἱῷιῇ

362 644 531 687 oratio.

687 180 812 240 392
1459 170 1689 237 TITI
1745 170 2021 237 LIVII

688 310 954 375 Patrum
975 309 1338 387 defixisset3
1390 309 1518 397 Ap.
1544 308 1857 375 Claudius
1880 310 2171 388 Cremna,
2192 332 2398 398 nepos
2432 310 2817 387 deoemvifi,

688 396 922 461 dicitur
949 396 1098 468 odio
1127 396 1328 483 magis
1355 396 1595 483 iraque,
1620 418 1815 483 quam
1842 419 1975 484 spe,
2006 396 2089 461 ad
2118 396 2665 462 dissuadendum
2694 420 2825 483 pm-

688 482 962 560 cessisse,
1005 494 1072 546 et
1107 480 1362 547 locutus
1393 483 1464 545 in
1499 482 1665 546 hanc
1699 482 1833 546 fere
1872 484 2253 547 sententiam
2292 506 2439 547 we
2466 508 2487 547 ε
2550 493 2575 521 6
2596 483 2825 570 Neque

692 578 712 608 6
727 592 986 647 novum,
1031 592 1242 655 neque
1289 569 1692 655 inopinatum
1750 569 1911 633 mihi
1966 570 2069 646 eit,
2128 568 2447 647 Quintae,
2514 571 2605 645 si,
2666 570 2829 655 quod

691 663 712 693 ‘
734 678 936 719 unum
977 654 1252 719 familiae
1293 668 1545 719 nostrae
1580 676 1833 742 semper
1866 656 2189 720 obiectum
2228 668 2325 719 est
2360 657 2461 719 ab
2502 656 2832 720 seditiosis

691 750 712 779 ‘
731 742 1018 818 tribuniS,
1049 740 1118 804 id
1147 763 1318 805 nunc
1349 764 1469 827 ego
1491 764 1751 827 quoque
1782 741 2063 806 audiam:
2116 741 2435 807 Claudiae
2472 742 2689 827 genti
2718 743 2831 805 iam

693 836 714 865 ‘
730 827 881 891 inde
911 828 991 890 ab
1020 827 1204 891 initio
1233 826 1324 890 nil
1353 828 1677 914 antiquius
1716 828 1786 890 in
1814 827 2139 914 republica
2170 828 2446 891 Pati-um
2486 830 2835 892 maiestate

695 913 958 990 ‘fuisse3
1003 935 1254 999 semper
1281 912 1484 999 plebis
1507 912 1855 977 commodis
1876 914 2233 978 adversatos
2260 936 2417 978 esse.
2524 914 2835 989 Quorum

696 1008 716 1037 ‘
736 998 1006 1064 alterum
1045 1022 1128 1063 ne
1176 1022 1255 1063 ue
1297 1022 1482 1098 nege,
1514 1022 1724 1085 neque
1762 1000 1997 1064 infitias
2036 1023 2135 1077 eo,
2166 1022 2300 1076 noe,
2332 1022 2418 1063 ex
2458 1022 2623 1087 quo
2664 998 2835 1063 asciti
2852 1026 2870 1057 ε

697 1094 949 1149 ‘sumus
979 1086 1142 1149 simu
1195 1086 1265 1148 in
1294 1087 1615 1149 ciwtatem
1644 1098 1711 1149 et
1738 1085 1978 1163 Patres,
2010 1086 2201 1149 enixe
2230 1108 2515 1173 operam
2552 1086 2833 1159 dedisse,

697 1179 718 1209 ‘
739 1185 813 1235 ut
850 1194 965 1259 per
993 1192 1110 1235 nos
1143 1184 1328 1235 aucta
1363 1172 1595 1257 potiuS,
1628 1192 1821 1257 quam
1848 1173 2207 1249 imminuta,
2248 1173 2579 1237 maiestas
2616 1192 2837 1236 earum

697 1266 717 1295 ‘
777 1258 1041 1334 entium,
1091 1258 1259 1321 inter
1301 1280 1458 1344 quas
1502 1280 1616 1321 nos
1662 1280 1797 1321 esse
1844 1256 2147 1335 voluistiS,
2192 1258 2319 1322 dici
2362 1281 2539 1323 vere
2594 1270 2827 1345 posset.

697 1352 718 1383 6
732 1281 908 1407 illud
925 1344 1194 1408 alterum
1215 1366 1332 1429 pro
1354 1364 1458 1407 me
1482 1342 1949 1429 maioribusque
1976 1344 2137 1408 meis
2158 1344 2577 1409 contendere
2604 1344 2831 1412 ausim,

698 1438 719 1469 ‘
741 1428 1046 1506 Quirites,
1079 1430 1250 1515 (nisi,
1281 1452 1446 1529 quae
1475 1452 1591 1515 pro
1621 1429 1915 1493 universa
1940 1430 2267 1516 republica
2285 1431 2471 1508 fiant,
2494 1454 2609 1495 ea
2638 1428 2825 1516 plebi,

701 1524 718 1555 ‘
743 1528 1045 1601 tanquam
1075 1514 1262 1579 aliam
1301 1514 1603 1579 mcolcnti
1635 1516 1877 1592 urbem,
1908 1514 2171 1579 adveoea
2208 1518 2350 1602 quis
2390 1518 2641 1603 putet)
2672 1512 2829 1577 nihil

700 1610 720 1639 ‘
737 1623 872 1677 noe,
903 1624 1114 1687 neque
1141 1602 1438 1749 privato&
1469 1624 1681 1687 neque
1712 1601 1779 1664 in
1822 1602 2304 1687 magistratibus,
2336 1603 2535 1689 quod
2578 1602 2828 1665 incom-

699 1694 720 1724 ‘
741 1686 1006 1751 modum
1033 1686 1138 1773 ple
1183 1688 1206 1750 i
1227 1700 1411 1764 esset,
1435 1688 1707 1751 scientes
1725 1686 1981 1751 fecisse:
2028 1710 2151 1751 nec
2172 1687 2375 1751 ullum
2404 1688 2675 1753 facmm
2694 1686 2823 1748 dic-

700 1781 720 1811 ‘
737 1784 952 1835 tumve
999 1784 1286 1835 nostrum
1330 1785 1553 1836 contra
1598 1772 1937 1837 utilitatem
1980 1787 2253 1838 vestram
2286 1774 2441 1861 (etei
2484 1771 2823 1860 quaedam

699 1864 721 1895 ‘
736 1868 956 1921 contra
981 1856 1370 1921 voluntatem
1397 1858 1667 1945 fuerint)
1697 1882 1841 1923 vere
1880 1859 2097 1923 referri
2126 1882 2323 1947 posse.
2418 1862 2547 1925 An
2588 1860 2742 1933 hoc,
2770 1855 2819 1919 si

701 1950 723 1981 ‘
742 1942 1051 2009 Claudiae
1081 1943 1354 2009 familiae
1385 1966 1518 2008 non
1548 1946 1689 2023 sim,
1712 1968 1832 2010 nec
1854 1969 1937 2009 ex
1965 1946 2233 2032 patricio
2258 1948 2590 2034 sanguine
2624 1958 2817 2017 ortus,

699 2036 721 2067 ‘
736 2027 854 2093 sed
869 2052 1034 2093 unus
1061 2028 1409 2104 Quiritium
1481 2030 1723 2108 uilibet,
1748 2032 1863 2131 qui
1892 2032 2085 2096 modo
2106 2055 2209 2097 me
2232 2033 2484 2099 duobus
2508 2028 2812 2120 ingenuis

701 2124 722 2155 ‘
736 2128 966 2192 ortum,
999 2128 1065 2180 et
1092 2116 1302 2181 vivere
1337 2117 1408 2180 in
1471 2114 1647 2180 ibera
1680 2119 1933 2182 civitate
1962 2119 2175 2196 sciam,
2208 2120 2479 2185 reticere
2520 2114 2815 2206 poaeim?

699 2210 720 2241 ‘
737 2200 814 2265 L.
837 2201 1018 2265 illum
1052 2202 1340 2267 Sextium
1371 2216 1438 2267 ct
1464 2202 1541 2267 C.
1564 2203 1909 2280 Licinium,
1932 2220 2273 2291 perpetuos
2294 2205 2378 2291 (si
2406 2206 2539 2269 diis
2570 2204 2809 2291 placet)

699 2296 720 2327 ‘
739 2288 1040 2365 tribunOS,
1088 2302 1336 2353 tantum
1379 2289 1671 2352 licentiae
1716 2312 1947 2353 novem
1990 2291 2191 2367 annis,
2232 2292 2467 2375 quibus
2508 2314 2547 2355 r
2764 2300 2805 2360 ἲ,

701 2380 722 2411 6
737 2375 1093 2460 sumpsisse,
1139 2386 1212 2438 ut
1259 2374 1437 2439 vobis
1484 2388 1724 2461 negent
1852 2388 2145 2441 testatem
2190 2376 2453 2441 liberam
2498 2400 2580 2442 su
2748 2372 2803 2446 '51

702 2468 722 2497 ‘
742 2482 876 2524 non
919 2460 986 2522 in
1023 2460 1313 2537 comitiiS,
1351 2483 1486 2525 non
1526 2461 1594 2523 in
1638 2460 1765 2547 legi
1810 2484 1884 2525 us
1922 2462 2237 2539 iubendi&
2274 2486 2343 2527 se
2388 2463 2803 2551 permiasuros

703 2555 723 2585 ‘
740 2547 922 2610 esse?
987 2546 1120 2611 Sub
1159 2547 1547 2622 conditione,
1576 2546 1808 2633 inquit,
1838 2570 1957 2611 nos
2000 2548 2297 2613 reficietis
2334 2549 2667 2614 decimum
2700 2543 2839 2609 tri-3

703 2640 724 2670 6
739 2632 961 2697 bunne.
1058 2632 1238 2708 Quid
1267 2646 1363 2697 est
1389 2632 1567 2696 aliud
1594 2632 1827 2709 dicere,
1860 2634 2035 2719 quod
2062 2647 2296 2721 petunt
2322 2635 2451 2713 alii,
2482 2656 2605 2699 nos
2643 2630 2833 2695 adem

703 2726 722 2757 6
744 2716 1116 2795 fastidimuS,
1149 2732 1223 2783 ut
1251 2719 1385 2783 sine
1423 2717 1716 2783 mercede
1748 2740 1979 2804 magna
2012 2742 2145 2784 non
2173 2720 2577 2807 accipiamus.
2676 2712 2797 2780 Sed

704 2812 725 2842 6
743 2825 906 2887 quae
927 2804 1186 2868 tandem
1205 2805 1324 2867 ista
1345 2826 1587 2869 merces
1608 2820 1721 2879 est,
1742 2828 1871 2890 qua
1886 2828 1997 2869 vos
2014 2828 2265 2893 semper
2288 2807 2579 2871 tribunos
2600 2800 2791 2891 plebis

705 2897 725 2926 6
741 2886 1130 2951 habeamus?
1175 2903 1247 2952 ut
1275 2891 1651 2975 rogationes,
1686 2890 1913 2975 inquit,
1944 2898 2211 2969 nostrae,
2238 2914 2351 2955 seu
2379 2892 2659 2978 placent,
2688 2906 2789 2951 seu

707 2982 726 3011 ‘
748 2969 1102 3069 displicent,
1137 2996 1250 3037 seu
1280 2974 1485 3046 utiles,
1518 2998 1629 3039 seu
1666 2976 1927 3040 inutiles
1954 2990 2122 3053 sunt,
2154 2999 2377 3041 omnes
2404 2972 2826 3041 coniunctim

707 3067 727 3097 ‘
747 3056 1085 3143 acmpiatiS.
1181 3058 1462 3149 Qbsecro
1495 3083 1627 3137 voe,
1662 3060 1999 3148 Tarquinii
2038 3064 2276 3127 tribuni
2314 3063 2540 3150 plebis,
2576 3065 2825 3150 putate6

707 3152 726 3184 6
743 3164 845 3207 me
893 3166 975 3209 ex
1025 3144 1240 3209 media
1281 3146 1586 3210 concione
1634 3169 1837 3210 unum
1888 3148 2091 3213 civem
2134 3148 2515 3213 succlamare
2534 3174 2553 3213 τ
2620 3146 2790 3211 Bona

769 3338 796 3373 ⁴2
832 3326 1005 3387 >Neque
1041 3340 1180 3386 nego,
1214 3342 1370 3388 neque
1407 3327 1596 3386 infitias
1630 3326 1712 3384 eo]
1782 3324 1876 3373 hoc
1898 3327 2031 3375 idem
2054 3332 2145 3386 est,
2166 3344 2225 3377 ac
2246 3328 2287 3377 ei
2308 3329 2527 3379 dicerent
2544 3336 2568 3381 ἓ
2620 3330 2783 3378 121·oeoe

705 3388 766 3437 cf.
791 3387 896 3437 Cic.
923 3389 1007 3437 Or.
1033 3388 1164 3436 Part.
1196 3404 1299 3437 102.
1327 3391 1481 3450 ipsam
1504 3391 1716 3449 myatio-
1782 3389 1863 3437 hie.
1886 3391 2091 3439 sustinet
2116 3391 2269 3439 vicem
2303 3395 2593 3443 nominativi
2620 3391 2777 3441 caden-

703 3468 814 3502 nem
857 3452 1290 3514 infitiationemque
1331 3454 1477 3512 sacti.
1564 3453 1717 3501 Haud
1782 3452 1844 3499 tis
1872 3452 1924 3500 in
1948 3456 2145 3501 verbum
2172 3463 2258 3503 est.
2322 3458 2519 3515 Dicere,
2550 3457 2674 3521 quod
2699 3450 2775 3500 ὥθ’

704 3515 804 3565 scio
830 3530 912 3575 an,
934 3514 1018 3577 qui
1039 3524 1204 3576 nepae,
1225 3530 1327 3562 rem
1361 3530 1458 3562 non
1489 3530 1610 3573 esee,
1633 3515 1716 3576 qui
1777 3524 1971 3576 petunt,
1988 3534 2075 3566 nos
2082 3520 2390 3578 fastidimus,
2406 3524 2527 3583 quid
2544 3520 2681 3569 atiud
2690 3514 2776 3565 at?

703 3580 972 3640 infitiatur,
1008 3592 1110 3626 rem
1154 3594 1252 3627 non
1291 3580 1363 3626 ita
1400 3593 1523 3638 esse,
1556 3580 1719 3627 dicere
1783 3579 1885 3627 aive
1916 3581 2047 3628 idem
2078 3587 2171 3642 eat,
2190 3584 2386 3645 supple,
2404 3590 2555 3646 atque
2582 3585 2633 3633 id
2660 3576 2773 3642 quod

708 3642 839 3689 velit.
1784 3642 1955 3691 dicunt
1976 3644 2173 3703 tribuni,
2186 3661 2289 3695 sese
2311 3649 2402 3695 sub
2424 3648 2695 3697 conditione
2713 3656 2771 3688 ro-

772 3718 800 3763 3
821 3704 922 3751 Sub
944 3705 1230 3763 conditione,
1250 3706 1436 3769 inquit]
1471 3706 1720 3755 Uterlibet
1786 3706 1864 3753 fici
1890 3708 2016 3754 velle
2039 3708 2286 3756 decimum
2307 3710 2539 3759 tribunos.
2571 3714 2718 3761 Cam*-

705 3781 736 3814 e
751 3764 955 3813 tribunis
971 3766 1132 3826 legum
1153 3768 1397 3815 latoribus.
1449 3770 1609 3831 Saepe
1625 3772 1719 3818 hoc
1850 3782 1877 3831 5
1900 3771 2135 3831 Inutiles]
2163 3773 2461 3822 Dmnnosae.
2508 3774 2589 3824 Sic
2604 3773 2699 3823 inst.
2712 3766 2765 3815 1'1'1·

705 3829 854 3877 modo
883 3831 1044 3891 inquit
1070 3830 1292 3877 absolute
1323 3832 1538 3892 ponitur,
1560 3840 1617 3881 ut
1646 3833 1717 3881 in-
1786 3848 1861 3895 33.
1895 3836 1979 3896 qui
2015 3852 2275 3885 censemus
2306 3840 2521 3899 privatis
2550 3836 2769 3889 {merdvffl

705 3892 955 3955 telligatur
971 3891 1174 3953 quilibet
1192 3894 1593 3945 contradicturus.
1638 3898 1719 3946 Sic
1784 3900 1991 3957 inutilis,
2005 3898 2055 3946 id
2073 3906 2165 3960 est,
2176 3900 2409 3949 exitiosus
2427 3910 2565 3953 esset.
2593 3902 2769 3958 cfisupl'·

705 3957 832 4005 infra
860 3956 953 4004 hoc
983 3956 1089 4018 ipso
1112 3970 1218 4018 cap.
1249 3959 1316 4006 Ut
1334 3960 1622 4020 royatimoes,
1643 3964 1716 4009 in·
1782 3974 1827 4009 v.
1846 3972 1893 4072 ἒ.
1929 3962 2089 4010 Cum.

703 4024 827 4085 quit,
848 4028 1038 4071 nostras
1058 4056 1070 4069 .
1090 4056 1103 4069 .
1123 4056 1134 4067 .
1157 4022 1411 4084 accipiatis
1425 4041 1441 4069 :
1473 4029 1523 4071 et
1540 4039 1718 4083 rursus,
1916 4026 2174 4087 Tarquinii
2210 4030 2397 4075 tribuni
2434 4030 2616 4089 plebis]
2661 4026 2766 4075 Con·

701 4090 838 4145 Non,
857 4087 1035 4149 inquit,
1054 4086 1226 4133 licebit.
1273 4086 1343 4133 Et
1362 4084 1471 4134 infr.
1490 4087 1653 4134 xxxiv.
1672 4102 1714 4149 3.
1780 4088 2013 4137 tumeliae
2036 4104 2184 4137 cauea
2208 4106 2300 4138 vox
2322 4093 2580 4154 Tarquinii
2600 4089 2770 4141 additur

710 4150 776 4199 Ut
810 4166 934 4211 auto
969 4157 1019 4199 et
1049 4166 1284 4213 purpura
1305 4152 1611 4212 sulyeamua,
1642 4153 1716 4199 in-
1780 4156 1838 4199 ut
1856 4166 1986 4213 supr.
2010 4150 2078 4200 iii.
2108 4168 2180 4217 19.
2215 4154 2277 4202 de
2308 4156 2611 4216 decemviris,
2636 4157 2767 4205 deam

703 4216 823 4273 qun.
855 4215 1020 4263 Cam.
1786 4216 2076 4279 Tarquinios
2097 4220 2439 4279 appellantem.

767 4293 798 4335 4
833 4278 964 4333 Quid
1004 4284 1074 4325 est
1115 4278 1257 4325 aliud
1293 4278 1479 4336 dicere]
1536 4276 1717 4327 Nonne
