3000 4784
722 234 846 297 276
1481 222 1707 289 T1T1
1772 222 2045 289 LIVII

669 414 681 429 .
723 376 742 405 ‘
764 368 926 432 sieut
983 364 1198 440 servis,
1251 362 1490 427 malum
1550 362 1903 425 minantem
1962 360 2269 425 militibus
2289 362 2319 423 ?
2394 374 2626 426 tamen
2696 360 2857 426 haec

669 478 683 493 ·
724 463 744 490 ‘
761 451 974 518 bellua
1001 450 1253 550 dignior
1281 448 1460 513 vobis
1489 460 1669 512 tauto
1698 446 1939 512 honore
1969 446 2309 524 videbitur,
2334 470 2533 534 quam
2558 450 2693 535 qui
2726 472 2855 525 vos,

724 548 744 579 ‘
765 538 920 603 urbe
971 558 1262 623 agrisque
1314 535 1603 611 donatos,
1651 534 1721 598 in
1764 533 2043 597 colonias
2086 533 2393 611 mittunt3
2450 535 2571 621 qui
2620 534 2860 599 sedem

723 634 745 663 ‘
766 624 1079 689 senectuti
1122 634 1364 687 vestrae
1408 621 1845 707 prospiciunt3
1892 620 2005 706 qui
2046 642 2165 706 pro
2205 620 2433 685 vestris
2476 622 2861 685 commodis

723 719 743 750 ‘
764 710 1064 775 adversus
1093 721 1222 772 tam
1251 706 1541 772 crudeles
1570 708 1998 793 superbosque
2022 706 2411 771 adversarios
2430 706 2857 807 depugnant.

724 805 744 835 ‘
767 796 1040 883 Incipite
1082 794 1318 858 deinde
1363 793 1597 869 irritari,
1628 814 1744 856 cur
1770 792 1957 879 pauci
1998 792 2125 857 iam
2164 804 2441 856 vestram
2480 792 2863 881 suscipiant

724 892 743 921 ‘
761 904 1031 947 causam.
1129 878 1308 955 Quid
1339 892 1412 944 ut
1439 902 1478 943 a
1504 878 1683 943 vobis
1722 880 2023 965 sperent?
2065 901 2145 942 an
2186 879 2479 955 honores,
2512 902 2699 967 quos
2744 880 2865 943 ad-

727 978 746 1007 ‘
763 968 1052 1033 versariis
1079 966 1302 1030 vestris
1329 966 1561 1052 potius,
1594 986 1786 1050 quam
1826 964 2047 1051 populi
2080 964 2357 1029 Romani
2396 984 2865 1053 propugnato-

725 1064 744 1093 ‘
766 1055 957 1130 ribus,
980 1053 1192 1117 datis?
1236 1052 1641 1138 Ingemuistis
1670 1050 1881 1127 modo,
1912 1072 2066 1115 voce
2096 1050 2287 1115 huius
2315 1050 2554 1115 audita.
2662 1052 2865 1127 Quid

726 1140 836 1204 ‘id
865 1140 1057 1205 refert
1071 1140 1102 1203 Ρ
1145 1137 1302 1216 Iam,
1333 1138 1386 1201 si
1415 1137 1782 1222 suffragium
1806 1136 2012 1213 detur,
2035 1137 2229 1214 hunc,
2256 1139 2369 1223 qui
2386 1137 2639 1201 malum
2662 1140 2865 1203 vobis

727 1234 749 1265 ‘
765 1226 1062 1302 minatur,
1087 1225 1182 1301 iis,
1207 1225 1319 1311 qui
1343 1246 1525 1309 agros
1546 1222 1855 1308 sedesque
1881 1244 1955 1287 ac
1976 1222 2259 1287 fortunas
2280 1223 2562 1288 stabilire
2587 1224 2861 1301 volunt,

729 1321 749 1352 ⁶
767 1312 1171 1400 praeferetis?

505 1410 609 1471 50.
813 1398 1068 1463 Pei-lata
1109 1398 1266 1461 haec
1309 1416 1435 1460 vox
1479 1395 1793 1495 Postumii
1836 1394 1920 1459 ad
1962 1395 2195 1461 milites
2240 1395 2441 1496 multo
2487 1397 2563 1459 in
2622 1398 2863 1463 castris

729 1484 1559 1654 {ffiffffoffigssssngffi
1587 1494 1839 1631 ‘2322
1884 1481 2538 1633 tfflffiffir
2632 1500 2861 1656 2ᾏῖἰὲ

726 1676 928 1742 quum
957 1654 1245 1718 fremitus
1288 1666 1504 1740 aperte
1544 1665 1730 1729 esset,
1762 1666 1829 1718 et
1868 1666 2165 1739 quaestor
2210 1653 2283 1718 P.
2322 1653 2565 1719 Sestius
2606 1658 2859 1721 eadem

725 1739 1028 1805 violentia
1055 1740 1332 1804 coerceri
1359 1752 1613 1825 putaret
1650 1740 2028 1803 seditionem
2058 1762 2259 1826 posse,
2292 1762 2421 1827 qua
2446 1754 2629 1807 mota
2656 1756 2853 1815 erat3

729 1826 918 1890 misso
949 1825 1032 1890 ad
1057 1826 1507 1889 vociferantem
1532 1825 1853 1911 quendam
1882 1826 2149 1889 militem
2178 1826 2416 1904 lictore,
2438 1850 2649 1913 quum
2686 1829 2855 1893 inde

727 1911 964 1977 clamor
993 1925 1060 1976 et
1098 1911 1373 1997 iurgium
1405 1912 1692 1988 oriretur,
1724 1932 1877 1975 saxo
1906 1912 2069 1975 ictus
2098 1914 2285 1977 turba
2312 1914 2610 1989 excedit3
2661 1916 2856 1979 insu—

726 2020 843 2085 per
870 1998 1258 2085 increpante,
1290 1998 1404 2083 qui
1431 1998 1887 2074 vulneraverat,
1921 1998 2183 2063 ‘habere
2208 2012 2633 2085 quaestorem,
2712 2000 2857 2066 uod

729 2084 1114 2171 ‘imperator
1155 2097 1320 2147 esset
1363 2083 1669 2147 militibus
1710 2084 2024 2147 mina-tus?
2112 2085 2225 2149 Ad
2265 2086 2437 2150 hunc
2482 2100 2673 2151 tumu
2704 2102 2855 2153 tum

727 2171 966 2235 accitus
993 2170 1358 2235 Postumius
1398 2169 1711 2257 asperiora
1740 2170 1953 2234 omnia
1980 2170 2132 2235 fecit
2170 2172 2409 2235 acerbis
2438 2175 2855 2259 quaestioni-

728 2258 866 2333 bus,
921 2257 1282 2321 crudelibus
1325 2255 1665 2343 suppliciis·
1758 2256 2087 2320 Postremo
2130 2278 2339 2343 quum
2386 2259 2653 2323 modum
2706 2262 2853 2324 irae

727 2342 978 2406 nullum
1017 2343 1270 2420 faceret,
1303 2343 1385 2405 ad
1425 2341 1939 2405 vociferationem
1986 2362 2225 2420 eorum,
2258 2365 2419 2430 quos
2456 2347 2673 2409 necari
2722 2348 2851 2411 sub
2870 2364 2897 2409 8

729 2440 900 2493 crate
929 2429 1211 2506 iusserat,
1243 2450 1554 2493 concursu
1580 2428 1765 2504 facte,
1791 2429 1925 2515 ipse
1947 2428 2029 2491 ad
2058 2429 2533 2516 interpellantes
2554 2452 2851 2518 poenam

403 2534 482 2582 Ab
495 2520 712 2581 exe'reitu
729 2538 946 2580 vecors
968 2515 1048 2579 de
1070 2516 1369 2580 tribunali
1390 2515 1685 2579 decurrit.
1763 2510 1862 2577 Ibi
1886 2536 2084 2602 quum
2110 2530 2579 2582 summoventes
2596 2521 2849 2617 passim

402 2596 649 2671 lapid-ibus
727 2602 980 2666 lictores
1009 2602 1541 2687 centurionesque
1582 2613 1889 2664 vexarent
1917 2603 2185 2679 turbam,
2207 2625 2283 2667 eo
2305 2603 2665 2689 indignatio
2686 2628 2850 2669 eru-
2963 2632 2964 2647 ¹

401 2660 697 2773 &sufflandum
728 2688 840 2774 pit,
873 2700 947 2751 ut
976 2688 1266 2751 tribunus
1295 2686 1571 2750 militum
1610 2688 1690 2751 ab
1720 2686 2005 2751 exercitu
2034 2708 2149 2751 suo
2188 2688 2504 2775 lapidibus
2544 2694 2851 2777 oooperi-
2963 2744 2964 2769 ÷

727 2786 916 2837 retur.
1014 2773 1209 2847 Quod
1240 2787 1368 2836 tam
1401 2788 1581 2836 atrox
1608 2772 1851 2836 facinus
1872 2786 2205 2862 postquam
2230 2788 2326 2838 est
2356 2776 2633 2840 Romam
2664 2800 2849 2841 nun·

727 2859 972 2933 tiatum,
1021 2858 1289 2921 tribunis
1341 2858 1615 2921 militum
1668 2858 1749 2922 de
1802 2872 2005 2923 morte
2052 2860 2329 2947 collegae
2380 2882 2496 2947 per
2537 2877 2849 2929 senatum
2963 2874 2964 2895 ³

773 2944 1130 3007 uaestiones
1187 2942 1695 3021 decernentibuS,
1758 2945 1995 3009 tribuni
2063 2945 2266 3032 plebis
2322 2946 2842 3016 intercedebant.
2963 3028 2964 3035 ἵ

727 2966 862 3093 ἓεᾶ
902 3050 980 3092 ea
1013 3029 1338 3092 contentio
1377 3050 1460 3092 ex
1506 3032 1849 3095 certamine
1894 3032 2017 3095 alio
2059 3032 2417 3118 pendebat3
2462 3034 2643 3120 quod
2682 3060 2849 3103 cura
2963 3046 2964 3083 ἐ

727 3114 1068 3179 incesserat
1099 3115 1336 3191 Patres,
1369 3138 1451 3179 ne
1482 3129 1654 3179 metu
1689 3118 2131 3203 quaestionum
2168 3119 2347 3206 plebs
2376 3120 2597 3207 iraque
2631 3122 2845 3187 tribu'-
2963 3118 2964 3125 ἵ

725 3222 846 3265 nos
873 3200 1148 3266 militum
1179 3222 1261 3264 ex
1281 3201 1469 3288 plebe
1499 3216 1773 3267 crearet:
1824 3204 2297 3292 tendebantque
2320 3226 2565 3270 summa
2588 3229 2739 3294 ope,
2768 3224 2845 3274 ut

727 3287 1018 3352 consules
1047 3302 1427 3353 crearentur.
1525 3287 1746 3362 Quum
1777 3291 2390 3355 senatusconsultum
2420 3292 2557 3357 fieri
2588 3294 2842 3359 tribuni

729 3372 934 3459 plebis
961 3396 1093 3438 non
1121 3386 1509 3461 paterentur,
1541 3374 1735 3438 iidem
1764 3375 2234 3441 intercederent
2262 3378 2697 3443 consularibus
2726 3404 2841 3446 co-

729 3460 942 3538 mitiis,
983 3480 1083 3525 res
1126 3461 1208 3525 ad
1243 3461 1675 3547 interregnum
1722 3462 1925 3525 rediit.
2021 3463 2311 3528 Victoria
2351 3464 2587 3529 deinde
2632 3488 2839 3552 penes

507 3546 610 3607 51.
729 3544 954 3611 Patres
979 3546 1118 3610 fuit.
1217 3545 1299 3623 Q.
1324 3547 1520 3611 Fabio
1550 3546 1871 3611 Vibulano
1900 3548 2213 3636 interrege
2244 3550 2501 3615 comitia
2528 3550 2835 3630 habente,

401 3629 474 3743 IAJ·
499 3630 556 3744 g·
581 3643 690 3754 {23-
730 3632 1024 3780 goplsgles
1061 3633 1256 3698 creati
1295 3645 1445 3697 sunt
1488 3634 1571 3697 A.
1611 3630 1950 3697 Cornelius
1998 3633 2253 3714 Cossus,
2296 3635 2373 3700 L.
2406 3635 2639 3701 Furius
2684 3638 2837 3705 Me-

449 3728 463 3742 ·
546 3728 558 3741 ⁰
677 3730 690 3743 ·
779 3738 818 3780 u
869 3718 883 3731 ⁰
939 3740 1026 3781 us.

401 3758 686 3879 ffissorffi-
818 3801 942 3865 His
986 3803 1348 3867 consulibus
1391 3805 1594 3891 princi
1641 3804 1705 3869 io
1745 3806 1897 3869 anni
1936 3808 2551 3873 senatusconsultum
2592 3809 2831 3876 factum

403 3885 475 3932 nio
497 3886 632 3935 00³⁵·
730 3900 845 3964 est,
897 3900 972 3951 ut
1021 3888 1102 3951 de
1151 3890 1524 3974 quaestione
1569 3828 2015 3957 ffostumianae
2068 3892 2278 3957 caedis
2332 3894 2570 3958 tribuni
2618 3896 2830 3982 primo

573 394 604 505 *UO

603 394 661 493 :t

799 4096 834 4143 8
864 4098 1049 4144 Neam-i
1081 4099 1170 4145 sub
1202 4100 1362 4157 crate]
1431 4098 1507 4147 Ut
1540 4112 1670 4159 supr.
1704 4097 1737 4147 i.
1799 4101 1923 4161 pom·
1956 4106 2104 4162 atque
2124 4116 2179 4149 eo
2202 4102 2388 4162 lapides
2421 4103 2605 4165 impone·
2638 4104 2829 4163 multus,

731 4171 805 4223 51.
874 4160 1114 4221 supplicii
1146 4176 1299 4223 genus
1327 4160 1739 4223 Carthaginiensi·
1804 4169 1863 4209 ue
1881 4178 1983 4212 sees
2005 4178 2158 4213 mose.
2224 4164 2463 4213 Similiter
2486 4180 2566 4227 ap.
2592 4164 2826 4226 Graecos,

729 4226 820 4272 bus
831 4223 1070 4285 imprimis
1084 4238 1173 4286 pro
1209 4224 1492 4287 rium‚quod
1512 4225 1561 4272 in
1580 4225 1743 4273 Plaut.
1810 4226 1941 4287 quod
1956 4226 2337 4286 καταποντισμδν
2350 4230 2823 4289 vocant,cs.Diodor.

731 4288 967 4336 Paenulo.
1000 4304 1044 4335 v.
1077 4302 1120 4336 α.
1189 4300 1234 4349 5,
1267 4288 1564 4350 descriptum
1600 4288 1746 4335 habe-
1812 4288 1908 4338 Sic.
1936 4290 2032 4337 xvi.
2061 4303 2135 4352 35.

728 4362 850 4396 mus.
907 4352 1010 4398 Sub
1031 4355 1202 4399 cratim
1225 4354 1301 4399 uti
1323 4354 1490 4400 itabens
1510 4368 1611 4400 sese
1631 4366 1744 4412 mp-
