3000 4784
826 226 1017 295 LIB.
1068 230 1148 296 V.

1216 230 1273 297 C
1290 232 1439 297 ΑΡ.
1488 238 1591 297 32.

2137 239 2262 297 323

122 365 576 443 4abdicaaeent,
616 369 899 433 interrex
944 383 1195 433 creatur
1244 368 1340 432 M.
1371 368 1598 433 Furius
1637 368 1982 445 Camillus;
2029 371 2143 457 qui
2184 372 2255 435 P.
2283 388 2348 436 U.
2373 389 2432 436 c,
2457 388 2567 451 363·

162 452 537 517 Cornelium
602 453 989 541 Scipionem,
1049 456 1103 519 is
1152 454 1387 519 deinde
1442 454 1519 519 L.
1577 454 1910 522 Valerium
1971 456 2258 522 Potitum
2277 452 2338 501 A.
2373 452 2431 502 C·
2457 454 2568 516 389·

154 538 541 626 interregem
600 541 899 627 prodidit.

992 542 1102 605 Ab
1148 564 1227 606 eo
1273 542 1469 606 creati
1521 564 1632 606 sex
1681 542 1924 607 tribuni
1981 542 2259 608 militum

152 625 463 691 consulari
487 640 840 713 potestate3
890 640 981 704 ut,
1006 628 1253 693 etiamsi
1274 628 1381 691 cui
1410 651 1633 693 eorum
1663 629 2067 694 incommoda
2087 628 2257 695 vale-

118 712 301 779 studo
330 713 581 791 fuisset,
600 715 785 801 copia
811 715 1295 801 magistratuum
1317 714 1702 801 reipublicae
1733 729 1914 781 esset.
2011 716 2256 781 Kalen-

2379 720 2484 781 32.

148 797 241 861 dis
289 799 701 874 Quintilibus
754 823 819 864 m
904 801 1189 865 istratum
1242 824 1546 888 occepere
1600 801 1676 866 L.
1706 802 2064 881 Lucretius,
2118 803 2250 868 Ser.
2274 802 2342 852 U·
2367 804 2426 852 C·
2453 802 2562 865 364·

152 882 487 971 Sulpicius,
538 885 633 951 Μ.
663 886 765 951 Ae
836 888 851 900 ”
884 888 999 965 ‘us‚
1052 886 1128 951 L
1164 886 1393 951 Furius
1445 887 1843 953 Medullinus
1889 912 1956 953 se
2003 890 2250 991 timum,

150 970 435 1123 Atgrgppa
472 972 723 1049 FuriuS,
760 972 839 1038 C.
868 974 1185 1038 Aemilius
1223 974 1473 1039 iterum.
1568 974 1671 1037 Ex
1707 974 1808 1039 his
1845 974 1919 1039 L.

146 1079 179 1119 e
327 1107 344 1122 .

2007 998 2156 1041 uere
2162 992 2252 1041 ΠΟ

2273 867 2333 914 Δ.
2367 868 2426 917 C.
2452 870 2562 930 388.

2272 930 2328 979 1..
2335 930 2582 993 Lucretio,

2269 1001 2362 1044 etc.
2373 995 2456 1044 Tr.
2467 995 2582 1045 Mil.

283 1144 297 1157 .
372 1058 668 1160 Aemilip
715 1059 1153 1161 Volsinienses
1196 1060 1524 1161 provincia
1581 1060 1828 1125 evenit:
1897 1061 2251 1161 Salpinates
2269 1058 2548 1134 Volsinien-

114 1144 473 1232 SAgrippae
496 1146 693 1211 Funo
709 1159 777 1211 et
810 1146 942 1211 Ser.
974 1146 1272 1234 Sulpielo.
1366 1147 1554 1210 Pnus
1575 1169 1724 1211 cum
1742 1146 2248 1213 Volsiniensibus

184 1246 495 1315 ugnatum
528 1246 641 1297 est.
736 1232 991 1297 Bellum
1020 1256 1289 1298 numero
1318 1233 1598 1297 hostium
1627 1234 1872 1319 ingens,
1903 1235 2246 1299 certamine

142 1251 307 1381 fiand
355 1341 514 1383 sane
562 1342 857 1407 asperum
908 1319 1045 1383 fuit.

1140 1318 1306 1383 Fusa
1351 1341 1666 1383 concursu

1757 1320 1918 1383 rimo
1964 1320 2130 1385 acies
2175 1321 2246 1384 in

142 1400 383 1488 fugam:
460 1406 663 1471 millia
720 1419 865 1471 octo
924 1419 1309 1469 armatorum
1368 1406 1447 1470 ab
1507 1406 1708 1491 equiti
1755 1427 1830 1469 us
1886 1406 2245 1483 interclusa,

142 1489 355 1573 positis
404 1493 625 1569 armis,
676 1492 745 1557 in
797 1492 1195 1557 deditionem
1248 1503 1579 1556 venerunt.

1673 1491 1830 1556 Eius
1879 1491 2028 1556 belli
2079 1492 2250 1557 fama

142 1574 365 1653 effecit,
410 1601 498 1642 ne
546 1602 615 1643 se
659 1600 912 1666 pugnae
958 1578 1428 1643 committerent
1475 1577 1864 1665 Salpinates:
1913 1580 2246 1645 moenibus

142 1664 359 1727 armati
376 1686 447 1729 se
468 1666 859 1730 tutabantur.
919 1663 1195 1729 Romani
1213 1664 1479 1751 praedas
1496 1665 1727 1764 passim
1746 1678 1814 1729 et
1829 1688 1912 1729 ex
1936 1663 2246 1753 Salpinati

142 1767 305 1833 ΕΒΓΘ,
344 1764 412 1816 et
458 1774 547 1817 ex
591 1751 1001 1828 Volsiniensi,
1046 1750 1225 1815 nullo
1270 1774 1411 1815 eam
1454 1774 1585 1815 vim
1630 1764 1905 1829 arcente,
1937 1765 2238 1839 egerunt:

140 1831 340 1899 donec
402 1837 919 1903 Volsiniensibus
976 1837 1153 1903 fessis
1210 1836 1379 1901 bello
1438 1860 1516 1901 ea
1572 1838 1960 1915 conditione,
2015 1852 2088 1903 ut
2145 1862 2244 1904 res

143 1922 373 2006 populo
408 1924 709 1989 Romano
754 1924 1115 2000 redderent,
1146 1924 1664 2011 stipendiumque
1695 1925 1832 1989 eius
1872 1926 2022 1989 anni
2059 1948 2252 1991 exer-0

140 2005 288 2071 citui
366 2022 739 2085 raestarent‚
772 2010 841 2073 in
872 2010 1097 2097 viginti
1138 2032 1338 2075 annos
1366 2010 1653 2075 indutiae
1697 2010 1899 2075 datae.
1993 2011 2242 2077 Eodem
2263 2028 2378 2077 Vox
2399 2030 2521 2079 divi-

142 2114 303 2157 anno
384 2097 437 2161 1.
472 2096 816 2161 Caedicius
844 2096 926 2160 de
957 2096 1143 2183 plebe
1176 2096 1495 2161 nuntiavit
1535 2097 1824 2173 tribuniS,
1855 2120 1921 2161 se
1955 2097 2024 2161 in
2054 2097 2244 2163 Nova
2257 2092 2391 2142 nitu.
2411 2094 2559 2144 ”²³³⁸

106 2178 253 2255 rvia,
304 2184 412 2247 ubi
472 2206 646 2247 nunc
692 2182 993 2247 sacellum
1040 2196 1154 2259 est,
1204 2205 1395 2269 supra
1440 2182 1666 2246 aedem
1713 2182 1970 2259 Vestae,
2019 2205 2241 2249 vocem

142 2267 335 2331 noctis
352 2270 613 2335 silentio
635 2268 883 2333 audisse
906 2269 1234 2333 clariorem
1256 2268 1556 2345 humana,
1589 2291 1751 2354 quae
1777 2269 2242 2355 magistratibus
2259 2289 2329 2331 tu.

143 2348 262 2415 dici
290 2354 564 2433 iuberet,
600 2355 821 2420 Gallos
859 2356 1219 2419 adventare.

1312 2354 1409 2431 Id,
1444 2369 1518 2417 ut
1547 2355 1639 2432 fit,
1671 2368 1928 2441 propter
1969 2356 2240 2421 auctoris

143 2432 565 2507 humilitatem
608 2455 910 2528 spretum,
956 2455 1022 2506 et
1064 2440 1241 2527 quod
1282 2439 1652 2526 longinqua,
1699 2462 1906 2526 eoque
1943 2442 2238 2526 ignotior,

142 2540 291 2605 gens
330 2543 485 2594 erat.
580 2528 813 2613 Neque
861 2527 1130 2593 deorum
1178 2526 1369 2590 modo
1404 2526 1668 2603 monita,
1709 2526 2046 2612 ingruente
2086 2528 2236 2605 fato,
2255 2538 2500 2589 Camillus

144 2624 377 2755 ῗπεως
424 2615 543 2679 sed
594 2614 937 2679 humanam
985 2635 1245 2700 quoque
1286 2635 1325 2677 o
1410 2635 1493 2689 m,
1514 2635 1708 2711 ‘quae

194 2697 399 2765 urium
444 2702 526 2765 ab
570 2700 727 2765 urbe
772 2722 1097 2765 amovere:

1761 2635 1892 2677 una
1936 2626 2088 2690 erat,
2141 2612 2236 2679 M.

1192 2700 1281 2775 ui,
1359 2698 1419 2763 ie
1463 2698 1638 2763 dieta
1679 2700 1760 2763 ab
1807 2697 1883 2762 L.
1913 2698 2240 2787 Appuleio

146 2780 391 2853 tribuno
436 2787 643 2874 plebis
684 2800 944 2887 propter
984 2808 1135 2873 prae
1182 2808 1285 2849 am
1322 2784 1769 2863 Veientanam,
1801 2785 1934 2887 filio
2023 2810 2236 2873 uoque

144 2864 535 2973 adolescente
566 2896 681 2973 per
696 2873 871 2973 idem
902 2884 1153 2959 tempus
1182 2873 1456 2951 orbata&
1480 2896 1702 2973 quum,
1725 2885 1943 2937 accltls
2019 2896 2236 2938 omum

104 2956 473 3025 stnbuhbus
503 2960 987 3045 clientibusque,
1018 2960 1281 3047 (magna
1318 2982 1461 3045 pars
1489 2958 1692 3045 plebis
1733 2960 1898 3045 erat)
1927 2982 2236 3047 percunc-

167 3293 176 3303 ,
202 3251 230 3293 4
259 3238 322 3286 Sc
342 3240 673 3300 abdicassent]
712 3240 926 3289 Causam
955 3237 1148 3287 abdica-

144 3298 280 3347 tionis
313 3302 551 3351 veriorem
586 3302 733 3351 fuisse
770 3301 975 3351 Niebhr.
1012 3302 1061 3351 ii.
1100 3316 1147 3363 p.

142 3366 517 3479 zffissssssz‘
544 3366 735 3479 “lgm
759 3365 1148 3477 ffiffifflffi

144 3487 219 3545 ‘lui
251 3494 456 3543 navibus
492 3446 573 3543 {dl
593 3446 780 3557 Pyygcos
816 3464 1151 3549 descenderat:

143 3555 281 3622 thue
306 3558 483 3607 aedem
506 3558 732 3607 Matutae
754 3556 932 3607 Matris
950 3555 1147 3606 sanctis-

142 3626 305 3668 simam
340 3622 554 3671 flammis
579 3628 867 3671 vastaverat.
911 3622 973 3669 cf.
997 3620 1147 3670 Diod.

144 3690 306 3796 ἕως.
334 3684 1147 3799 ffisfflrszzffifflsffis

146 3810 417 3881 magistratu
450 3828 539 3874 per
568 3784 1041 3861 senatusconsultum
1068 3827 1145 3860 co-

146 3878 235 3918 ²0t1
254 3882 379 3925 sunt.

212 3951 238 3997 5
272 3941 511 3990 Kalendis
540 3942 867 4001 Quintilibus]
909 3940 969 3987 cs.
1002 3939 1144 4001 Supr.

146 4008 188 4055 9·
224 3998 468 4053 Nimirum
480 4004 726 4053 abdicatio
743 4004 999 4053 consulum
1014 4002 1147 4061 fecit,

148 4064 203 4133 ut·
232 4067 462 4117 maturius
494 4066 831 4130 magistratum
867 4067 1147 4129 occiperent

148 4124 317 4179 tnbuni
338 4131 569 4180 militum.

205 4188 233 4237 6
266 4196 385 4243 (ἔειπε
416 4196 818 4255 Volsiniensibus]
860 4194 973 4243 Hoc
994 4193 1149 4256 magis

150 4260 228 4307 1)ῒο
260 4256 531 4312 Niebuhr-io
553 4274 703 4320 quam
733 4258 984 4309 Cramerio
1012 4256 1144 4307 flacit.

150 4312 205 4362 cf·
226 4332 327 4383 cap.
356 4323 581 4385 praeced.
604 4322 835 4395 quoniam
864 4322 952 4371 ille
986 4320 1143 4383 Salpi-

150 4386 983 4499 'zrffifflsffmssaexffiu
997 4399 1145 4506 2²:1¹1:

1216 3236 1297 3286 hic
1334 3253 1449 3285 vero
1484 3236 1711 3299 proprius
1751 3238 1992 3285 Romam:
2031 3238 2164 3299 quod
2193 3238 2232 3285 si

1216 3301 1361 3349 huius
1393 3300 1673 3349 coniectura
1706 3300 1862 3349 verior
1890 3300 1970 3359 sit,
1991 3316 2024 3348 a
2050 3301 2231 3350 Roma-

1216 3364 1292 3412 nis
1344 3364 1618 3425 legionibus
1661 3364 1920 3426 Salpinum
1971 3364 2105 3425 prius
2147 3381 2231 3426 op-

1218 3428 1536 3489 pugnandum
1559 3428 1708 3475 fuisse
1731 3428 1938 3476 videtur.

1283 3504 1308 3553 7
1352 3492 1518 3541 Vocem
1549 3492 1702 3540 noctis
1733 3493 1950 3551 cilentio]
1991 3492 2142 3541 Plura
2170 3492 2230 3540 si-

1214 3553 1343 3605 milis
1396 3554 1753 3619 superstitionis
1807 3556 2038 3617 exempla
2095 3558 2230 3617 apud

1215 3624 1399 3668 veteres
1415 3624 1465 3667 et
1486 3618 1747 3668 hodiernos
1767 3618 2024 3681 scriptores
2042 3626 2229 3669 extant.

1218 3684 1277 3731 In
1318 3683 1517 3733 Corsica
1553 3682 1730 3742 insula,
1772 3682 2068 3745 interempto
2102 3684 2229 3735 duce

1213 3748 1425 3809 quodam
1464 3747 1732 3810 praeclaro,
1765 3747 1849 3809 qui
1878 3749 1948 3797 Le
1973 3750 2068 3798 Bel
2093 3750 2226 3798 Mes-

1211 3828 1291 3860 εον
1312 3811 1476 3861 seculo
1500 3809 1692 3859 decimo
1717 3812 2000 3874 appellatus
2031 3817 2122 3873 est,
2147 3830 2226 3861 vo-

1213 3889 1319 3923 cem
1338 3875 1588 3923 clariorem
1611 3874 1828 3924 humana
1844 3876 2062 3925 auditam
2079 3876 2228 3925 fuisse

1212 3944 1526 3998 memoratur,
1555 3946 1610 3988 ut
1634 3939 1863 3988 Valerius
1895 3940 2077 3999 scribit,
2099 3954 2226 4001 quse

1212 4002 1414 4063 diceret,
1450 4004 1546 4053 Bel
1573 4004 1766 4053 Memo-
1801 4011 1872 4053 σει
1905 4009 2028 4052 mort
2046 4022 2061 4049 :
2105 4004 2223 4050 mal—

1211 4068 1449 4117 heureme
1470 4068 1632 4126 Gor-se,
1661 4070 1880 4130 n'espere
1907 4068 2024 4127 plus
2055 4081 2226 4113 aucun

1275 4195 1305 4243 8
1340 4194 1702 4257 clientibusque
1734 4190 1938 4255 (magma
1966 4207 2089 4253 pars
2121 4192 2222 4253 ple-

1210 4260 1283 4306 bis
1303 4264 1412 4307 erat
1441 4260 1463 4317 ]
1514 4256 1807 4319 Saepissime
1833 4254 2090 4303 relativum
2113 4269 2224 4315 sup-

1210 4321 1377 4383 primit
1450 4320 1592 4378 'vius,
1618 4326 1673 4368 ut
1705 4318 1814 4367 infr.
1851 4330 1926 4380 35.
1967 4320 2063 4367 Ubi
2095 4318 2228 4367 hemo

1210 4386 1389 4433 Bria-ia
1416 4400 1475 4432 ao
1519 4384 1708 4431 Verona
1739 4382 1882 4430 urbes
1915 4387 2051 4439 sum,
2078 4378 2227 4443 (locos

1211 4456 1410 4497 tenuere
1431 4442 1604 4505 Libui)
1625 4444 1897 4499 considunt,
1919 4448 1969 4491 et
1993 4442 2186 4504 passim.

1777 4510 1891 4567 Y2

2267 1138 2344 1171 ses
2365 1130 2498 1173 vicu.

2258 2158 2320 2205 de
2344 2156 2514 2207 Gallo-

2257 2235 2366 2269 rum
2387 2222 2566 2271 adven-

2254 2610 2513 2653 accusatus

2253 2666 2306 2715 in
2330 2668 2558 2717 exsilium

2252 2730 2374 2780 abit.
