3000 4784
746 232 871 297 278
1515 227 1738 294 ΤΙΤΙ
1801 226 2073 304 L1V11

427 374 488 422 U.
512 373 571 422 C.
597 386 707 434 344·
748 362 843 427 M.
877 362 1133 450 Papirio
1189 362 1506 440 Atratin0,
1557 364 1636 428 C.
1673 362 1917 429 Nautio
1963 363 2188 429 Rutilo
2231 362 2628 427 consulibus,
2731 362 2896 425 Iam6

418 437 479 549 ᾗ·
514 438 713 547 33⁴3?ss
746 450 960 527 fames,
1010 472 1202 535 quam
1262 449 1641 536 pestilentia,
1691 451 1929 516 tristior
1979 462 2146 515 crat:
2211 449 2300 527 ni,
2355 449 2642 513 dimissis
2699 451 2858 512 cirea

418 516 685 613 chauitio
715 535 731 560 ’
748 558 967 599 omnes
994 534 1263 623 populos
1293 536 1534 623 legatiS,
1560 536 1674 622 qui
1706 535 2047 600 Etruscum
2071 558 2260 611 mare,
2287 536 2531 621 quique
2564 535 2860 599 Tiberim
2916 576 2917 579 =

419 628 567 701 Coss..
748 621 1059 698 accolunt,
1106 621 1189 686 ad
1238 622 1629 689 frumentum
1675 623 2106 699 mercandum,
2151 644 2444 686 annonae
2489 622 2670 686 foret
2721 624 2862 684 sub-

418 691 611 816 §1⁹:1¹3ss
746 720 1027 772 ventum.
1122 707 1405 795 Superbe
1452 711 1532 773 ab
1583 707 1988 786 Samnitibus,
2035 709 2147 809 qui
2193 707 2486 794 Capuam
2535 708 2860 772 habebant

612 790 626 803 “
752 793 923 875 Cum
1038 816 1139 870 ue,
1170 794 1231 858 le
1314 794 1364 858 ti
1401 794 1708 881 prohibiti
1737 816 2114 859 commercio
2151 808 2334 857 sunt:
2383 806 2614 858 contra
2643 816 2732 857 ea
2759 795 2862 857 be-

749 880 943 967 nigne
975 904 1012 944 a
1100 816 1455 944 Sicqurum
1487 893 1515 944 t
1591 880 1773 945 annis
1801 880 2019 945 adiuti.
2049 882 2060 891 ’
2111 880 2432 944 Maximos
2459 894 2898 949 commeatus:

750 988 997 1030 summo
1047 965 1339 1031 Etruriae
1386 979 1487 1031 stu
1538 967 1598 1030 'o
1645 966 1899 1031 Tiberis
1939 966 2211 1031 devexit.
2307 965 2754 1031 Solitudinem
2795 968 2858 1029 in
2918 1012 2919 1017 η

751 1052 1004 1117 civitate
1044 1074 1233 1139 aegra
1274 1054 1522 1139 experti
1565 1052 1855 1118 consules
1897 1066 2080 1117 sunt:
2129 1073 2347 1139 quum,
2383 1054 2456 1116 in
2499 1052 2860 1138 legationes

752 1161 883 1203 non
913 1138 1056 1225 plus
1086 1137 1349 1225 singulis
1378 1140 1772 1204 senatoribus
1800 1139 2214 1215 invenientes,
2245 1139 2448 1202 coacti
2487 1152 2652 1202 sunt
2685 1140 2860 1202 binos

752 1226 1000 1311 equites
1028 1224 1317 1289 adiicere.
1408 1224 1865 1327 Praeterquam
1900 1226 1980 1289 ab
2009 1225 2228 1288 morbo
2265 1246 2664 1311 annonaque
2705 1225 2860 1287 nihil

754 1332 832 1375 eo
860 1311 1121 1375 biennio
1150 1311 1435 1375 intestini
1466 1324 1794 1376 externive.
1817 1309 2202 1376 incommodi
2231 1309 2370 1374 fuit.
2467 1314 2568 1375 At
2597 1311 2716 1374 ubi
2749 1310 2860 1373 hae

754 1396 1211 1462 sollicitudines
1250 1396 1612 1475 discessere,
1659 1398 1891 1473 omnia,
1937 1396 2168 1484 quibus
2207 1396 2448 1461 turbari
2489 1396 2693 1461 solita
2733 1410 2862 1460 erat

756 1483 991 1561 civitas,
1022 1482 1198 1547 domi
1226 1482 1561 1560 discordia,
1591 1482 1742 1549 foris
1769 1482 2008 1548 bellum
2039 1494 2345 1547 exortum.

532 1576 636 1635 53.
844 1567 957 1633 Μ’.
986 1568 1281 1645 Aemilio,
1316 1567 1395 1633 C.
1421 1568 1684 1635 Valerio
1711 1568 1928 1633 Potito
1957 1568 2340 1645 consulibua,
2369 1568 2620 1634 bellum
2645 1568 2862 1656 Aequi

434 1656 499 1706 U·
524 1657 582 1706 C·
607 1670 716 1720 345·
756 1656 1094 1741 parabant:
1147 1654 1411 1733 Volscis,
1445 1678 1811 1755 quanquam
1853 1678 1984 1720 non
2021 1654 2279 1742 publico
2319 1655 2614 1733 consilio,
2643 1678 2862 1743 capes-

428 1721 587 1831 }iagt
606 1733 717 1833 fg·
756 1742 1039 1805 sentibus
1082 1764 1271 1818 arma,
1316 1741 1688 1805 voluntariis
1731 1741 2024 1806 mercede
2067 1742 2296 1805 secutis
2339 1741 2660 1806 militiam.
2761 1741 2862 1805 Ad

428 1846 584 1906 milio,
607 1848 666 1897 c.
758 1848 1031 1913 quorum
1059 1826 1291 1890 famam
1322 1827 1602 1891 hostium
1631 1827 1788 1915 (iam
1819 1826 1992 1891 enim
2021 1828 2090 1891 in
2130 1826 2432 1891 Latinum
2465 1826 2864 1893 Hernicum-

430 1910 634 1959 Valerio
756 1936 882 1999 que
930 1912 1445 1977 transcenderant
1489 1914 1742 1999 agr-mn)
1777 1913 2094 1978 delectum
2140 1912 2480 1977 habentem
2529 1912 2864 1978 Valerium
2922 1921 2923 1927 ’

430 2037 633 2085 Beuum
757 1998 1082 2062 consulem
1124 1998 1219 2063 M.
1256 1998 1554 2063 Maenius
1594 2000 1885 2064 tribunus
1923 1998 2145 2086 plebis,
2177 1998 2334 2086 legis
2363 2000 2652 2086 agrariae
2681 1999 2861 2075 lator,
2877 2014 2902 2057 3

430 2116 543 2177 curn
566 2102 661 2151 Ae-
758 2106 958 2172 quum
1004 2085 1361 2172 impediret,
1412 2084 1778 2173 auxilioque
1827 2085 2064 2151 tribuni
2123 2107 2314 2150 nemo
2363 2086 2610 2149 invitus
2659 2107 2900 2153 sacra-9

429 2180 551 2228 ‘1¹¹¹‘-
757 2184 975 2235 mento
1014 2170 1289 2247 diceret3
1336 2186 1600 2257 repente
1643 2172 1992 2249 nuntiatur,
2025 2193 2234 2236 arcem
2267 2170 2754 2237 Carventanam
2791 2174 2862 2235 ab

755 2258 1043 2321 hostibus
1099 2270 1469 2344 occupatam
1529 2280 1683 2322 esse.
1777 2257 1876 2321 Ea
1931 2257 2280 2344 ignominia
2335 2280 2485 2322 acce
2662 2281 2862 2344 quum

758 2343 930 2430 apud
959 2344 1179 2407 Patres
1206 2343 1483 2407 invidiae
1517 2342 1783 2408 Maenio
1811 2343 1953 2419 fuit,
1986 2356 2122 2407 tum
2151 2344 2378 2407 ceteris
2405 2344 2491 2407 tri
2535 2346 2710 2421 unis,
2741 2346 2862 2408 iam

758 2442 907 2494 aute
964 2430 1347 2516 praeparatis
1414 2430 1932 2494 intercessoribus
1989 2427 2146 2516 legis
2204 2430 2503 2515 agrariae,
2567 2432 2862 2517 praebuit

760 2516 1083 2579 iustiorem
1112 2538 1363 2581 causam
1393 2515 1727 2579 resistendi
1749 2513 2046 2602 collegae.
2131 2514 2230 2579 Ita
2275 2538 2356 2579 ue
2385 2538 2596 2601 quum
2627 2538 2731 2580 res
2753 2517 2860 2579 diu

759 2602 952 2666 ducta
980 2624 1097 2701 per
1124 2601 1599 2665 altercationem
1629 2614 1811 2678 esset,
1843 2600 2206 2665 consulibus
2281 2624 2390 2665 eos
2435 2600 2860 2689 hominesque

764 2690 1155 2763 testantibuS,
1191 2696 1210 2725 ‘
1228 2688 1533 2774 quicquid
1559 2688 1638 2751 ab
1669 2686 1955 2751 hostibus
1983 2686 2178 2751 cladis
2207 2687 2738 2774 ignominiaeque
2759 2702 2860 2751 aut

764 2774 927 2837 ‘iam
950 2786 1277 2859 acceptum
1298 2786 1482 2851 esset,
1503 2786 1614 2837 aut
1633 2772 2012 2849 immineret,
2033 2772 2284 2859 culpam
2306 2796 2504 2860 penes
2523 2772 2860 2838 Maeuium

765 2860 954 2934 ‘for-e,
987 2859 1099 2943 qui
1128 2858 1447 2923 delectum
1476 2858 1816 2946 impediret
1833 2858 1872 2933 3’
1917 2856 2180 2923 Maenio
2209 2873 2430 2923 contra
2450 2859 2860 2935 vociferante,

767 2954 785 2983 ‘
804 2945 855 3005 si
913 2943 1131 3007 iniusti
1184 2944 1427 3007 domini
1484 2944 1876 3030 possessione
1929 2944 2064 3031 agri
2121 2942 2360 3030 publici
2417 2945 2754 3023 oederent,
2801 2970 2860 3009 se

767 3038 786 3067 ⁶
804 3050 1046 3091 moram
1088 3028 1365 3092 delectui
1402 3052 1532 3093 non
1578 3030 1784 3094 facere
1806 3032 1845 3106 ς’
1889 3029 2148 3094 decreto
2191 3030 2587 3117 interposito,
2637 3055 2858 3097 novem

766 3115 1003 3180 tribuni
1034 3114 1425 3178 sustulerunt
1459 3130 1821 3192 certamem
1867 3115 2570 3205 pronuntiaveruntque
2615 3140 2704 3182 ex
2741 3118 2859 3183 col-

764 3202 913 3289 legii
950 3202 1284 3278 sententia,
1329 3210 1348 3239 ‘
1371 3199 1449 3266 C.
1484 3202 1748 3267 Valerio
1787 3202 2030 3266 consuli
2071 3224 2157 3279 se,
2187 3202 2496 3266 damnum
2547 3202 2886 3291 aliamque1

767 3298 787 3326 ‘
804 3288 1272 3363 coercitionem,
1318 3288 1618 3352 adversus
1661 3288 2175 3352 intercessionem
2225 3287 2530 3375 collegae,
2577 3289 2856 3355 delectus

766 3384 785 3413 ‘
804 3398 993 3438 causa
1038 3374 1538 3438 detrectantibus
1585 3370 1873 3439 militiam
1935 3374 2269 3450 inhibenti,
2325 3374 2568 3439 auxilio
2623 3376 2856 3441 futuros

767 3471 786 3499 ‘
804 3461 977 3528 esse.’
1044 3459 1191 3527 Hoc
1208 3459 1467 3529 decreto
1489 3459 1712 3527 consul
1740 3472 2015 3525 armatus
2044 3482 2244 3550 quum
2271 3462 2514 3550 pauci&
2538 3464 2854 3550 appellan-

828 3650 859 3698 6
892 3652 969 3697 M.
998 3652 1201 3712 Papirio
1220 3654 1479 3712 Atratino]
1513 3654 1780 3702 Atratinus
1845 3652 2396 3714 Niebhr.ii.n.1334.ut
2411 3652 2524 3703 infr.
2546 3654 2611 3703 vi.
2641 3671 2716 3719 ¹9-
2735 3658 2852 3703 Mne—

765 3727 1033 3773 cognomen
1085 3713 1179 3762 fuit
1222 3716 1638 3775 Semprmiorum,
1681 3731 1778 3764 non
1843 3719 1960 3765 nius
1981 3717 2163 3779 Sigonii
2188 3716 2470 3765 coniectum
2489 3718 2690 3769 nititur.

768 3774 1087 3835 Papiriorum.
1158 3778 1333 3837 Itaque
1366 3777 1487 3825 illud
1515 3780 1780 3829 delendum
1909 3795 1940 3843 9
1972 3782 2269 3855 Aua-ilioque
2300 3782 2520 3841 tribuunt]
2569 3798 2640 3832 sc.
2667 3786 2768 3832 Sub
2787 3784 2854 3831 tri-

765 3838 859 3887 hoc
883 3839 991 3885 loco
1015 3845 1143 3887 recte
1166 3846 1333 3887 monet
1351 3840 1587 3902 Sigonius.
1617 3844 1776 3893 Casv.
1842 3844 1960 3891 buni
1984 3844 2224 3907 praesidio
2246 3859 2409 3903 nemo,
2432 3846 2518 3906 qui
2549 3848 2730 3906 nollet,
2751 3848 2853 3895 iure—

792 3964 803 3975 ·
834 3914 859 3963 7
892 3904 1167 3951 Siculorum
1200 3905 1449 3964 tyrannis]
1500 3920 1567 3954 sc.
1592 3906 1778 3969 Diony·
1841 3906 2048 3956 iurando
2069 3923 2120 3957 se
2143 3908 2462 3969 obstringeret
2484 3910 2718 3959 militiae.

765 3980 836 4011 sno
870 3966 1217 4037 Syracusarum
1244 3972 1469 4029 tyranne,
1490 3984 1643 4031 quum
1672 3970 1779 4019 nul·
1915 3986 1934 4021 1
1972 3973 2248 4032 Damnum]
2286 3973 2542 4020 Damnum
2576 3975 2777 4037 proprie
2801 3974 2854 4020 τί-

766 4028 803 4077 li
839 4028 926 4077 alii
965 4029 1016 4076 in
1058 4030 1317 4079 maritimis
1354 4030 1547 4093 oppidis
1583 4034 1774 4083 tvrauni
1840 4035 1983 4083 detur
2015 4034 2224 4096 intelligi
2253 4036 2316 4083 de
2349 4050 2426 4095 eo,
2457 4038 2596 4097 quod
2631 4037 2854 4087 iacttuam

766 4092 860 4165 3200
881 4098 1101 4155 tempore
1118 4093 1169 4141 in
1186 4093 1353 4142 Sicilia
1368 4103 1544 4145 essent.
1569 4084 1776 4147 Niebhr.
1840 4099 2056 4160 aliquam
2089 4098 2157 4147 rei
2189 4098 2444 4147 familiaris
2471 4100 2732 4162 importet.
2777 4102 2856 4148 via.

764 4156 813 4204 ii.
836 4172 886 4207 n.
913 4170 1017 4206 200.
1054 4158 1113 4204 cf.
1139 4172 1268 4219 supr.
1291 4158 1339 4205 ii.
1366 4173 1441 4221 34.
1841 4160 1950 4211 infr.
1981 4162 2058 4212 vii.
2083 4180 2128 4224 4.
2171 4164 2426 4210 Damnum
2459 4164 2714 4215 inb-‘hensa'
2746 4168 2791 4213 h.
2821 4184 2854 4211 e.

836 4220 867 4267 8
898 4221 977 4267 Μ.
1004 4222 1267 4279 Maenius]
1339 4223 1437 4270 Pro
1482 4238 1600 4271 voce
1635 4225 1776 4273 Mae·
1842 4225 2103 4283 inferenti3
2137 4227 2382 4287 quomodo
2415 4240 2552 4287 supr.
2591 4228 2660 4278 iii.
2701 4233 2774 4291 38.
2803 4230 2856 4276 ad

763 4284 894 4341 πίω,
926 4284 1194 4333 Menenius
1231 4286 1566 4345 reponendum
1605 4287 1778 4335 suadet
1842 4290 2099 4350 imperium
2121 4291 2451 4338 inhibendum.
2487 4292 2662 4341 Clutv.
