3000 4784
847 206 1041 273 LIB.
1088 204 1211 273 III.
1278 208 1502 275 CAP.
1551 214 1653 275 54.
2170 216 2296 276 203

203 346 223 375 ‘
244 349 321 400 ut
360 336 527 402 ultro
554 340 733 405 vobis
761 339 1107 405 deferenda
1138 342 1412 407 fuerint:
1461 343 1736 407 libertati
1779 344 1952 407 enim
1997 366 2078 407 ea
2115 366 2298 429 prae-
2318 359 2386 409 U.
2409 360 2468 411 c.
2495 374 2603 423 305·

202 433 223 462 ‘
242 422 409 487 sidia
449 426 685 509 petitis,
734 448 865 491 non
912 426 1207 492 licentiae
1252 429 1335 492 ad
1382 428 1850 516 impugnandos
1894 428 2064 494 alios.
2157 430 2296 495 Irae
2315 425 2376 473 A.
2410 426 2469 474 0·
2493 436 2604 485 447·

200 519 224 548 6
242 522 487 574 vestiae
554 513 757 597 magis
820 512 1300 599 ignoscendum,
1361 537 1561 600 quum
1627 514 2093 602 indulgendum
2158 528 2293 580 est=

202 604 223 635 6
244 595 487 682 quippe
539 598 653 683 qui
704 598 1095 663 crudelitatis
1144 600 1294 664 odio
1352 600 1421 663 in
1478 599 1918 665 crudelitatem
1977 602 2178 678 ruitis,
2231 616 2298 667 et

200 689 223 719 6
244 680 423 767 prius
450 704 675 769 paene,
708 706 903 770 quam
930 685 1051 771 ipsi
1080 685 1263 750 liberi
1292 686 1447 763 sitis,
1476 687 1792 751 dominari
1821 688 1948 751 iam
1977 687 2048 751 in
2075 686 2298 751 adver-

201 776 223 805 ‘
243 767 441 831 sarios
468 767 675 833 vultis.
768 769 1207 856 Nunquamne
1237 772 1523 858 quiescet
1563 772 1783 837 civitas
1819 786 2036 838 nostra
2071 796 2112 837 a
2147 794 2298 873 sup-

201 862 223 891 ‘
240 852 473 1002 ἒὶἰοίἱε,
511 866 624 919 aut
668 854 931 920 Petrum
979 857 1049 921 in
1092 857 1347 943 plebem
1395 856 1774 935 Romanam,
1823 872 1934 924 aut
1977 858 2182 945 plebis
2227 880 2296 921 m

199 948 222 978 6
304 940 517 1003 atres?
591 940 789 1007 Scuto
816 942 995 1007 vobis
1022 943 1242 1029 magis,
1274 964 1467 1031 quam
1493 942 1726 1031 gladio,
1757 966 1918 1044 opus
1945 957 2056 1008 est.
2131 943 2297 1008 Satis

202 1034 224 1063 ‘
243 1044 323 1088 su
404 1046 565 1111 rque
593 1026 851 1093 humilis
878 1041 996 1105 est,
1024 1028 1139 1115 qui
1165 1028 1303 1095 iure
1342 1050 1550 1115 aequo
1587 1030 1658 1093 in
1685 1030 1940 1095 civitate
1969 1028 2142 1108 vivit,
2173 1050 2296 1093 nec

200 1119 223 1149 ‘
240 1046 578 1177 ingerendo
606 1112 923 1191 iniuriam,
954 1136 1076 1179 nec
1103 1115 1425 1201 patiendo.
1520 1114 1754 1192 Etiam,
1785 1115 1840 1179 si
1868 1115 2126 1214 quando
2162 1136 2298 1179 me-

200 1206 221 1237 ‘
244 1195 521 1261 tuendos
552 1220 665 1262 vos
703 1200 1049 1286 praebituri
1085 1200 1255 1278 estis,
1286 1223 1508 1288 quum,
1549 1214 1932 1287 recuperans
1970 1200 2297 1287 magistra-

199 1291 222 1321 ‘
242 1281 417 1347 tibus
443 1282 502 1347 le
551 1283 816 1385 'busque
844 1286 1083 1363 vestris,
1112 1286 1351 1351 iudicia
1386 1308 1586 1373 penes
1612 1308 1724 1351 vos
1761 1298 1950 1350 erunt
1977 1285 2060 1349 de
2089 1286 2295 1371 capite

198 1378 220 1407 6
241 1380 463 1433 nostro
514 1382 923 1457 ortumsque3
958 1384 1131 1449 tunc,
1160 1384 1233 1436 ut
1261 1395 1556 1459 quaeque
1585 1394 1774 1437 causa
1800 1372 1940 1449 erit,
1969 1371 2292 1436 statuetist

200 1463 223 1493 ‘
244 1476 421 1519 nunc
469 1454 827 1521 libertatem
876 1458 1079 1557 repeti
1131 1459 1279 1522 satis
1324 1460 1461 1523 est.’
1549 1456 1876 1534 Facerem,
1921 1470 1995 1521 ut
2035 1455 2294 1533 vellent,
2417 1456 2520 1515 54.

196 1540 719 1689 permittentibus
747 1555 1010 1619 cunctis,
1042 1566 1192 1607 mox
1231 1543 1547 1607 redituros
1583 1566 1652 1609 se
1693 1544 1882 1631 legati
1925 1544 2114 1607 rebus
2151 1564 2296 1643 per-

224 1625 385 1690 ectis
429 1626 759 1692 affirmant.
849 1627 1127 1693 Profecti
1166 1652 1367 1715 quum
1413 1630 1714 1695 mandata
1758 1628 1961 1715 plebis
2000 1628 2297 1693 Patribus

198 1712 660 1798 exposuissent,
704 1713 813 1777 alii
853 1714 1217 1791 decemviri,
1262 1714 1479 1801 quand
1567 1715 1786 1779 uidem
1827 1726 2077 1801 praeter
2118 1736 2296 1800 spem

196 1798 221 1861 i
342 1818 485 1863 rum
523 1798 818 1948 supplicii
863 1801 961 1863 sui
1006 1799 1185 1864 nulla
1230 1802 1471 1865 mentio
1559 1813 1712 1878 eret,
1743 1800 1918 1864 haud
1952 1799 2296 1886 quicquam

198 1908 241 1947 a
283 1905 499 1948 nuere.
628 1886 836 1972 ppius,
862 1885 1027 1950 truci
1054 1886 1312 1973 ingenio
1339 1900 1407 1949 et
1434 1886 1676 1950 invidia
1694 1887 2052 1973 praecipua,
2076 1886 2297 1949 odium

198 1970 273 2033 in
322 1992 391 2033 se
442 1970 707 2034 aliorum
758 1994 874 2035 suo
924 1972 993 2035 in
1044 1994 1153 2037 eos
1202 1973 1471 2037 metiens
1517 1973 1688 2049 odio,
1753 1980 1774 2010 ‘
1797 1971 1995 2036 Haud
2039 1970 2300 2057 ignaro}

198 2056 437 2179 {anit'
476 2056 817 2207 fflffjiill'et
842 2057 1117 2207 fqrguna.
1206 2056 1439 2134 Video,
1472 2058 1681 2122 donec
1719 2056 2298 2207 adrrgiadadyersahriis

250 2142 473 2206 tradan
738 2164 863 2206 ern
973 2165 1191 2207 versus
1217 2164 1334 2207 nos
1362 2156 1719 2207 certamem
1835 2166 1880 2207 n
1929 2164 2002 2205 us
2021 2164 2154 2205 mvi
2223 2162 2298 2205 ae

204 2236 225 2265 ‘
247 2240 347 2291 est
374 2190 642 2315 sanguis.
735 2227 921 2293 Nihil
948 2250 1032 2292 ne
1072 2250 1193 2315 ego
1222 2228 1484 2315 quidem
1526 2250 1754 2305 moror,
1785 2250 1916 2313 quo
1943 2227 2156 2291 minus
2185 2226 2298 2291 de-

205 2322 225 2351 ‘
248 2315 598 2378 cemviratu
642 2314 903 2390 abeam‚’
992 2312 1257 2378 Factum
1302 2314 1939 2391 senatusconsultum,
1999 2321 2019 2350 ‘
2043 2312 2139 2376 Ut
2185 2312 2298 2376 de-

158 2433 181 2467 ι
205 2408 226 2437 ‘
246 2400 507 2463 cemviri
535 2422 602 2463 se
631 2400 837 2485 primo
866 2420 1125 2485 quoque
1160 2413 1445 2485 tempore
1484 2401 1854 2485 magistratu
1893 2398 2293 2463 abdicarent:

156 2518 185 2551 α
206 2494 227 2523 6
254 2486 338 2559 Q.
372 2484 599 2550 Furius
640 2486 930 2571 pontifex
974 2484 1287 2548 maximus
1332 2485 1618 2549 tribunos
1661 2484 1864 2571 plebis
1906 2495 2185 2547 crearet:
2233 2494 2302 2547 et

206 2580 229 2609 ‘
246 2594 331 2635 ne
392 2570 495 2635 cui
552 2570 759 2635 fraudi
816 2583 982 2635 esset
1040 2570 1308 2642 secessio
1365 2570 1643 2634 militum
1699 2568 2070 2656 plebisque!
2176 2566 2300 2631 His

202 2656 761 2721 senatusconsultis
804 2656 1119 2744 perfectis,
1166 2656 1426 2720 dimisso
1472 2668 1716 2733 senatu,
1766 2653 2106 2718 decemviri
2150 2674 2300 2739 pro-

202 2742 410 2807 deunt
458 2743 527 2806 in
573 2742 967 2819 concionem,
1020 2742 1442 2829 abdicantque
1494 2764 1562 2806 se
1615 2740 2003 2827 magistratu,
2051 2738 2299 2826 ingenti

201 2828 537 2893 hominum
574 2828 833 2893 laetitia.
926 2828 1327 2893 Nuntiantur
1363 2827 1524 2892 haec
1561 2828 1773 2915 plebi:
1821 2826 2079 2912 legatos,
2117 2825 2299 2911 quic-

202 2915 367 3015 quid
394 2916 464 2979 in
492 2915 648 2980 urbe
677 2913 1011 2980 hominum
1039 2928 1384 3001 supererat,
1416 2912 1836 3001 prosequitur.
1931 2910 2107 2976 Huic
2133 2909 2300 2973 mul-

204 3001 471 3064 t1tudini
498 3000 665 3065 laeta
692 3001 813 3065 alia
842 3002 1029 3065 turba
1056 3023 1138 3065 ex
1168 3000 1386 3065 castris
1419 3002 1732 3065 occurrit:
1781 3022 1858 3063 co
2017 2996 2300 3061 tulantur

200 3086 563 3151 libertatem
590 3087 1122 3173 concordiamque
1166 3086 1407 3150 civitati
1446 3088 1818 3151 restitutam.
1915 3086 1918 3089 ’
2007 3084 2139 3169 gati
2227 3104 2299 3145 ro

200 3172 554 3237 concione:
634 3181 654 3211 ‘
680 3171 876 3247 Quod
942 3172 1200 3248 bonum,
1260 3172 1555 3248 faustum,
1614 3170 1896 3256 felixque
1962 3171 2044 3232 sit
2097 3190 2180 3230 vo
2223 3168 2295 3244 is,

206 3265 225 3295 ‘
247 3258 471 3343 reique
514 3258 823 3344 publicae,
854 3258 1055 3321 redite
1104 3256 1173 3320 in
1218 3257 1486 3343 patriam
1533 3256 1616 3319 ad
1707 3267 1942 3330 enates,
1973 3252 2296 3339 coniugeS,

205 3353 225 3381 ‘
248 3343 607 3429 liberosque
666 3356 940 3408 vestros:
1011 3342 1143 3419 sed,
1204 3364 1333 3429 qua
1388 3342 1493 3405 hic
1553 3364 1616 3404 m
1703 3341 1863 3404 estia
1910 3338 2132 3415 fuistis,
2187 3338 2298 3401 ubi

206 3438 227 3467 6
248 3429 489 3493 nullius
516 3452 667 3515 ager
695 3430 761 3493 in
785 3442 880 3493 tot
908 3450 1118 3493 rerum
1148 3450 1267 3493 usu
1290 3428 1642 3492 necessario
1665 3439 1876 3491 tantae
1899 3422 2298 3489 multitudini

206 3523 226 3552 ‘
248 3527 347 3579 est
384 3514 673 3591 violatus,
714 3536 855 3579 eam
898 3513 1272 3579 modestiam
1314 3513 1475 3577 ferte
1521 3512 1590 3576 in
1633 3512 1874 3576 urbem.
1965 3509 2046 3573 In
2078 3510 2299 3574 Aven-

207 3608 225 3638 ‘
250 3600 460 3664 tinum
498 3601 607 3676 ite,
640 3600 811 3665 unde
850 3600 1116 3699 profecti
1156 3599 1322 3663 estis.
1414 3597 1516 3662 Ibi
1555 3597 1724 3662 felici
1753 3597 1913 3673 loco,
1944 3596 2056 3660 ubi
2095 3596 2302 3681 prima

205 3685 437 3750 ‘initia
463 3686 805 3751 inchoastis
834 3685 1137 3750 libertatis
1164 3698 1428 3761 vestrae,
1460 3685 1746 3748 tribunos
1781 3682 1953 3769 plebi
1988 3682 2297 3746 creabitis,

275 3886 296 3919 1
332 3870 661 3928 Abdioamzt]
721 3866 928 3929 Quippe
972 3866 1218 3928 magistra-
1282 3866 1432 3916 Corn.
1450 3866 1645 3928 Fragm.
1659 3867 2052 3916 decemtribuum
2069 3881 2162 3929 per
2179 3880 2303 3926 pon-

209 3941 313 3983 tum
344 3933 729 3982 decemvirorum
754 3930 955 3979 omnino
988 3946 1087 3978 non
1115 3930 1221 3977 fini·
1284 3931 1476 3992 inficeris,
1498 3930 1628 3993 quod
1645 3933 1960 3992 mam-etratus
1985 3932 2158 3977 nullus
2177 3934 2304 3985 aas,

206 4003 313 4045 tum
334 3998 486 4045 fuisse
506 3995 755 4045 existima
776 3996 825 4043 N
830 3994 1001 4051 iebhr.‚
1023 3993 1102 4041 cui
1123 3993 1219 4041 hoc
1280 4000 1588 4043 creaverunt.
1645 3992 1920 4041 Niebuhrio
1943 3992 2135 4041 videtur
2153 3990 2298 4039 inter-

207 4061 593 4109 deeemvirorum
628 4058 887 4120 collegium
922 4056 1123 4105 omnino
1155 4057 1218 4104 ab
1283 4056 1431 4105 fuisse
1454 4055 1663 4105 comitiis
1683 4056 1877 4104 tributis
1905 4055 2125 4117 pontifex
2149 4052 2300 4101 maxi-

208 4124 296 4172 illo
340 4124 499 4185 priore
536 4122 771 4171 dissimile
813 4120 959 4169 fuisse
1002 4119 1219 4187 videtur:
1288 4134 1415 4178 mus,
1430 4126 1489 4167 ut
1505 4119 1587 4181 qui
1609 4122 1945 4168 anctoritatem
1963 4126 2164 4179 patrum
2185 4130 2303 4177 prae

57 4216 78 4233 ,ι
208 4187 394 4235 scilicet
435 4186 563 4235 illud
598 4186 785 4248 legibus
818 4184 1099 4243 scribendis,
1132 4184 1225 4231 hoc
1289 4198 1341 4231 se
1362 4184 1526 4240 ferret,
1544 4188 1632 4231 aut
1655 4182 1736 4243 qui
1763 4184 1913 4243 leyen·
1940 4182 2182 4229 mariam
2201 4192 2301 4249 flua

64 4268 109 4297 ιιι
210 4250 535 4312 exsequendis
554 4256 786 4299 creatum.
1289 4246 1565 4293 tribunatus
1600 4245 1756 4307 plebis
1789 4246 2008 4294 sublatus
2044 4246 2166 4299 erat,
2197 4254 2304 4301 ipse

52 4330 95 4363 m
120 4332 126 4341 ⁴
277 4329 301 4362 2
338 4316 579 4374 Pontifeae
629 4314 897 4371 maximus]
980 4312 1083 4361 Cic.
1140 4326 1227 4371 pro
1292 4312 1557 4370 abrogaret.

160 4473 230 4550 ..ς

222 4555 328 4656 ¹1.
