3000 4784
395 359 463 410 U.
487 362 545 410 C.
571 374 682 425 245.

395 427 454 473 A.
489 426 548 474 C.
574 438 681 489 507.

395 489 674 539 Proditores

393 567 577 614 poenas

393 617 528 666 dant.

383 1385 636 1530 Tarqfiinii

382 1525 568 1581 bellum
591 1549 692 1583 mo-

381 1595 579 1646 liuntur.

727 211 806 276 '78
1486 207 1713 274 TITI
1774 204 2045 274 LIVII

722 348 1045 435 quondam
1076 349 1230 436 regi,
1263 361 1399 412 tum
1438 347 1669 412 infesto
1698 347 1921 424 exsuli,
1951 345 2310 434 proderent.
2406 345 2725 411 Consules
2753 347 2819 409 in

721 434 938 499 sedem
984 457 1341 522 processere
1390 455 1588 511 suam,
1638 434 1943 521 missique
1990 433 2241 498 lictores
2294 433 2377 498 ad
2433 432 2821 498 sumendum

721 521 1103 608 supplicium
1127 521 1398 586 nudatos
1421 521 1614 608 virgis
1631 519 1923 597 caedunt,
1944 521 2275 607 securique
2297 519 2564 584 feriunt:
2616 543 2821 606 quum

719 608 888 672 inter
916 631 1104 672 omne
1135 621 1386 695 tempus
1423 621 1623 694 pater,
1657 607 2019 694 vultusque,
2052 619 2118 670 ct
2159 630 2229 671 os
2264 607 2419 684 eius,
2452 605 2820 693 spectaculo

719 707 905 772 esset,
938 695 1260 760 eminente
1303 694 1516 758 animo
1544 693 1750 780 patrio
1788 693 1957 758 inter
1983 693 2275 780 publicae
2318 715 2561 780 poenae
2593 693 2821 756 minis-

720 781 972 846 terium.
1070 780 1438 846 Secundum
1481 802 1755 866 poenam
1798 781 2187 858 nocentium,
2236 791 2310 844 ut
2360 781 2427 843 in
2472 791 2819 866 utramque

721 881 967 954 partem
1011 867 1303 933 arcendis
1347 866 1687 932 sceleribus
1731 866 2097 953 exemplum
2140 866 2354 930 nobile
2398 879 2581 943 esset,
2628 889 2819 953 prae-

718 954 919 1018 mium
963 953 1182 1030 indici,
1259 954 1488 1018 ecunia
1532 975 1613 1017 ex
1658 953 1918 1030 aerariO,
1962 953 2216 1017 libertas
2256 967 2321 1017 et
2366 953 2602 1029 civitaS‚
2638 953 2814 1017 data.

713 1038 832 1105 Ele
875 1041 1152 1128 primum
1227 1041 1417 1104 icitur
1453 1039 1735 1104 vindicta
1762 1039 2077 1104 liberatus.
2175 1039 2457 1115 Quidam
2486 1040 2814 1104 vindictae
2838 1053 2865 1101 5

759 1150 971 1215 uoque
1003 1150 1238 1191 nomen
1265 1139 1534 1191 tractum
1559 1127 1637 1190 ab
1660 1125 1769 1190 illo
1786 1138 2017 1213 putant
2038 1150 2055 1202 3
2102 1125 2407 1189 Vindicio
2426 1127 2546 1213 ipsi
2570 1148 2817 1190 nomen

709 1149 918 1278 anese.
1009 1214 1166 1278 Post
1187 1213 1367 1277 illum
1390 1214 1808 1289 observatum,
1834 1226 1924 1290 ut,
1950 1213 2062 1300 qui
2091 1213 2181 1276 ita
2206 1212 2455 1276 liberati
2481 1225 2715 1290 essent,
2742 1214 2816 1276 in

715 1299 1036 1366 civitatem
1069 1301 1312 1388 accepti
1341 1300 1727 1365 viderentur.

801 1385 944 1465 His,
976 1389 1140 1452 sicut
1169 1401 1311 1451 acta
1339 1399 1538 1464 erant,
1570 1385 1897 1463 nuntiatis,
1930 1385 2223 1449 incensus
2254 1382 2644 1472 Tarquinius
2672 1407 2813 1449 non

709 1471 926 1538 dolore
985 1473 1188 1538 solum
1237 1485 1449 1537 tantae
1504 1473 1586 1536 ad
1632 1472 1879 1536 irritum
1926 1471 2208 1536 cadentis
2251 1473 2404 1558 spei,
2452 1471 2563 1535 sed
2611 1472 2811 1536 etiam

711 1559 859 1623 odio
901 1560 1139 1646 iraque,
1177 1574 1513 1646 postquam
1550 1558 1696 1623 dolo
1736 1558 1903 1622 viam
1945 1559 2131 1622 obsae
2178 1571 2306 1622 tam
2352 1557 2531 1635 vidit,
2564 1557 2813 1622 bellum

709 1659 922 1731 aperte
954 1645 1348 1710 moliendum
1378 1659 1569 1722 ratus,
1602 1645 1933 1709 circumire
1964 1667 2126 1732 supp
2151 1667 2233 1708 ex
2264 1643 2557 1708 Etruriae
2580 1645 2808 1720 urbes;

708 1752 885 1795 orare
933 1731 1206 1796 maxime
1252 1731 1563 1796 Veientes
1608 1731 2251 1817 Tarquiniensesque,
2292 1739 2313 1770 ‘
2330 1755 2412 1795 ne
2456 1753 2523 1794 se
2568 1743 2808 1810 ortum,
2830 1743 2865 1791 6

709 1825 730 1853 ‘
747 1817 1033 1882 eiusdem
1055 1817 1399 1904 sanguiniS‚
1419 1831 1734 1882 extorrem
1756 1831 2047 1905 egentem
2068 1841 2149 1881 ex
2173 1831 2351 1882 tanto
2370 1817 2563 1881 modo
2580 1839 2807 1904 reg-nn,

709 1911 730 1940 ‘
747 1927 895 1968 cum
917 1904 1133 1968 liberis
1155 1903 1661 1969 adolescentibus
1684 1918 1831 1968 ante
1856 1905 2071 1969 oculos
2101 1927 2245 1968 suos
2266 1905 2471 1991 perire
2496 1905 2805 1968 sinerent.

709 1997 729 2026 ‘
747 1985 930 2056 Alios
987 2013 1250 2078 peregre
1312 1992 1380 2054 in
1439 2013 1709 2078 regnum
1771 1991 2044 2055 Romam
2104 1991 2371 2055 accitos:
2434 2013 2500 2054 se
2561 2011 2805 2077 regem,

707 2084 727 2114 ‘
744 2091 1082 2163 augentem
1113 2077 1281 2142 bello
1313 2077 1679 2142 Romanum
1711 2078 2067 2164 imperium,
2095 2099 2133 2141 a
2161 2077 2467 2164 proximis
2496 2076 2809 2142 scelerata

709 2169 730 2200 ‘
745 2165 1180 2228 coniuratione
1211 2163 1482 2251 pulsum.
1578 2163 1706 2228 Eos
1736 2165 1903 2227 inter
1932 2186 2017 2241 se,
2051 2164 2203 2250 quia
2230 2187 2419 2228 nemo
2453 2185 2620 2227 unus
2648 2165 2807 2228 satis

708 2255 729 2286 ‘
744 2249 976 2336 dignus
1018 2273 1215 2338 regno
1262 2251 1430 2314 visus
1481 2250 1582 2326 sit,
1628 2262 1837 2336 partes
1881 2250 2061 2336 regni
2104 2251 2423 2338 rapuisse3
2470 2251 2643 2314 bona
2684 2273 2806 2314 sua

706 2343 726 2374 ‘
742 2335 1102 2423 diripienda
1133 2336 1378 2424 vpopulo
1414 2335 1684 2413 dedisse,
1726 2359 1809 2400 ne
1856 2337 1999 2423 quis
2042 2359 2268 2423 expers
2312 2336 2564 2401 sceleris
2608 2352 2799 2402 esset.

702 2429 723 2461 ‘
739 2422 1019 2487 Patriam
1049 2445 1116 2488 se
1140 2445 1537 2510 regnumque
1561 2445 1746 2486 suum
1776 2434 2082 2509 repetere,
2107 2436 2174 2487 et
2202 2423 2497 2510 persequi
2516 2423 2805 2510 ingratos

702 2509 907 2575 ‘cives
964 2509 1142 2574 velle.
1267 2509 1532 2574 Ferrent
1590 2533 1797 2597 opem,
1852 2509 2259 2586 adiuvarent3
2334 2533 2477 2574 suas
2536 2533 2801 2598 quoque

703 2603 983 2662 ‘veteres
1015 2597 1275 2661 iniurias
1303 2596 1514 2660 ultum
1555 2597 1739 2674 irent,
1774 2595 1961 2660 toties
1990 2617 2200 2660 caesas
2235 2596 2540 2684 legioneS,
2573 2619 2803 2684 agrum

701 2691 721 2720 ‘
738 2683 1147 2770 ademptum.'
1235 2681 1417 2746 Haec
1440 2695 1773 2747 moverunt
1792 2681 2123 2746 Veientes:
2175 2705 2247 2746 ac
2269 2706 2387 2770 pro
2409 2705 2475 2747 se
2500 2682 2801 2770 quisque,

703 2767 998 2833 Romano
1018 2768 1244 2832 saltem
1268 2767 1451 2843 duce,
1472 2769 1495 2831 i
1588 2769 1851 2832 ominias
1869 2768 2232 2846 demendaS,
2253 2767 2550 2856 belloque
2569 2771 2805 2835 amissa

697 2854 1066 2939 repetenda,
1112 2853 1446 2917 minaciter
1522 2867 1791 2918 remunt.
1888 2855 2383 2942 Tarquinienses
2432 2877 2671 2920 nomen
2724 2881 2803 2922 ac

695 2940 988 3024 cognatio
1019 2952 1256 3002 movet:
1305 2937 1641 3025 pulchrum
1669 2939 2017 3018 videbatur,
2052 2963 2197 3006 suos
2230 2941 2475 3006 Romae
2505 2965 2797 3030 regnare.

695 3024 798 3088 Ita
815 3025 944 3088 duo
961 3024 1235 3087 duarum
1254 3023 1605 3088 civitatium
1630 3028 1963 3104 exercituS,
1984 3027 2065 3091 ad
2084 3050 2150 3091 re
2236 3029 2505 3093 tendum
2522 3051 2589 3092 re
2682 3053 2800 3093 um

693 3109 990 3196 belloque
1013 3111 1484 3197 persequendos
1511 3111 1855 3191 Romanoa,
1880 3113 2078 3178 secuti
2100 3051 2542 3202 ffrquinimn.
2666 3129 2800 3180 ost-

695 3219 888 3282 quam
917 3197 986 3260 in
1027 3219 1249 3282 agrum
1293 3196 1657 3262 Romanum
1697 3213 1961 3264 ventum
2006 3213 2119 3277 est,
2152 3201 2401 3265 obviam
2441 3202 2607 3266 hosti
2639 3225 2798 3268 con-

693 3281 860 3346 sules
917 3297 1091 3348 eunt.
1204 3281 1496 3348 Valerius
1555 3285 1861 3371 quadrato
1920 3285 2171 3372 agmine
2228 3287 2515 3374 peditem
2572 3288 2793 3354 ducit:
2822 3309 2848 3360 7

697 3367 936 3433 Brutus
966 3368 1049 3433 ad
1089 3369 1549 3456 explorandum
1590 3393 1737 3435 cum
1767 3372 2056 3458 equitatu
2092 3374 2445 3439 antecessit.
2540 3374 2797 3447 Eodem

751 3653 778 3704 5
805 3643 1027 3692 Vindicta
1043 3643 1300 3703 liberatus]
1329 3643 1550 3706 virgula,
1559 3659 1705 3706 quem
1770 3647 1914 3694 dieta.
1938 3644 2141 3696 Niebhr.
2158 3648 2188 3696 i.
2206 3665 2252 3711 p.
2271 3663 2377 3712 520.
2395 3653 2503 3713 584.
2528 3651 2793 3712 Waehsm.

691 3705 832 3754 lictor
861 3708 938 3754 vel
973 3707 1134 3769 potius
1167 3708 1371 3755 Praetor
1403 3707 1551 3770 capiti
1584 3709 1707 3756 servi
1772 3724 1821 3770 p.
1846 3711 1953 3770 248.

691 3769 1067 3818 manumittendi
1087 3776 1163 3818 ter
1183 3777 1412 3832 quaterve
1427 3772 1701 3833 imponens,
1829 3770 1860 3819 6
1892 3776 1973 3822 Ne
1996 3790 2047 3823 se
2071 3779 2254 3836 ortum]
2296 3780 2360 3826 Se
2392 3793 2508 3827 casu
2538 3785 2682 3828 sexto
2714 3781 2792 3832 in-

689 3848 804 3882 eum
834 3833 884 3881 in
907 3833 1180 3882 libertatem
1202 3834 1491 3882 vindicabat.
1559 3835 1701 3884 Haec
1766 3837 2131 3898 terpretandum
2170 3855 2291 3900 esse,
2330 3857 2392 3889 ex
2430 3842 2565 3905 ipsis,
2602 3859 2791 3908 nempe

689 3897 1064 3947 manumittendi
1086 3897 1270 3961 species
1291 3898 1583 3957 libertatem,
1604 3915 1701 3947 non
1766 3899 2057 3949 Veientibus
2088 3909 2138 3950 et
2160 3903 2593 3966 Tarquiniensibus
2614 3907 2789 3958 Etrus-

690 3961 936 4009 civitatem
969 3963 1132 4011 dabat.
1199 3961 1302 4018 Qui
1325 3978 1436 4010 vero
1469 3978 1615 4011 censu
1648 3963 1700 4010 li·
1767 3961 1851 4022 cis,
1888 3970 2055 4013 monet
2094 3967 2309 4016 Gronov.
2344 3971 2407 4018 de
2442 3971 2787 4034 Tarquiniana.

690 4027 1059 4087 beratus,usque
1074 4027 1136 4074 ad
1152 4041 1401 4074 censuram
1418 4025 1511 4088 Ap.
1523 4027 1698 4075 Claud.
1766 4028 1825 4074 cf.
1851 4027 1955 4077 Cic.
1980 4029 2126 4077 Tusc.
2152 4031 2252 4087 Qu.
2276 4032 2341 4081 iii.
2373 4049 2445 4084 12.

690 4088 856 4148 Caeci,
872 4089 999 4137 inter
1018 4089 1224 4138 aerarios
1245 4091 1555 4148 referebatur,
1572 4097 1700 4151 post-
1834 4101 1859 4152 7
1894 4094 2144 4150 Quadrato
2176 4099 2395 4156 amine]
2442 4113 2507 4147 sc.
2548 4100 2674 4148 Acie
2711 4101 2785 4149 in-

689 4167 750 4200 ea
781 4157 946 4201 autem
969 4153 1214 4201 civitatem
1237 4153 1420 4215 optimo
1453 4152 1557 4201 iure
1578 4154 1699 4201 obti-
1764 4159 1946 4202 structa
1974 4161 2024 4204 et
2056 4158 2303 4208 ordinibus
2334 4161 2591 4226 phalangis
2612 4165 2789 4214 densa-

689 4218 853 4264 nebat.
933 4217 1151 4265 Accessit
1199 4216 1342 4263 tertia
1385 4217 1699 4266 manumissio
1764 4215 1838 4266 tis.
1872 4235 2043 4280 agmen
2082 4237 2194 4269 vero
2236 4225 2449 4286 huyum,
2486 4227 2687 4290 quando
2732 4230 2785 4279 in

683 4296 780 4342 per
811 4287 1144 4331 testamentum
1173 4293 1233 4326 ex
1263 4279 1446 4340 legibus
1475 4294 1571 4328 κη.
1604 4281 1698 4328 Tae
1764 4281 1935 4330 itinere
1956 4289 2115 4333 essent
2136 4285 2329 4336 milites.

691 4343 930 4390 bularum.
999 4343 1196 4390 Nomen
1236 4341 1482 4392 Vindicius
1515 4359 1545 4390 a
1588 4347 1697 4392 Vin-
