3000 4784
715 189 846 255 290
1485 181 1715 249 ΤΙΤΙ
1766 181 2041 249 LIVII

393 332 462 387 U.
485 332 546 385 0.
571 346 682 397 3⁵²·
721 321 848 387 bat.
941 318 1252 384 Romanis
1289 318 1410 385 etsi
1449 319 1705 406 quietae
1746 342 1847 385 res
1886 341 1971 384 ex
2010 318 2305 385 Etruriae
2344 318 2839 393 nuntiabamus,

389 400 454 451 A.
487 399 548 453 ⁰·
570 413 686 461 ⁴0⁰·
721 418 956 483 tamen,
989 406 1142 491 quia
1183 406 1482 469 omnibus
1510 405 1797 471 conciliis
1824 429 1968 471 eam
1996 428 2133 471 rem
2172 405 2397 493 agitari
2426 404 2841 478 afferebatur,

721 493 814 558 ita
869 492 1262 568 muniebant,
1323 503 1397 556 ut
1453 491 1759 578 ancipitia
1814 492 2217 557 munimenta
2272 505 2523 557 essentz
2588 490 2731 555 alia
2780 488 2843 551 in

721 580 946 643 urbem
987 590 1056 643 et
1083 590 1304 643 contra
1331 578 1796 665 oppidanorum
1830 578 2199 665 eruptiones
2222 598 2441 643 versa:
2490 577 2641 643 aliis
2672 576 2845 641 fro-
2858 608 2885 648 4

721 665 794 729 in
835 664 1158 729 Etruriam
1192 676 1484 751 spectans
1528 663 1799 741 auxiliis,
1840 664 1895 728 si
1938 688 2070 751 qua
2108 664 2269 729 forte
2314 663 2469 728 inde
2514 663 2845 737 venirent,

724 752 1183 816 obstruebatur.

523 850 582 908 2.
815 838 1038 913 Quum
1081 859 1224 924 spes
1267 835 1470 900 maior
1504 835 1987 923 imperatoribus
2034 836 2345 901 Romanis
2373 836 2445 899 in
2474 834 2847 910 obsidione,

397 931 643 1043 {lumea-
725 946 920 1073 ffittn
947 924 1020 1073 ἱΙῑέ
1053 922 1551 1072 oppugnatigrfiiffl
1582 934 1787 1022 esset3
1834 922 2247 1072 fflbemacsffa
2284 922 2498 999 etiam,
2532 944 2639 985 res
2678 943 2851 1071 ulpiva

397 1058 568 1111 ve...
727 1032 961 1161 mani.
983 1031 1639 1160 cssfflffisszrzebgnssffi}
1676 1031 1937 1170 οοᾶἷοᾱ
1948 1030 2607 1181 pss‘gssqufflffiss
2606 1022 2851 1181 {12212122
2864 1030 2891 1077 ⁵

727 1182 856 1247 iam
885 1182 1001 1247 diu
1027 1182 1270 1247 nullam
1297 1180 1579 1245 novandi
1607 1202 1709 1244 res
1744 1203 1995 1244 causam
2026 1181 2521 1257 invenientibus,
2560 1181 2851 1245 Romam

730 1282 828 1333 est
864 1269 1145 1345 allatum,
1175 1269 1246 1331 in
1279 1268 1655 1331 concionem
1694 1266 2049 1353 prosiliunt,
2080 1266 2423 1331 sollicitant
2505 1266 2675 1331 lebis
2706 1266 2851 1331 ani-

400 1371 643 1421 Tribuno-
729 1377 887 1434 moa,
921 1364 942 1394 ‘
960 1354 1108 1420 Hoc
1135 1353 1297 1419 illud
1331 1354 1492 1417 esse'
1522 1352 1905 1429 dictitantes,
1940 1353 2155 1439 ‘quod
2192 1376 2339 1417 aera
2366 1354 2457 1416 mi
2484 1353 2685 1419 'tibus
2714 1354 2893 1421 sint6

401 1450 511 1484 ”¹¹¹¹
537 1436 615 1485 ¹³¹·
733 1446 755 1481 ‘
775 1442 1152 1507 constituta:
1200 1462 1320 1505 nec
1349 1462 1418 1504 se
1445 1438 1759 1516 fefellisse,
1790 1438 1862 1502 id
1889 1438 2133 1503 donum
2150 1439 2557 1504 inimicorum
2587 1462 2849 1504 veneno

399 1500 629 1612 {¹5¹ssss
649 1500 712 1549 αθ
731 1534 754 1567 6
773 1528 1008 1592 illitum
1035 1528 1188 1591 fore.
1281 1525 1553 1591 Venisse
1570 1524 1932 1589 libertatem
1960 1524 2201 1613 plebis:
2248 1539 2563 1591 remotam
2594 1526 2667 1590 in
2695 1543 2889 1614 μετ-ἲ

402 1626 541 1679 culis.
733 1622 755 1653 ‘
769 1626 1037 1715 petuum
1067 1626 1134 1677 et
1163 1613 1519 1699 ablegatam
1546 1611 1627 1675 ab
1656 1613 1815 1676 urbe
1850 1624 1919 1676 et
1948 1613 2027 1677 ab
2056 1612 2383 1698 republica
2406 1614 2843 1687 iuventutem,

732 1708 754 1739 ‘
772 1720 901 1765 iam
935 1722 1019 1765 ne
1059 1698 1257 1764 hiemi
1286 1698 1551 1785 quidem
1581 1710 1693 1761 aut
1732 1698 2004 1785 tempori
2033 1698 2185 1762 anni
2225 1698 2471 1776 cedere,
2504 1722 2582 1764 ac
2612 1699 2845 1765 domos

732 1794 754 1825 ‘
769 1798 836 1851 et
863 1806 964 1850 res
992 1784 1263 1849 invisere
1293 1806 1454 1849 suas.
1554 1784 1768 1859 Quam
1798 1797 2100 1871 putarent
2130 1784 2537 1850 continuatae
2570 1786 2841 1850 militiae

731 1880 752 1910 ‘
770 1882 1026 1937 ‘causam
1055 1872 1237 1936 esse?
1279 1870 1523 1934 nullam
1557 1870 1845 1957 profecto
1871 1871 2061 1936 aliam
2100 1870 2489 1949 inventuros,
2522 1894 2727 1959 quam
2756 1892 2841 1934 ne

731 1966 752 1996 ‘
769 1957 928 2044 quid
977 1979 1096 2044 per
1135 1956 1564 2045 frequentiam
1608 1956 1915 2021 iuvenum
1966 1978 2207 2034 eorum,
2256 1957 2325 2021 in
2376 1957 2617 2044 quibus
2672 1958 2844 2023 vires

732 2052 753 2082 ‘
769 2066 991 2109 omnes
1057 2042 1261 2131 plebis
1319 2054 1548 2120 essent,
1610 2044 1712 2129 agi
1772 2043 1855 2107 de
1912 2043 2265 2108 commodis
2320 2064 2541 2109 eomm
2592 2058 2841 2145 posset.

731 2138 754 2171 6
773 2130 1016 2197 Vexari
1099 2142 1382 2195 raeterea
1407 2142 1476 2194 et
1505 2130 1713 2216 subigi
1756 2130 1961 2194 multo
1990 2130 2213 2207 acrius,
2245 2149 2437 2216 quam
2480 2132 2837 2197 Veientes:

732 2224 754 2257 ‘
775 2218 1014 2318 quippe
1117 2238 1186 2281 os
1214 2216 1493 2281 hiemem
1530 2217 1649 2280 sub
1688 2216 1873 2281 tectis
1906 2217 2037 2280 suis
2192 2238 2282 2294 re,
2322 2239 2361 2281 e
2473 2216 2603 2303 giis
2636 2215 2843 2282 muris

733 2311 754 2341 ‘
773 2318 1027 2391 situque
1072 2302 1348 2367 naturali
1391 2304 1616 2367 urbem
1664 2312 1941 2367 tutantes
1957 2324 1975 2378 3
2022 2302 2111 2366 mi
2140 2302 2293 2366 'tem
2410 2324 2721 2368 ornanum
2768 2304 2839 2367 in
2951 2302 2952 2356 l

731 2396 754 2429 ‘
769 2412 962 2477 opere
992 2412 1066 2454 ac
1105 2388 1338 2466 labore,
1369 2389 1624 2453 nivibus
1650 2388 2025 2475 pruinisque
2060 2390 2380 2466 obrutum,
2408 2389 2527 2453 sub
2556 2390 2840 2477 pellibus
2856 2404 2883 2450 s

733 2484 754 2514 ‘
769 2476 1019 2554 durare,
1071 2498 1156 2540 ne
1205 2474 1434 2539 hiemis
1485 2474 1750 2561 quidem
1800 2474 2024 2562 spatio,
2072 2496 2237 2562 quae
2290 2476 2579 2541 omnium
2632 2476 2841 2543 bello-

733 2570 754 2601 ‘
773 2585 916 2627 rum
975 2574 1143 2627 terra
1197 2562 1486 2648 marique
1534 2561 1618 2625 sit
1668 2561 1868 2648 quies,
1916 2582 2092 2625 arma
2134 2562 2587 2649 deponentem.
2685 2562 2835 2628 Hoc
2948 2574 2950 2633 1

731 2656 752 2689 6
772 2672 985 2737 neque
1045 2670 1248 2735 reges,
1304 2670 1519 2734 neque
1578 2659 1727 2711 ante
1796 2647 2201 2712 tribuniciam
2258 2660 2640 2735 potestatem
2700 2672 2841 2715 cre·
2948 2634 2950 2662 ¹

729 2742 752 2774 ‘
767 2748 936 2800 atam
965 2736 1269 2821 superbos
1309 2733 1449 2797 illos
1479 2732 1788 2811 consuleS,
1820 2754 2035 2833 neque
2066 2733 2243 2799 triste
2272 2734 2605 2799 dictatoris
2630 2736 2837 2823 impe-

727 2830 750 2861 ‘
765 2821 952 2898 rium,
984 2842 1196 2906 neque
1230 2820 1628 2919 importunos
1667 2818 2061 2884 decemmros
2098 2820 2447 2885 iniunxisse
2488 2823 2833 2900 servitutis,

729 2912 750 2945 ‘
769 2918 843 2971 ut
971 2925 1237 2969 rennem
1272 2904 1564 2969 militiam
1601 2905 1901 2983 facerent,
1944 2906 2122 2993 quod
2164 2906 2401 2971 tribuni
2440 2906 2727 2973 militum
2766 2910 2831 2973 in

729 2998 750 3031 ‘
815 2991 876 3055 le
983 2990 1278 3055 Romana
1299 3012 1569 3077 regnum
1593 3004 1979 3057 exercerent.
2077 2991 2405 3068 Quidnam
2422 2989 2517 3057 illi
2534 2996 2831 3061 consules

728 3085 750 3116 ‘
764 3014 1181 3143 Kictatoresve
1215 3076 1442 3141 facturi
1492 3090 1725 3155 essent,
1772 3078 1885 3164 qui
1926 3078 2439 3165 proconsularem
2480 3080 2829 3169 imaginem

729 3172 749 3205 ‘
771 3178 900 3231 tam
948 3186 1198 3229 saevam
1244 3186 1318 3229 ac
1364 3176 1609 3229 trucem
1658 3165 1971 3229 fecerint?
2034 3164 2165 3231 Sed
2206 3165 2275 3229 id
2320 3165 2610 3232 accidere
2656 3168 2829 3233 haud

729 3258 750 3291 ‘
764 3250 1100 3317 immerito.
1194 3250 1262 3316 N
1265 3272 1350 3316 on
1378 3250 1569 3315 fuisse
1588 3272 1671 3315 ne
1696 3252 1764 3315 in
1795 3264 1939 3316 octo
1969 3251 2233 3339 quidem
2258 3252 2529 3317 tribunis
2550 3253 2828 3320 militum

725 3348 747 3379 6
766 3338 980 3403 locum
1031 3338 1148 3402 ulli
1191 3337 1466 3439 plebeio.
1556 3336 1776 3402 Antea
1822 3338 1989 3403 trina
2032 3338 2175 3403 loca
2217 3360 2366 3404 cum
2410 3342 2827 3407 contentione

725 3432 1010 3493 ‘summa
1050 3425 1348 3513 patricios
1385 3423 1645 3523 explere
1685 3422 1938 3488 solitos:
1985 3447 2161 3489 nunc
2203 3424 2330 3489 iam
2372 3425 2708 3514 octoiuges
2749 3428 2827 3492 ad

723 3520 745 3551 ‘
759 3510 1028 3600 imperia
1070 3508 1419 3577 obtinenda
1473 3532 1603 3574 ire:
1667 3521 1733 3574 et
1775 3532 1857 3575 ne
1902 3509 1971 3575 in
2020 3511 2207 3576 turba
2252 3510 2517 3599 quidem
2560 3511 2824 3579 haerere

784 3754 815 3796 4
835 3736 994 3795 Aliis]
1021 3736 1118 3787 Per
1132 3736 1234 3785 alia
1245 3734 1570 3785 munimenta.
1618 3735 1738 3785 Son·
1805 3734 1910 3786 Cic.
1927 3734 1990 3785 de
2004 3736 2199 3788 Senect-
2210 3752 2287 3789 πο.
2320 3740 2431 3789 Hoc
2450 3740 2580 3789 illud
2596 3750 2691 3803 ese,
2704 3744 2827 3807 quod

719 3814 830 3849 sus:
865 3798 966 3849 alia
991 3798 1238 3848 Etruriam
1274 3814 1439 3849 versun
1469 3798 1656 3849 directa
1688 3805 1741 3848 et
1802 3802 2067 3851 Pisistrato
2104 3810 2317 3865 manno
2354 3820 2387 3853 a
2420 3804 2598 3857 Solone
2630 3823 2822 3871 respon-

717 3863 788 3913 aic
809 3860 1024 3923 auxiliis,
1039 3862 1082 3911 si
1097 3877 1196 3923 qua
1215 3863 1340 3911 forte
1360 3862 1477 3913 inde
1498 3862 1738 3923 venirent,
1800 3880 1911 3913 eum
1932 3872 2020 3915 est.

717 3943 780 3977 ex
801 3928 1006 3975 adverso
1025 3926 1266 3989 opposita.
1301 3926 1470 3977 Dona.
1872 3939 1897 3991 7
1942 3930 2160 3991 Venisse]
2208 3928 2467 3993 stipendio
2490 3934 2819 3985 venundatum

783 4004 812 4067 ξ
833 3992 1110 4040 H'neumndo
1129 3992 1422 4066 moinum-q
1431 3992 1637 4065 pellam]
1656 3990 1734 4041 Ea
1798 4006 1917 4041 ease.
2426 4058 2439 4070 ι

713 4063 1217 4180 ἷὲιῐιῖῃῗπῗτυᾶχωμον
1256 4055 1730 4169 “amp-Agge&
1799 4056 2466 4194 velgtfbtm‘culffiguggffibnul:
2482 4058 2715 4175 cldlntecta
2732 4062 2817 4189 ξιξ

713 4200 853 4235 enses
873 4184 1104 4234 fecerant.
1796 4182 2073 4234 mficantur.
2119 4182 2180 4234 cf.
2213 4184 2325 4235 infr.
2358 4186 2545 4237 xxxvii.
2582 4203 2667 4254 39.
2740 4190 2811 4239 Ex

777 4248 809 4298 6
840 4250 951 4297 Hoc
981 4249 1108 4297 illud
1135 4264 1236 4298 esse
1259 4283 1274 4297 .
1295 4282 1308 4296 .
1333 4282 1346 4296 .
1368 4248 1525 4310 quod]
1582 4246 1731 4295 Hanc
1795 4261 1895 4308 quo
1918 4247 2267 4307 locediibema
2288 4254 2339 4298 et
2360 4250 2689 4303 hibernacula
2705 4254 2809 4317 quid

713 4326 911 4360 causam
933 4311 1072 4360 illam
1095 4326 1217 4372 esse,
1239 4316 1438 4373 propter
1458 4324 1625 4372 quam.
1666 4311 1729 4361 cf.
1794 4310 1922 4361 inter
1942 4326 1995 4361 u
2017 4312 2263 4373 differant,
2282 4312 2591 4377 intelligitur.
2624 4315 2789 4369 Sicos.
