3000 4784
903 211 1091 278 LIB.
1150 211 1202 278 I.
1275 211 1498 278 CAP.
1554 219 1615 280 5.
2269 221 2311 284 9

207 344 519 424 dividere,
551 359 620 412 et
645 369 796 412 cum
815 347 934 426 his,
965 361 1287 413 crescente
1317 349 1386 412 in
1413 349 1553 414 dies
1578 371 1771 450 grege
1800 350 2124 427 iuvenum,
2146 348 2315 416 seria

161 459 192 508 5
211 443 292 512 et·
323 433 498 498 iocos
527 433 862 500 celebrare.
955 435 1092 500 Iam
1123 448 1258 500 tum
1297 435 1368 499 in
1397 435 1691 500 Palatino
1734 449 1950 500 monte
1996 435 2313 524 Lupercal
2458 441 2519 502 5.

211 520 340 584 hoc
381 520 574 585 fiiisse
612 520 929 586 ludicrum
967 521 1200 600 ferunt,
1232 534 1298 586 et
1336 544 1375 586 a
1403 521 1753 600 Pallante0‚
1786 525 1943 588 urbe
1974 522 2311 602 Arcadica,

213 605 630 684 Pallantium,
661 608 810 672 dein
835 609 1172 684 Palatium,
1197 621 1480 672 montem
1502 609 1907 697 appellatum.
1972 609 2073 674 Ibi
2097 609 2312 674 Evan-

165 698 200 750 6
215 692 428 770 drum,
477 695 589 780 qui
637 717 718 758 ex
763 719 840 759 eo
886 717 1120 782 genere
1152 694 1476 758 Arcadum
1524 695 1739 760 multis
1781 708 1929 760 ante
1973 709 2314 783 tempesta-

215 779 390 843 tibus
419 793 713 846 tenuerat
741 781 896 860 loca,
929 781 1212 846 sollenne
1243 781 1503 846 allatum
1532 805 1615 846 ex
1639 782 1917 847 Arcadia
1943 783 2310 860 instituisse,

169 891 200 944 ⁷
217 878 294 930 ut
319 866 482 930 nudi
512 867 791 946 iuvenes,
818 868 1106 958 Lyceum
1135 867 1316 932 Pana
1335 881 1727 946 venerantes,
1752 891 1866 956 per
1886 869 2097 934 lusum
2120 881 2313 956 atque

213 951 539 1017 lasciviam
561 969 914 1032 currerent3
946 977 1140 1042 quem
1165 954 1442 1019 Romani
1463 955 1701 1020 deinde
1728 969 2035 1021 vocarunt
2056 955 2314 1033 Inuum,

217 1037 400 1104 Huic
427 1039 660 1106 deditis
686 1041 952 1120 ludicro,
977 1064 1178 1128 quum
1205 1041 1490 1106 sollenne
1520 1054 1748 1107 notum
1776 1055 1960 1120 esset,
1990 1042 2319 1108 insidiatos

215 1126 304 1192 ob
329 1126 492 1190 iram
518 1127 792 1214 praedae
823 1128 1084 1194 amissae
1113 1128 1408 1207 latrones,
1433 1151 1633 1215 quum
1666 1127 1982 1194 Romulus
2015 1129 2079 1193 vi
2107 1152 2175 1194 se
2206 1129 2319 1212 de-

215 1211 546 1291 fendisset,
581 1213 859 1280 Remum
887 1216 1165 1302 cepisse3
1211 1228 1470 1302 captum
1498 1216 1635 1302 regi
1670 1214 1931 1282 Amulio
1962 1213 2316 1293 tradidisse,

217 1297 392 1363 ultro
419 1314 802 1366 accusantes.
897 1301 1172 1367 Crimini
1215 1302 1490 1366 maxime
1536 1301 1793 1379 dabant,
1842 1302 1911 1366 in
1960 1301 2320 1366 Numitoris

215 1407 404 1472 agros
449 1387 532 1452 ab
579 1387 680 1452 his
736 1389 1048 1476 impetum
1097 1388 1273 1452 fieri:
1327 1387 1480 1452 inde
1526 1409 1653 1466 eos,
1698 1387 1965 1454 collecta
2010 1389 2317 1453 iuvenum

215 1493 438 1549 manu,
469 1473 762 1538 hostilem
789 1475 860 1539 in
889 1474 1150 1540 modum
1178 1473 1444 1562 praedas
1471 1497 1677 1562 agere.
1744 1473 1850 1540 Sic
1882 1473 2205 1540 Numitori
2235 1473 2319 1540 ad

213 1558 604 1646 supplicium
650 1559 896 1626 Remus
937 1561 1211 1626 deditur.
1303 1560 1440 1625 Iam
1483 1560 1637 1626 inde
1680 1561 1761 1626 ab
1804 1561 1987 1626 initio
2017 1559 2321 1626 Faustulo

213 1667 368 1732 spes
403 1645 630 1725 fuerat,
673 1648 914 1736 regiam
955 1648 1218 1735 stirpem
1263 1647 1434 1735 apud
1476 1670 1544 1712 se
1588 1646 1880 1712 educari:
1927 1670 2079 1712 nam
2112 1661 2179 1712 et
2206 1669 2319 1712 ex-

215 1731 464 1820 positos
490 1732 665 1799 iussu
693 1757 760 1800 re
807 1735 860 1799 ‘s
887 1735 1160 1800 infantes
1195 1735 1450 1813 sciebat,
1481 1745 1551 1798 et
1578 1747 1847 1821 tempus,
1884 1757 2014 1820 quo
2043 1735 2179 1822 ipse
2209 1755 2321 1799 eos

213 1817 596 1919 sustulisset,
627 1821 710 1885 ad
747 1821 770 1884 i
854 1822 1064 1909 ipsum
1095 1843 1462 1908 congruere.
1558 1819 1688 1885 Sed
1720 1843 1857 1885 rem
1896 1821 2319 1898 immaturam,

217 1927 348 1970 nisi
386 1918 498 1970 aut
613 1929 648 1970 r
679 1908 1092 1986 occasionem,
1130 1921 1240 1972 aut
1274 1930 1390 1995 per
1427 1908 1886 1984 necessitatem,
1931 1907 2163 1994 aperiri
2205 1929 2325 1972 no-

215 1991 447 2056 luerat.
514 1929 876 2059 ffeoessitas
903 1995 1077 2082 prior
1097 1995 1311 2059 venit:
1355 1995 1464 2073 ita,
1495 2005 1675 2058 metu
1702 1993 2015 2070 subactus,
2042 1991 2325 2059 Romulo

217 2100 364 2143 rem
391 2079 611 2166 aperit.
633 2079 894 2233 diggrte
923 2092 990 2146 et
1019 2079 1365 2181 Numitori,
1398 2102 1609 2231 quusi-na
1606 2103 1734 2231 ἃ
1724 2079 2014 2145 custodia
2042 2079 2327 2231 Βεειίιιωῐέ

219 2178 510 2316 aetatleenti,
546 2189 789 2333 grum,
803 2181 1483 2342 tliltmi'psgdiin:11111110311‘1332e
1499 2188 1933 2318 servilei'ncibm
1944 2252 2132 2331 olem,
2176 2187 2325 2317 ooetei-
2343 2261 2590 2314 Romulus

217 2351 406 2426 gerat
433 2340 716 2405 animum
745 2341 1053 2406 memoria
1069 2353 1410 2430 nepotum:
1443 2338 1949 2427 sciscitandoque
1966 2363 2046 2406 eo
2063 2340 2323 2405 demum
2341 2329 2607 2442 {tuffam
2619 2343 2655 2376 ⁸

307 2427 536 2503 rvenit,
582 2438 657 2492 ut
692 2427 868 2492 haud
954 2427 1131 2492 rocul
1169 2440 1353 2504 esset,
1449 2427 1563 2491 uin
1603 2425 1883 2490 Remum
1933 2437 2319 2512 agnosceret.
2340 2455 2509 2519 agniti.
2554 2407 2607 2442 '⁰

263 2524 334 2576 ta
357 2511 644 2599 undique
674 2515 809 2601 regi
838 2513 924 2579 do
947 2535 1022 2578 us
1043 2513 1337 2578 nectitur.
1494 2512 1765 2589 omulus‚
1796 2535 1928 2577 non
1956 2535 2104 2578 cum
2134 2511 2325 2598 globo
2344 2543 2601 2594 Amulium

221 2599 552 2678 iuvenum,
584 2599 734 2688 (nec
763 2601 936 2665 enim
967 2613 1103 2664 erat
1129 2599 1212 2663 ad
1238 2599 1368 2662 vim
1397 2611 1681 2699 apertam
1708 2597 1853 2698 par)
1888 2597 2002 2662 sed
2036 2597 2175 2662 aliis
2203 2597 2327 2662 alio
2344 2607 2659 2684 obtruncant,

221 2683 458 2750 itinere
485 2686 668 2752 iussis
695 2701 869 2752 certo
898 2698 1182 2773 tempore
1213 2685 1296 2749 ad
1323 2707 1563 2772 regiam
1585 2705 1801 2749 venire
1830 2683 2206 2771 pastoribus,
2246 2683 2329 2747 ad
2344 2671 2659 2786 2¹?ssss

223 2793 448 2923 iffi?
464 2772 1022 2924 ffiffiffimnfffiss.
1043 2769 1945 2946 “ffadssss'g‘ssnlffflffcassa
1970 2782 2331 2922 ciffi?
2345 2803 2453 2850 '²¹¹³'
2476 2865 2517 2928 a

2304 2903 2327 2936 2
2520 2909 2539 2929 ο

224 2945 402 3009 inter
459 2945 736 3032 primum
797 2945 1143 3010 tumultum
1208 2945 1418 3010 hostes
1484 2945 1785 3010 invasisse
1843 2945 2067 3010 urbem
2132 2957 2327 3031 atque

225 3031 486 3097 adortos
527 3033 766 3118 regiam
805 3031 1120 3110 dictitans,
1151 3054 1352 3119 quum
1387 3033 1624 3119 pubem
1660 3031 1981 3098 Albanam
2014 3031 2083 3095 in
2118 3053 2329 3096 arcem

225 3116 546 3206 praesidio
599 3119 915 3206 armisque
961 3118 1373 3183 obtinendam
1423 3130 1782 3194 avocasset3
1843 3131 2183 3206 postquam
2229 3117 2329 3182 iu-

225 3227 446 3283 veneS,
577 3218 854 3294 rpetrata
891 3204 1106 3283 caede,
1152 3226 1416 3292 pergere
1461 3203 1545 3269 ad
1591 3227 1658 3268 se
1710 3204 2097 3292 gratulantes
2148 3203 2330 3284 vidit,

229 3229 574 3380 extempl?
591 3291 1222 3392 advocato-concilim
1262 3290 1500 3391 scelera
1535 3290 1607 3354 in
1644 3313 1711 3390 se
1742 3289 1977 3390 ’stati-is,
2020 3291 2332 3378 originem

229 3391 1067 3566 sssgssssffssqttz
1087 3377 2333 3565 “0332023303153832ssffi21322‘312ss

229 3575 352 3640 per
407 3552 686 3618 mediam
747 3571 1119 3616 concionem
1193 3573 1443 3639 agmine
1518 3572 1805 3638 ingressi,
1870 3573 2071 3637 quum
2144 3573 2335 3616 avum

299 3729 330 3778 5
359 3715 632 3790 Lupercal]
687 3714 804 3764 Hoc
831 3727 1012 3762 nomen
1041 3715 1254 3776 plerum-
1319 3729 1499 3776 nempe
1537 3717 1659 3790 quot
1694 3713 1879 3776 oppida
1912 3713 2221 3774 Volscorum,
2262 3719 2339 3763 tot

231 3781 570 3842 quedesignat
589 3779 754 3828 locum
771 3778 936 3841 ipsum
955 3779 1007 3827 in
1027 3778 1256 3827 Palatino
1317 3793 1513 3842 genera,
1550 3793 1582 3826 1.
1612 3793 1655 3827 c.
1696 3778 1883 3840 populi.
1923 3778 2055 3828 Bur.
2120 3779 2198 3828 ef.
2222 3779 2337 3828 Fes-

233 3850 406 3892 monte
421 3843 546 3892 Pani
555 3841 721 3908 Lyceo
735 3848 1085 3892 consecratum.
1109 3843 1255 3892 Ovid.
1317 3847 1398 3892 tus
1422 3859 1466 3892 v.
1492 3842 1759 3892 Palatium.

231 3909 371 3958 Fut.
387 3909 439 3956 ii.
457 3909 564 3969 381.
618 3907 720 3956 Hic
741 3907 952 3956 dubitari
973 3922 1071 3955 non
1095 3911 1257 3968 potest
1386 3917 1414 3969 7
1445 3909 1657 3969 Lyceum
1686 3907 1863 3966 Pana]
1937 3907 2045 3955 Pan
2072 3909 2233 3956 didm
2264 3910 2339 3955 est

233 3973 354 4035 quin
377 3973 611 4021 referatur
637 3973 702 4020 ad
729 3973 988 4020 ludicrum·
1052 3970 1256 4034 Scripsit
1316 3973 1523 4033 Lyceus,
1558 3971 1717 4033 inquit
1754 3970 1948 4020 Servius
1978 3972 2045 4019 ad
2077 3970 2203 4020 Aen.
2238 3969 2337 4019 viii.

233 4039 438 4086 fortune
476 4037 645 4085 Livius
685 4037 958 4098 Lupercale
999 4036 1088 4084 Ιιοο
1128 4037 1254 4084 tuda·-
1320 4049 1428 4098 343.
1449 4037 1580 4099 quod
1599 4037 1741 4098 lupos
1760 4051 1859 4084 non
1880 4036 2011 4084 sinat
2030 4037 2087 4083 in
2106 4051 2217 4084 oven
2234 4049 2337 4082 eao—

231 4117 392 4161 σηοω,
423 4103 668 4164 quomodo
701 4101 904 4150 Sueten.
935 4099 987 4147 in
1021 4101 1148 4162 Aug.
1178 4113 1254 4162 31.
1317 4102 1440 4150 vire.
1509 4101 1681 4162 Lupus
1702 4100 1833 4148 enim
1856 4099 2059 4148 Graecis
2080 4105 2155 4146 est
2178 4096 2337 4146 λύκος.

233 4167 512 4228 Lupercale
533 4181 742 4215 sacrum.
781 4165 946 4215 cmv.
1008 4165 1135 4224 Hoc,
1155 4163 1188 4213 i.
1212 4179 1254 4213 e.
1321 4164 1464 4213 Idem
1502 4165 1573 4213 ait
1614 4163 1739 4212 Pani
1774 4171 1994 4212 montem
2030 4163 2249 4225 Lyceum
2284 4159 2337 4208 in

235 4239 404 4280 nostra
416 4245 610 4294 quoque
629 4235 793 4279 aetate
817 4231 1135 4288 celebratum,
1154 4243 1256 4277 mo·
1321 4227 1533 4276 Arcadia
1553 4233 1886 4278 consecratum
1902 4227 2065 4276 fiiisse.
2120 4225 2200 4273 De
2216 4227 2339 4274 Inui

237 4301 390 4344 nante
411 4296 630 4344 Perizon.
1319 4292 1653 4355 appellatione
1692 4292 1789 4342 vid.
1828 4292 1962 4342 Serv.
2004 4291 2071 4340 ad
2108 4289 2234 4340 Aen.
2272 4289 2337 4340 vi.

304 4357 338 4409 6
369 4361 454 4410 En
483 4376 540 4410 eo
561 4361 768 4423 genere]
823 4359 902 4408 Sc.
939 4357 1258 4415 Pallantin03
1325 4369 1432 4420 775.
1465 4358 1628 4408 canv-
