3000 4784
803 208 993 277 LIB.
1052 206 1139 278 II.
1200 206 1420 279 GAP‘.
1477 218 1581 279 50.
2127 217 2248 279 129

232 346 331 411 uid
359 346 619 411 deorum
650 348 863 427 oculis,
889 349 1197 437 quicquid
1226 350 1439 415 animo
1466 350 1759 428 occurrit,
1789 352 2144 449 precantur,
2175 362 2250 414 ut
2270 363 2336 415 U.
2359 363 2420 413 c.
2443 376 2552 425 275.

190 434 210 495 i
252 434 331 497 ud
358 456 582 521 agmen
622 433 893 499 faustum
934 448 1125 523 atque
1160 436 1313 501 felix
1354 437 1629 513 mittant,
1660 448 1923 523 sospites
1965 435 2142 501 brevi
2180 436 2249 499 in
2267 429 2330 479 Δ·
2362 429 2420 477 0·
2443 440 2554 489 477·

228 521 431 584 ati-iam
474 520 557 584 ad
598 534 891 607 parentes
930 523 1279 587 restituant.
1370 522 1694 587 Incassum
1739 523 1964 587 missae
2007 544 2244 609 preces.

279 606 411 671 elici
432 606 535 671 via
554 606 781 673 dextro
812 606 968 673 Iano
988 622 1205 696 portae
1229 608 1652 674 Carmentalis
1671 609 1956 695 profecti,
1979 608 2063 673 ad
2087 607 2250 673 Cre-

186 693 670 757 meram-flumen
700 695 1095 781 perveniunt.
1187 694 1253 759 Is
1272 718 1313 759 o
1356 708 1667 781 portunus
1687 696 1856 759 visus
1877 694 2052 760 locus
2073 718 2248 759 com-

187 780 513 844 muniendo
570 780 901 866 praesidio.
993 781 1069 846 L.
1118 781 1305 846 Aem'
1336 782 1433 846 ius
1490 782 1644 846 inde
1686 794 1752 846 et
1801 780 1878 847 C.
1945 781 2246 847 Servilius
2266 792 2334 841 U.
2358 792 2416 840 c.
2442 790 2549 853 276.

185 864 447 930 consules
472 866 643 930 facti.
732 866 841 943 Et,
870 868 1077 933 donec
1114 868 1276 933 nihil
1302 867 1477 933 aliud
1507 888 1698 955 quam
1727 868 1795 931 in
1823 891 1908 956 po
1951 868 2246 933 ulationi-
2264 858 2324 967 ἓ·
2345 856 2417 968 ξ·
2439 854 2550 967 451?-

186 951 287 1014 bus
312 974 407 1019 res
430 952 573 1029 fuit,
604 976 736 1017 non
766 954 848 1017 ad
869 953 1251 1040 praesidium
1292 955 1481 1019 modo
1512 954 1848 1019 tutandum
1890 892 2066 1019 fabii
2096 954 2244 1019 satis
2264 956 2338 1033 11'⁸
2357 934 2556 1034 0ῗῖμο

184 1052 359 1113 erant,
388 1038 499 1103 sed
530 1052 665 1103 tota
702 1040 977 1140 regione,
1053 1063 1137 1104 ua
1178 1040 1425 1105 Tuscus
1454 1063 1605 1128 ager
1646 1041 1937 1106 Romano
1981 1041 2242 1118 adiacet,
2264 1047 2378 1097 vilio
2399 1049 2538 1098 0⁰⁸⁶·

184 1144 283 1186 sua
328 1138 461 1189 tuta
500 1127 737 1203 omnia,
782 1126 1009 1191 infesta
1096 1128 1346 1203 ostium,
1391 1140 1690 1215 vagantes
1739 1150 1854 1213 per
1903 1140 2116 1191 utrum
2163 1151 2244 1191 ue
2361 1152 2369 1160 ·

184 1208 373 1287 finem,
402 1212 627 1277 fecere.
719 1212 1127 1277 Intervallum
1156 1213 1389 1277 deinde
1429 1214 1603 1277 haud
1643 1236 1944 1299 magnum
1981 1235 2154 1300 popu
2179 1237 2246 1278 a·

184 1296 437 1362 tionibus
462 1298 625 1362 fuit:
674 1298 829 1363 dum
858 1312 925 1363 et
954 1300 1279 1377 Veientes,
1310 1300 1513 1363 accito
1543 1322 1624 1363 ex
1657 1299 1913 1363 Etruria
1939 1300 2242 1377 exercitu,

220 1384 539 1450 raesidium
566 1383 905 1450 Cremerae
936 1409 975 1450 o
1020 1399 1341 1473 pugnant3
1388 1397 1454 1449 et
1479 1386 1805 1450 Romanae
1836 1385 2134 1473 legioneS,
2166 1388 2244 1451 ab

286 1469 549 1535 Aemilio
578 1472 837 1537 consule
878 1409 1212 1549 addhctae,
1242 1472 1528 1536 cominus
1555 1494 1716 1537 cum
1735 1472 2016 1537 Etruscis
2057 1472 2242 1537 dimi·

183 1570 313 1618 cant
345 1558 514 1621 acie:
563 1580 931 1646 quanquam
960 1558 1067 1623 vix
1105 1558 1420 1645 dirigendi
1460 1558 1662 1623 aciem
1691 1560 1964 1645 spatium
2003 1558 2244 1624 Veien-

184 1640 330 1705 tibus
376 1642 527 1708 fuit:
594 1644 757 1710 adeo
805 1645 973 1709 inter
1020 1644 1287 1732 primam
1340 1646 1846 1732 trepidationem,
1895 1646 2048 1709 dum
2217 1659 2244 1711 t
2331 1664 2350 1683 '

148 1726 343 1812 ⁸<signa
376 1730 633 1795 ordines
666 1732 1010 1808 introeunt,
1041 1732 1443 1818 subsidiaque
1484 1732 1719 1810 locant,
1749 1733 1997 1797 invecta
2033 1754 2108 1797 su
2151 1733 2244 1797 ito

182 1813 251 1875 ab
286 1814 470 1881 latere
518 1817 816 1883 Romana
936 1819 1143 1882 uitum
1182 1818 1299 1895 ala,
1332 1841 1460 1883 non
1505 1842 1754 1905 pugnae
1791 1819 1982 1883 modo
2017 1818 2241 1905 incipi-

184 1900 383 1979 endae,
426 1904 539 1971 sed
582 1905 900 1969 consisteri
946 1906 988 1981 i,
1030 1905 1267 1970 ademit
1310 1904 1538 1970 locum.
1631 1904 1748 1980 Ita,
1789 1906 1912 1969 fusi
1948 1918 2116 1970 retro
2159 1906 2242 1969 ad

146 1986 315 2051 6saxa
352 1988 587 2069 Rubra,
621 1991 741 2075 (ibi
780 2006 983 2056 castra
1018 1992 1366 2077 habebant)
1438 2014 1613 2057 acem
1645 1991 1958 2079 supplices
2077 2004 2236 2056 tunt.

150 2064 371 2139 ⁷Cuius
396 2077 481 2141 im
569 2090 785 2154 tratae,
818 2079 897 2141 ab
927 2078 1117 2142 insita
1144 2078 1371 2143 animis
1434 2078 1684 2155 evitate,
1717 2092 1862 2143 ante
1893 2016 2240 2143 dediictum

188 2154 464 2227 Cremera
560 2186 861 2229 ornanum
888 2164 1288 2251 praesidium,
1318 2165 1652 2251 poenituit.

259 2244 489 2315 Rursus
514 2273 667 2315 cum
698 2250 905 2315 Fabiis
932 2263 1069 2315 erat
1097 2250 1357 2316 Veienti
1386 2251 1642 2338 populo,
1673 2252 1808 2317 sine
1831 2252 1962 2317 ullo
1989 2252 2242 2316 maioris
2357 2248 2458 2307 50.
2506 2328 2517 2338 ·

186 2330 315 2395 belli
357 2351 678 2423 apparatu,
720 2351 1072 2403 certamen:
1120 2361 1241 2402 nec
1293 2352 1473 2403 erant
1514 2338 1904 2403 incursiones
1942 2340 2132 2404 modo
2171 2340 2239 2403 in
2261 2328 2538 2405 Fabidi1-

184 2438 359 2502 agros‚
380 2436 488 2488 aut
514 2424 711 2488 subiti
738 2424 1013 2510 impetus
1041 2424 1516 2501 meursantium,
1539 2425 1652 2488 sed
1681 2424 2012 2509 aliquoties
2035 2446 2241 2512 aequo
2255 2399 2444 2507 3¹3?
2459 2408 2554 2440 ’Μ’

184 2526 381 2592 campo
429 2510 800 2595 collatisque
850 2511 1045 2597 signis
1096 2522 1437 2575 certatum:
1500 2532 1784 2596 gensque
1837 2532 1966 2573 una
2105 2511 2241 2597 puli

188 2587 435 2659 Romani
462 2619 653 2683 saepe
684 2618 765 2661 ex
806 2597 1297 2684 opulentissima,
1330 2609 1402 2659 ut
1442 2608 1578 2660 tum
1609 2618 1708 2660 res
1736 2608 1934 2671 erant,
2039 2610 2246 2661 trusca

184 2676 409 2745 civitate
446 2683 778 2747 victoriam
816 2682 978 2748 tulit.
1071 2681 1149 2747 Id
1193 2683 1397 2769 primo
1440 2683 1740 2746 acerbum
1779 2682 2114 2769 indignum
2161 2706 2242 2748 ue

186 2759 533 2835 Veientibus
579 2770 802 2833 visum.
891 2768 1053 2834 Inde
1104 2768 1437 2833 consilium
1484 2792 1566 2833 ex
1615 2792 1682 2833 re
1733 2782 1953 2833 natum
2001 2707 2245 2834 insidiis

184 2847 433 2919 ferocem
468 2856 718 2921 hostem
757 2856 1053 2943 captandi
1075 2860 1119 2920 ε’
1219 2856 1415 2920 udere
1456 2856 1670 2933 etiam,
1712 2856 1916 2919 multo
1955 2852 2246 2921 successu

188 2932 371 3003 Fabiis
408 2943 733 3007 audaciam
775 2965 1068 3008 crescere.
1198 2956 1385 3029 taque
1426 2957 1497 3007 et·
1529 2966 1760 3030 pecora
1795 2942 2244 3031 praedantibus

186 3020 509 3109 aliquoties»,
534 3028 711 3093 velut
739 3052 885 3093 casu
916 3030 1302 3106 incidissent,
1336 3030 1582 3096 obviam
1602 3044 1765 3095 acta:
1814 3041 1883 3093 et
1904 3031 2244 3117 agrestium

184 3106 317 3194 fuga
340 3116 490 3180 vasti
530 3113 735 3181 relicti
774 3116 941 3202 agri.
990 3129 1057 3181 et
1084 3116 1361 3181 subsidia
1400 3128 1802 3192 armatorum,
1832 3115 1916 3180 ad
1944 3117 2245 3181 arcendas

184 3214 259 3277 po
296 3198 596 3266 ulationes
646 3202 851 3279 missa,
904 3225 1007 3266 sae
1053 3203 1151 3266 ius
1196 3202 1506 3279 simulam,
1557 3224 1748 3288 quam
1797 3222 1968 3279 vero,
2013 3225 2242 3288 pavore

149 3293 245 3343 8re
304 3303 539 3371 gerunt.
633 3287 897 3375 Iamque
930 3226 1108 3355 Faliii
1136 3288 1295 3353 adeo
1335 3300 1846 3375 contempserant
1874 3287 2140 3367 hostem,
2172 3303 2243 3353 ut

152 597 175 641 3

149 663 175 703 4

242 3456 269 3503 3
300 3448 485 3508 Insolici
516 3452 626 3510 via]
682 3452 889 3511 Propter
910 3449 1171 3497 Fabiorum
1310 3462 1337 3509 5
1381 3449 1588 3497 Ordines
1621 3450 1893 3507 introeunt]
1962 3449 2098 3497 Dum
2136 3455 2246 3511 post

186 3506 487 3562 calamitatem
512 3530 599 3576 per
618 3513 881 3577 prolepsim
905 3514 1049 3563 dicta.
1238 3512 1371 3574 signa
1394 3511 1586 3559 ordines
1608 3511 1864 3560 instruunt.
1900 3512 2065 3561 Dona.

242 3588 269 3630 4
296 3576 474 3627 Dextro
504 3581 655 3638 Iano]
700 3580 797 3627 Per
829 3579 1053 3625 dextrum
1090 3578 1167 3625 Iar-
1295 3574 1327 3625 6
1359 3576 1495 3623 Sata
1531 3577 1729 3634 Rubra]
1783 3576 1846 3623 In
1885 3576 1964 3624 via
2000 3576 2246 3625 Flaminia

188 3646 308 3706 num,
326 3638 421 3688 sive
450 3643 705 3691 transitum
740 3650 907 3704 portae
937 3642 1168 3691 Carmen-
1232 3641 1297 3688 ad
1317 3654 1502 3687 nonum
1525 3640 1587 3687 ab
1610 3640 1729 3687 urbe
1750 3639 1980 3701 lapidem.
2025 3642 2088 3690 cf.
2111 3641 2244 3689 Gen.

188 3699 295 3751 *alla
359 3704 503 3755 Ianus
523 3706 653 3755 enim
685 3706 927 3754 interdum
962 3704 1169 3753 sumitur
1233 3704 1443 3766 Topogr.
1472 3704 1620 3751 Rom.

190 3773 263 3833 1³30
290 3770 491 3825 quodam
524 3769 661 3833 quasi
691 3770 874 3818 fornice
906 3784 994 3831 per
1022 3784 1167 3831 quem
1300 3780 1325 3829 7
1358 3768 1566 3826 Pacem]
1613 3783 1680 3815 sc.
1711 3766 1936 3816 Indutias
1965 3768 2016 3817 in
2059 3784 2244 3817 annum

192 3838 257 3871 “¹⁸
286 3836 454 3888 pateat.
518 3833 689 3885 Cicero
711 3834 774 3882 de
796 3834 916 3883 Nat.
942 3834 1090 3883 Deor.
1118 3832 1167 3881 ii.
1232 3833 1403 3881 decem
1426 3832 1682 3879 mensium.
1717 3832 1768 3879 N
1772 3832 1921 3881 iebhr.
1943 3832 1994 3881 ii.
2017 3847 2066 3895 p.
2091 3848 2202 3883 200.

190 3884 257 3947 67·
334 3896 651 3949 Trou-titiones
696 3901 895 3959 perviae
938 3900 1056 3947 lam·
1100 3897 1169 3945 di-
1299 3896 1329 3943 8
1362 3899 1564 3959 Jamque
1595 3898 1766 3955 Fabia]
1825 3895 1988 3944 Aliam
2029 3898 2244 3945 fabulam

191 3960 357 4005 cuntur.
398 3962 718 4011 Carmentalis
733 3962 877 4025 igitur
893 3968 1034 4024 porta
1048 3963 1172 4011 duos
1236 3968 1397 4007 narrat
1428 3960 1578 4009 Dion.
1603 3959 1678 4019 jx.
1721 3975 1792 4023 19.
1848 3960 2034 4009 scilicet
2067 3960 2245 4009 Fabios

192 4016 299 4065 2⁸1oe
318 4024 456 4073 Imm
476 4027 575 4075 sive
597 4028 825 4075 transitus
846 4025 1044 4075 habuit:
1082 4040 1171 4087 per
1232 4024 1441 4073 inermes
1482 4040 1642 4085 neque
1685 4024 1949 4085 exploratis
1995 4025 2246 4074 itineribus

192 4077 393 4133 dextrum
432 4092 629 4151 profecti
664 4096 777 4139 sunt
815 4090 968 4139 Fabii.
1009 4090 1167 4139 Ciu-w.
1236 4089 1447 4136 Romam
1466 4090 1684 4136 adsacra
1697 4087 1896 4162 gentilia
1911 4086 2060 4151 (sc.in
2077 4094 2244 4135 monte

191 4142 477 4202 “Carmentis
490 4162 659 4217 portae
672 4155 843 4202 dextro
859 4154 935 4203 via
950 4152 1171 4215 proxima
1236 4150 1508 4213 Quirinali)
1553 4152 1848 4213 perficienda
1895 4154 2154 4214 profectos,
2195 4156 2244 4197 et

196 4203 305 4255 1⁸¹¹⁰
330 4220 413 4273 αἱ,
439 4217 505 4269 ire
538 4235 624 4281 per
656 4218 782 4267 hanc
814 4218 934 4277 noli,
955 4217 1172 4279 quisquis
1235 4232 1323 4278 per
1360 4215 1558 4264 insidias
1593 4217 1656 4263 ab
1697 4216 1916 4264 Etruscis
1955 4216 2250 4275 interceptos

193 4284 270 4335 esp
292 4290 425 4327 omen
450 4282 646 4332 habet-'⁵
679 4282 971 4333 Ovid.Fast.
988 4282 1036 4331 ii.
1063 4296 1168 4331 201.
1234 4295 1352 4329 esse.

192 4334 247 4382 cf-
270 4336 439 4393 Festus.
460 4362 503 4396 v.
526 4348 767 4409 Reuffiom·
790 4354 874 4395 m.

268 4419 401 4469 ΥΟΕ.
432 4428 471 4474 Ῑ.
1859 4422 1906 4463 Κ
