3000 4784
381 326 448 377 U.
470 326 530 377 0.
557 324 667 390 35⁶·

377 392 438 451 A·
471 390 532 441 0·
557 389 667 455 396·

379 593 604 645 Vincunt

380 660 612 709 Romani.

495 1266 592 1327 14.

447 2868 462 2882 ·
531 2867 545 2881 ·
569 2840 679 2893 35⁷·

517 2906 670 3006 {1231ss

390 2832 454 2945 Ρεὲ

467 2830 532 3006 <200

391 2958 466 3133 555⁴

473 3028 560 3135 *3

503 3504 602 3599 155

561 3057 576 3071 .
599 3020 685 3070 Tr.

703 188 832 249 304
1471 180 1701 249 ΤΙΤΙ
1760 178 2031 249 LIVII

707 318 1012 385 memoria
1039 316 1466 383 damnationis
1497 316 1703 405 Sergii
1732 340 1807 383 ae
1841 316 1906 381 V
2028 317 2139 381 nii.
2229 314 2457 403 Itaque
2484 337 2519 379 e
2550 313 2813 379 maiori-
2830 344 2845 375 ι

705 405 826 471 bus
868 404 1106 481 castris,
1145 403 1318 469 unde
1363 415 1555 468 antea
1596 416 1909 469 cessatum
2020 416 2174 480 erat,
2223 402 2399 466 brevi
2440 400 2655 488 spatio
2698 402 2817 465 cir-

706 491 1086 556 cumductae
1121 490 1342 576 copiae
1375 489 1760 576 CapenateS,
1792 490 1861 553 in
1900 488 2137 553 vallum
2180 487 2544 554 Romanum
2576 506 2817 561 versos,

707 578 787 643 ab
817 590 996 664 tergo
1035 575 1510 663 aggrediuntur.
1604 575 1767 640 Inde
1807 594 2026 663 pugna
2062 587 2291 663 coepta
2327 587 2395 639 et
2424 572 2697 637 Faliscis
2726 572 2821 635 in-

707 662 855 729 tulit
885 676 1207 739 terrorem,
1243 660 1761 749 trepidantesque
1804 660 2054 748 eruptio
2082 683 2167 725 ex
2205 660 2423 725 castris
2451 672 2817 760 opportune

705 749 872 814 facta
905 748 1152 813 avertit.
1246 746 1567 834 Repulsos
1593 746 1831 813 deinde
1866 747 2139 812 insecuti
2174 747 2443 811 victores
2479 758 2821 832 mgentem

707 834 1052 901 ediderunt
1078 832 1359 899 caedem.
1453 832 1522 897 N
1523 857 1597 899 ec
1626 835 1719 899 ita
1746 832 1951 897 multo
1978 833 2277 920 postiam
2304 832 2597 933 palantes
2618 830 2825 895 veluti
2926 854 2928 859 ·

705 921 870 986 sorte
917 921 1113 986 oblati
1157 919 1565 1007 populatores
1617 919 1964 1007 Capenatis
2020 920 2154 1006 agri
2208 918 2511 1004 reliquias
2608 938 2825 1004 ugnae

709 1008 1149 1095 absumpsere:
1197 1020 1264 1071 et
1285 1005 1661 1071 Veientium
1690 1006 2075 1092 refugientes
2094 1006 2165 1069 in
2194 1005 2417 1069 urbem
2447 1026 2561 1067 mu
2586 1004 2643 1067 ti
2676 1016 2825 1067 ante
2928 1070 2930 1079 ,

709 1106 922 1181 portas
955 1094 1140 1170 caesi,
1172 1092 1329 1157 dum
1364 1114 1513 1179 prae
1554 1107 1752 1169 metu,
1784 1115 1865 1156 ne
1901 1092 2091 1156 simul
2129 1092 2459 1155 Romanus
2502 1091 2827 1177 irrumpe-

710 1194 828 1259 ret,
859 1179 1124 1245 obiectis
1151 1179 1392 1244 foribus
1423 1192 1741 1245 extremos
1768 1200 2027 1243 suorum
2056 1176 2399 1243 exclusere.

801 1266 983 1332 Haec
1014 1289 1091 1332 eo
1121 1288 1290 1331 anno
1319 1278 1476 1331 acta.
1557 1264 1643 1329 Et
1672 1265 1800 1329 iam
1822 1264 2081 1329 comitia
2107 1264 2509 1329 tribunorum
2540 1264 2825 1329 militum

711 1352 997 1431 aderant,
1043 1374 1316 1439 quorum
1357 1372 1557 1439 prope
1604 1350 1805 1416 maior
1844 1350 2161 1427 PatribuS,
2208 1373 2401 1437 quam
2442 1350 2623 1429 belli,
2672 1372 2827 1416 cura

712 1453 887 1517 erat3
950 1439 1190 1539 quippe
1240 1461 1372 1503 non
1417 1438 1957 1503 communicatum
2004 1436 2197 1502 modo
2252 1460 2403 1501 cum
2446 1436 2667 1525 plebe,
2714 1436 2829 1501 sed

711 1548 912 1627 prope
955 1548 1274 1601 auussum,
1319 1523 1729 1589 cernentibus
1772 1545 2091 1588 summum
2134 1523 2493 1611 imperium.
2590 1522 2825 1610 Itaque
2932 1537 2934 1557 ¹

714 1610 1070 1677 clarissimis
1127 1611 1277 1676 viris
1323 1634 1408 1675 ex
1463 1610 1815 1697 composito
1860 1610 2248 1697 praeparatis
2298 1610 2379 1674 ad
2436 1610 2826 1697 petendum,

713 1720 876 1784 quos
941 1696 1392 1783 praetereundi
1461 1696 1913 1762 verecundiam
1984 1696 2319 1761 crederent
2383 1695 2545 1775 fore,
2617 1696 2827 1761 nihilo

713 1782 926 1847 minus
961 1783 1101 1869 ipsi,
1145 1782 1413 1869 perinde
1461 1806 1536 1848 ac
1580 1782 1635 1847 si
1676 1806 1899 1849 omnes
1942 1782 2265 1848 candidati
2308 1797 2543 1862 essent,
2590 1797 2829 1849 cuncta

713 1869 1136 1956 experientes,
1177 1890 1310 1933 non
1343 1869 1637 1934 homines
1672 1869 1883 1947 mod0‚
1924 1869 2039 1933 sed
2079 1868 2233 1935 deos
2276 1870 2487 1948 etiam,
2536 1871 2865 1971 excipien

713 1955 902 2032 bant3
979 1955 1046 2019 in
1099 1954 1474 2041 religionem
1531 1969 1853 2021 vertentes
1910 1955 2171 2020 comitia
2235 1956 2499 2023 biennio
2558 1957 2823 2023 habita:

759 2040 922 2106 riore
941 2063 1110 2105 anno
1133 2041 1595 2106 intolerandam
1625 2042 1905 2106 hiemem
1978 2042 2112 2106 rod‘
2163 2043 2201 2058 ”
2282 2066 2364 2108 ue
2382 2043 2619 2108 divinis
2648 2042 2830 2108 simi-
2937 2102 2938 2105 ,

738 2149 842 2191 em
901 2140 1219 2193 coortam:
1281 2128 1575 2229 proximo
1626 2150 1761 2193 non
1816 2152 1865 2216 p
1984 2128 1997 2142 ’
2050 2128 2063 2142 '
2342 2129 2471 2194 iam
2528 2144 2825 2206 eventus,

713 2214 1140 2301 pestilentiam
1185 2237 1348 2301 agr1s
1392 2215 1535 2279 urbi
1582 2237 1663 2279 ue
1704 2214 1943 2279 illatam
1982 2214 2157 2280 haud
2200 2216 2397 2282 dubia
2438 2217 2535 2282 ira
2576 2218 2823 2283 deum:

762 2322 876 2364 uos
921 2301 1118 2387 pestis
1162 2302 1300 2365 eius
1345 2238 1655 2365 arcendae
1702 2323 1892 2365 causa
1932 2300 2274 2388 placandos
2316 2326 2473 2381 esse,
2519 2304 2592 2367 in
2644 2304 2827 2369 libris

739 2384 1006 2451 atalibus
1048 2387 1382 2451 inventum
1425 2387 1526 2450 sit.
1622 2384 1937 2465 comitiis,
1982 2387 2307 2475 auspicato
2356 2413 2521 2476 quae
2568 2391 2825 2467 flerent,

713 2471 1050 2621 infflum
1074 2471 1198 2537 diis
1211 2473 1418 2537 visum
1447 2472 1719 2537 honores
1736 2472 1999 2559 vulgari,
2018 2473 2510 2563 discriminaque
2526 2478 2827 2564 gentium

715 2580 792 2623 co
955 2557 1040 2623 di.
1161 2558 1618 2645 Praeterquam
1687 2560 2013 2624 maiestate
2072 2563 2450 2647 petentium,
2508 2562 2825 2651 religione
2844 2590 2869 2637 3

716 2644 908 2708 etiam
961 2644 1215 2709 attoniti
1261 2644 1553 2709 homines
1601 2645 1900 2731 patricios
1946 2668 2186 2725 omnes
2232 2663 2477 2735 partem
2520 2672 2825 2751 magnam

716 2729 1270 2795 honoratissimum
1358 2753 1507 2795 uem
1556 2753 1657 2807 ue,
1695 2731 1983 2797 tribunos
2026 2733 2301 2799 militum
2344 2736 2665 2801 consulari
2711 2760 2829 2824 po-

717 2826 944 2879 testate
989 2837 1300 2893 creavere‚
1313 2753 1417 2880 (l...
1439 2754 1769 2881 Vffierium
1812 2818 2097 2883 Potitum
2140 2822 2459 2907 quintum,
2499 2822 2596 2887 M.
2624 2823 2827 2889 Vale-

715 2900 884 2964 rium
913 2898 1296 2977 Maximum,
1329 2901 1426 2966 M.
1461 2901 1727 2967 Furium
1760 2902 2107 2969 Camillum
2138 2908 2419 2986 tertium,
2452 2908 2529 2973 L.
2552 2908 2823 2975 Furium
2840 2942 2869 2985 4

721 2983 1155 3049 Medullinum
1195 2987 1474 3064 tertium,
1526 2988 1608 3063 Q,
1636 2988 1975 3054 Servilium
2014 2991 2389 3059 Fidenatem
2434 2994 2693 3073 iterum,
2738 2996 2820 3071 Q.

722 3069 1076 3169 Sulpicium
1133 3069 1549 3136 Camerinum
1607 3075 1858 3140 iterum.
1970 3075 2095 3142 His
2153 3080 2423 3145 tribunis
2479 3081 2564 3146 ad
2621 3082 2825 3148 Veios

718 3156 878 3221 nih1l
909 3156 1254 3222 admodum
1285 3160 1694 3225 memorabile
1735 3175 1947 3226 actum
1980 3175 2093 3228 est.
2186 3164 2357 3231 Tota
2382 3168 2477 3232 vis
2516 3169 2586 3233 in
2708 3192 2825 3257 pu-

717 3242 1060 3309 lationibus
1087 3244 1224 3309 fuit.
1302 3244 1454 3309 Duo
1485 3247 1717 3310 summi
1746 3248 2172 3335 imperatores,
2197 3251 2448 3318 Potitus
2469 3277 2510 3318 a
2538 3253 2593 3317 F
2652 3256 2823 3331 eriis,

724 3328 1036 3395 Camillus
1065 3354 1102 3396 a
1135 3329 1237 3396 Ca
1318 3354 1419 3408 na,
1451 3332 1715 3419 praedas
1744 3334 2035 3421 ingentes
2062 3360 2269 3424 egere,
2300 3340 2477 3406 nulla
2514 3341 2823 3408 ineolumi

720 3416 941 3481 relicta
969 3439 1057 3495 re,
1089 3418 1194 3483 cui
1247 3440 1388 3483 erro
1417 3431 1529 3484 aut
1557 3418 1689 3505 igni
1719 3420 1935 3485 noceri
1964 3438 2191 3509 posset.

807 3500 1112 3591 Prodigia
1152 3505 1408 3569 interim
1453 3504 1656 3569 multa
1694 3506 2012 3585 nuntiari3
2067 3532 2341 3596 quorum
2384 3513 2716 3603 pleraque,
2760 3528 2825 3581 et

789 3720 810 3754 1
847 3707 900 3755 E
916 3709 1181 3759 maior-dms
1201 3714 1398 3773 caetris]
1433 3711 1739 3773 praepositio
1802 3714 2037 3776 loquendi
2052 3715 2173 3765 ratio
2188 3732 2305 3780 prox
2334 3725 2677 3783 praeterquam
2692 3722 2823 3785 quod

719 3784 748 3819 e
772 3784 898 3831 quae
931 3786 981 3818 m
1053 3772 1144 3823 lur.
1174 3775 1284 3824 edd.
1319 3775 1400 3824 hic
1433 3776 1740 3837 disideratur,
1801 3778 2058 3827 maiestate
2100 3782 2375 3842 petentium
2426 3784 2625 3833 attoniti
2670 3792 2821 3835 erant.

719 3837 772 3881 ot
813 3848 963 3909 qnam
1055 3850 1166 3884 rsan
1219 3838 1361 3887 litera
1405 3839 1566 3888 finalis
1608 3840 1739 3889 vocis
1804 3842 2020 3893 smum.
2542 3902 2549 3909 ,

721 3910 945 3958 proxime
983 3901 1321 3960 praecedentis
1351 3902 1575 3963 eliserat:
1596 3919 1658 3952 ex
1690 3920 1738 3953 e-
1876 3924 1908 3967 4
1949 3908 2208 3957 Camillum
2241 3912 2465 3972 Mum]
2522 3914 2735 3973 Iterum,
2770 3920 2822 3962 ut

721 3960 884 4009 mend.
911 3960 1113 4039 Douiat.
1137 3966 1353 4027 reposuit
1376 3966 1591 4016 Bekkor.
1807 3968 1859 4018 N
1860 3970 2014 4020 iebhr.
2060 3977 2111 4020 et.
2162 3972 2400 4035 Burgheu.
2447 3976 2628 4039 placet.
2710 3978 2823 4035 Sed,

787 4038 815 4072 ἰ
850 4025 1204 4101 Eaectpubant]
1244 4029 1307 4077 In
1330 4036 1492 4093 partes
1514 4046 1625 4080 suas
1646 4036 1741 4081 tra·-
1806 4034 2028 4095 quamvis
2057 4050 2156 4084 non
2183 4052 2247 4085 ex
2278 4040 2347 4087 rei
2376 4039 2597 4101 veritate,
2618 4048 2674 4091 at
2696 4048 2824 4091 certe

721 4086 919 4138 hebant.
960 4089 1022 4139 cf.
1044 4089 1150 4141 c1e.
1175 4094 1238 4143 de
1261 4094 1398 4145 Orat.
1427 4094 1477 4145 ii.
1506 4096 1552 4144 8.
1575 4098 1643 4144 ad
1660 4112 1741 4145 ει·-
1805 4112 1867 4146 ex
1900 4098 2027 4147 Livii
2060 4101 2302 4150 sententia
2330 4104 2575 4153 Camillus
2608 4106 2823 4155 tribuna-

719 4154 974 4215 cipiendan
993 4170 1159 4205 aarum
1179 4158 1468 4209 volumen.
1504 4158 1721 4209 Suro-tn.
1804 4166 1912 4209 tum
1936 4162 2149 4212 militum
2172 4178 2304 4227 supr.
2334 4180 2374 4215 1.
2408 4168 2575 4230 gemit,
2596 4170 2725 4219 nihil
2748 4172 2825 4219 hic

779 4230 808 4278 3
837 4218 1195 4284 Praeterquam
1209 4224 1486 4284 maiestate]
1502 4222 1742 4285 Elliptica
1808 4226 1885 4273 vel
1908 4240 2037 4289 supr.
2063 4241 2137 4278 ro.
2158 4230 2451 4279 mutandum
2474 4240 2647 4282 censet
2668 4236 2810 4285 Crev.
