3000 4784
834 154 1025 223 LIB.
1082 154 1169 223 11.
1231 154 1451 223 CAP.
1498 160 1602 223 56.
2155 164 2279 225 135

144 283 463 365 silentio,
494 311 690 375 quam
728 292 1059 357 consulum
1104 292 1389 379 imperio,
1436 286 1505 357 et
1549 292 1781 371 dicere,
1828 292 2106 357 ‘Actum
2145 316 2280 357 esse
2301 321 2367 371 n,
2390 322 2449 371 ο,
2475 320 2584 369 281.

150 380 173 407 ‘
200 371 305 437 de
342 372 641 441 libertate
668 400 819 455 sua3
849 400 1065 443 rursus
1084 379 1167 443 ad
1188 378 1451 466 antiqua
1468 378 1782 457 reditum3
1813 402 1961 443 cum
1986 377 2279 444 Genucio
2299 386 2358 433 A·
2392 386 2451 435 G·
2480 394 2584 445 471·

154 466 179 495 ‘
204 482 371 525 una
394 476 711 528 mortuam
737 487 812 529 ac
840 464 1153 552 sepultam
1182 465 1581 531 tribuniciam
1607 477 2001 553 potestatem.
2078 464 2284 531 Aliud

154 553 179 582 ‘
202 548 581 697 affendum,
634 573 709 615 ac
754 551 1183 638 cogitandum,
1232 552 1553 639 quomodo
1601 552 1922 617 resistatur
1966 551 2280 617 Patribus.

156 640 179 668 ‘
204 631 249 697 I
352 648 569 700 autem
608 660 810 701 unum
848 637 1179 704 consilium
1218 661 1372 716 esse,
1422 650 1495 703 ut
1532 662 1598 703 se
1651 639 1786 727 ipsa
1835 638 2033 726 plebs,
2081 661 2284 726 quan-

96 740 134 787 9
157 728 181 756 ‘
204 720 315 787 do
381 721 561 788 aliud
620 723 781 789 nihil
836 725 1058 789 auxilii
1117 725 1366 803 habeat,
1426 724 1745 790 defendat.
1841 726 2162 801 Quattuor
2216 736 2286 790 et

156 816 181 843 ‘
204 808 467 893 viginti
518 809 769 875 lictores
818 834 1117 899 apparere
1164 812 1544 889 consulibus,
1593 824 1658 877 et
1707 834 1816 877 eos
1863 812 2031 898 ipsos
2079 810 2285 899 plebis

158 903 184 931 ‘
208 894 548 961 homines.
662 896 847 961 Nihil
898 899 1337 986 contemptius,
1390 921 1602 986 neque
1651 898 1982 976 infirmius,
2035 898 2088 963 si
2135 899 2284 975 sint,

160 990 185 1018 ‘
208 982 349 1067 qui
378 996 811 1049 contemnant.
878 984 1013 1050 Sibi
1088 1008 1362 1087 uemque
1390 1008 1469 1051 ea
1494 1006 1724 1072 magna
1749 998 1941 1072 atque
1970 984 2288 1051 horrenda

162 1078 185 1104 ⁶
210 1068 486 1133 facere!
574 1070 699 1135 His
736 1072 995 1137 vocibus
1035 1009 1141 1137 351
1184 1071 1339 1137 ahos
1377 1094 1580 1172 quum
1621 1072 2002 1149 incitassent,
2039 1071 2122 1137 ad
2150 1070 2286 1138 Vo-
2303 1082 2564 1159 Volerpnis

114 1176 139 1209 1
163 1154 483 1219 leronem
514 1156 881 1235 Publilium,
912 1156 993 1223 de
1024 1158 1209 1245 plebe
1240 1158 1585 1235 hommem,
1617 1157 1787 1245 quia,
1818 1158 1992 1243 quod
2032 1158 2286 1222 ordines
2301 1148 2522 1197 auduom.

162 1241 505 1319 duxisset,
566 1257 845 1330 negaret,
898 1267 965 1310 se
1017 1244 1285 1309 militem
1331 1244 1470 1309 fieri
1521 1243 1774 1321 debere,
1829 1244 2013 1309 lictor
2063 1244 2286 1309 miuus

166 1342 290 1393 est
366 1352 407 1393 a
478 1330 857 1395 consulibus.
977 1329 1214 1396 Volero
1286 1330 1561 1417 appellat
1637 1330 1942 1397 tribunos.
2067 1330 2288 1405 Quum

114 1436 147 1468 2
168 1413 439 1480 auxilio
482 1438 672 1481 nemo
712 1433 893 1495 esset,
942 1417 1231 1483 consules
1276 1416 1530 1505 spoliari
1579 1416 1923 1494 hominem,
1976 1430 2042 1482 et
2085 1416 2289 1503 virgas

170 1502 492 1589 expediri
522 1502 761 1569 iubent.
854 1513 873 1543 ‘
895 1504 1218 1583 Provoc0,'
1246 1504 1475 1590 inquit,
1510 1502 1628 1567 ‘ad
1653 1502 2003 1591 populum,’
2028 1503 2285 1580 Volero,

176 1597 199 1625 ‘
226 1589 549 1676 quoniam
578 1591 815 1655 tribuni
845 1592 1046 1656 civem
1078 1590 1441 1657 Romanum
1480 1590 1550 1654 in
1579 1602 1924 1677 conspectu
1951 1613 2068 1655 suo
2095 1590 2287 1676 virgis

180 1683 206 1711 ‘
228 1674 427 1741 caedi
466 1676 731 1755 malunt,
760 1700 955 1763 quam
994 1678 1115 1765 ipsi
1159 1678 1229 1742 in
1274 1677 1439 1742 lecto
1484 1698 1601 1742 suo
1647 1700 1687 1742 a
1729 1677 1906 1743 vobis
1953 1676 2292 1741 trucidari)

184 1763 359 1837 Quo
410 1762 682 1827 ferocius
739 1764 1117 1841 clamitabat,
1170 1786 1248 1829 eo
1304 1764 1592 1829 infestius
1649 1763 2172 1829 circumscindere
2224 1774 2294 1828 et

182 1848 473 1936 spoliare
517 1849 716 1915 lictor.
808 1850 979 1915 Tum
1016 1849 1267 1927 Volero,
1297 1862 1365 1915 et
1404 1848 1773 1938 praevalens
1815 1850 1970 1937 ipse,
2002 1863 2068 1915 et
2109 1848 2294 1917 adiu-

130 1949 165 1997 3
184 1935 498 2001 vantibus
540 1935 875 2013 advocatis,
920 1936 1171 2023 repulso
1215 1936 1455 2016 lictore,
1505 1938 1612 2003 ubi
1658 1936 2130 2023 indignantium
2173 1958 2292 2023 pro

184 2044 265 2087 se
308 2022 651 2087 acerrimus
684 2035 821 2087 erat
853 2022 1107 2102 clamor,
1137 2046 1217 2089 eo
1259 2046 1327 2088 se
1370 2024 1441 2087 in
1485 2024 1738 2089 turbam
1771 2022 2292 2089 confertissimam

189 2108 335 2173 reci
380 2108 452 2187 it,
512 2108 860 2186 clamitans,
937 2118 957 2149 ‘
979 2109 1280 2187 Provoco‚
1340 2124 1409 2175 et
1476 2110 1672 2175 fidem
1782 2108 1939 2175 lebis
2003 2110 2092 2174 im
2135 2109 2288 2174 loro.

194 2204 221 2233 ‘
242 2196 315 2259 A
364 2208 497 2259 este
541 2194 747 2260 cives!
792 2194 1005 2261 adeste
1050 2195 1550 2263 commilitones!
1593 2132 1782 2263 nihii)
1799 2210 1914 2275 est,
1959 2219 2052 2284 qu
2177 2218 2292 2261 ex-

197 2291 221 2321 ‘
242 2282 549 2368 spectetis
594 2283 898 2360 tribunos,
991 2282 1177 2347 uibus
1220 2283 1373 2371 ipsis
1417 2296 1626 2351 vestro
1671 2282 1908 2348 auxilio
1955 2306 2115 2370 opus
2158 2283 2292 2347 est!

200 2368 539 2433 Concitati
576 2368 882 2446 homines,
914 2392 989 2434 ve
1016 2370 1110 2434 uti
1152 2369 1236 2434 ad
1318 2368 1606 2447 roelium,
1635 2392 1704 2435 se
1745 2369 2131 2457 expediunt:
2181 2390 2293 2454 ap-

198 2456 445 2542 pareba
514 2478 615 2533 ue,
635 2478 824 2520 omne
842 2455 1183 2521 discrimen
1201 2393 1417 2521 adesse
1437 2479 1455 2533 ;
1487 2455 1648 2519 nihil
1667 2455 1965 2541 cuiquam
1983 2467 2292 2532 sanctum,

200 2564 343 2607 non
370 2544 507 2628 pub
534 2542 615 2606 'ci
642 2542 795 2621 fore,
827 2566 957 2607 non
986 2542 1211 2628 privati
1240 2542 1411 2607 iuris.
1483 2541 1659 2606 Huic
1691 2553 1901 2605 tantae
1932 2541 2294 2628 tempestati

200 2650 413 2715 quum
452 2650 519 2692 se
568 2628 855 2694 consules
902 2627 1294 2706 obtulissent,
1337 2628 1520 2693 facile
1568 2651 1605 2693 e
1734 2628 1815 2692 rti
1860 2639 2027 2705 sunt,
2073 2648 2296 2715 parum

204 2729 417 2780 tutam
468 2715 857 2781 maiestatem
908 2715 1044 2779 sine
1096 2716 1332 2781 viribus
1383 2738 1538 2781 esse.
1697 2713 1901 2779 iolatis
1949 2713 2294 2793 lictoribuS‚

202 2802 485 2866 fascibus
511 2801 740 2879 fractiS,
792 2826 827 2867 e
878 2802 1015 2869 foro
1063 2802 1134 2866 in
1191 2802 1430 2868 curiam
1481 2800 1987 2889 compelluntur3
2049 2800 2299 2879 incerti,

258 2901 531 2953 uatenus
602 2888 841 2955 Volero
927 2902 1251 2955 exerceret
1330 2889 1673 2954 victoriam.
1812 2886 2298 2953 Conticescente

258 2974 453 3039 einde
493 2976 789 3053 tumultu,
832 3000 1032 3063 quum
1074 2976 1143 3041 in
1186 2992 1475 3041 senatum
1518 2974 1729 3041 vocari
1771 2974 2112 3052 iussissent,
2142 2997 2301 3061 que-

210 3074 447 3125 runtur
506 3062 766 3127 iniurias
838 3086 998 3139 suas,
1057 3064 1186 3127 vim
1256 3062 1477 3150 plebis,
1541 3061 1880 3131 Voleronis
1949 3061 2298 3127 audaciam.

215 3146 449 3212 Multis
490 3147 787 3213 ferociter
830 3148 1017 3213 dictis
1062 3150 1409 3227 sententiis,
1457 3150 1662 3213 vicere
1709 3148 2006 3224 senioreS,
2048 3148 2300 3247 quibus,

214 3235 359 3385 irssc
382 3234 645 3334 1?an
718 3234 1012 3300 adversus
1083 3236 1503 3301 temeritatem
1575 3232 1780 3323 plebis
1850 3245 2097 3313 certam,
2171 3255 2302 3299 non

212 3344 261 3409 p
360 3334 473 3385 ult.

163 3432 199 3475 4
306 3406 699 3516 Voleronem
743 3408 1034 3496 amplexa
1064 3408 1274 3474 favore
1316 3408 1497 3497 plebs
1539 3406 1844 3495 proximis
1885 3406 2158 3472 comitiis
2194 3406 2307 3472 tri-
2424 3418 2530 3481 56.

282 3611 315 3659 9
350 3596 593 3653 Quaenam·
612 3600 663 3645 et
682 3595 883 3657 viginti]
920 3594 983 3643 cf.
1012 3608 1143 3656 supr.
1176 3592 1229 3643 ii.
1361 3608 1389 3641 α
1422 3592 1663 3655 spoliari]
1700 3592 1892 3655 Corpus
1923 3592 2124 3653 nudare,
2155 3591 2314 3644 scissis

226 3676 265 3709 1.
340 3658 497 3708 Moris
528 3665 631 3707 erat
662 3664 719 3707 ut.
753 3660 880 3707 alter
910 3660 1079 3707 consul
1112 3660 1229 3707 duo-
1293 3659 1373 3708 vel
1400 3655 1626 3706 laceratis
1647 3656 1876 3716 vestibus,
1897 3656 2051 3719 virgas
2071 3658 2309 3721 expediri,

220 3723 381 3773 decim
416 3722 613 3772 lictores
642 3738 757 3771 eum
786 3723 996 3771 fascibus
1015 3723 1234 3782 haberet,
1296 3724 1453 3771 fasces
1472 3718 1679 3784 religari,
1703 3720 1952 3783 virgasque
1981 3720 2098 3772 inde
2117 3724 2182 3771 ad
2203 3738 2310 3771 cae-

218 3790 433 3837 alta-um
462 3802 697 3836 accensus
729 3788 1055 3849 praecederet,
1077 3792 1127 3836 et
1148 3786 1234 3835 lic·
1296 3788 1514 3836 dendum
1536 3784 1756 3848 expromi
1777 3791 1926 3848 atque
1946 3785 2123 3860 parari.
2153 3786 2268 3836 Srn.

220 3859 353 3901 tores
384 3852 489 3901 sine
520 3851 730 3901 fiscibus
758 3868 887 3914 pone
906 3856 1233 3914 sequerentur.
1364 3865 1392 3913 3
1422 3851 1712 3909 Advocatis]
1774 3850 1844 3898 Iis
1875 3865 1960 3912 qm
1997 3866 2172 3899 causae
2208 3849 2314 3899 eius
2417 3903 2436 3916 ἱ

222 3918 427 3967 Sueton.
450 3917 593 3965 Caes.
618 3930 695 3965 20.
1298 3916 1461 3963 favere
1496 3930 1550 3963 se
1594 3914 1961 3976 profitebantur,
1995 3920 2046 3963 et
2087 3914 2136 3963 ei
2176 3916 2312 3978 apud

294 3997 315 4030 1
354 3982 497 4039 Quod
512 3983 704 4030 ordines
724 3980 963 4040 dua-isset]
1001 3978 1236 4029 Centurio
1300 3981 1558 4041 populum,
1596 3980 1661 4027 ad
1705 3994 1852 4041 quem
1894 3980 2206 4042 provocabat,
2241 3978 2312 4029 nf-

226 4045 413 4105 fuisset,
446 4050 497 4094 et
526 4045 708 4093 idcirco
746 4044 888 4093 miles
920 4043 1239 4105 manipularis
1300 4044 1503 4093 futuros.
1537 4043 1699 4092 Cluv-

228 4110 331 4159 fieri
368 4111 540 4159 nollet.
614 4110 730 4159 Hoc
766 4108 894 4157 inter
928 4108 1239 4157 incommoda
1373 4126 1404 4169 4
1438 4110 1628 4157 Favere
1657 4108 1816 4169 plebs]
1878 4106 2055 4156 Adhuc
2093 4104 2317 4153 videntur

228 4174 461 4223 militaria
494 4173 651 4236 plebis
686 4180 841 4232 erant,
866 4172 1041 4235 quibus
1074 4177 1241 4235 postea
1304 4170 1503 4220 comitia
1531 4172 1716 4220 curiata
1747 4177 2041 4233 potestatem
2065 4166 2316 4217 retinuisse

230 4238 419 4301 legibus
438 4255 469 4287 a
490 4238 547 4287 L.
572 4238 797 4289 Genucio
819 4237 931 4287 latis
950 4239 1240 4287 subventum
1304 4235 1611 4298 repudiandi,
1653 4250 1774 4297 quos
1826 4235 2033 4289 nollent,
2080 4232 2317 4293 tribunos,

228 4310 318 4353 cst.
354 4302 463 4352 infr.
486 4302 565 4352 vii.
589 4316 666 4364 41.
1304 4302 1391 4351 sed
1412 4300 1463 4349 in
1486 4299 1760 4365 praesentia
1781 4314 1873 4350 vox
1903 4296 2213 4359 patriciorum
2235 4298 2318 4347 ob-
