3000 4784
735 230 865 289 430
1502 221 1681 288 TIT
1694 223 1728 289 I
1783 218 2007 289 LIVI
2020 218 2055 287 Ι

411 372 480 422 U.
503 372 563 421 G.
585 386 698 432 412.
741 358 1038 423 Sidicinis
1089 357 1322 422 iniusta
1363 380 1559 435 arma,
1604 358 1755 445 quia
1796 359 2035 423 viribus
2081 356 2227 444 plus
2272 368 2589 443 poterant,
2648 376 2865 441 quumf

409 440 471 486 A.
503 438 562 487 0·
587 450 700 498 340·
733 444 1114 521 intulissent,
1155 443 1358 509 coacti
1401 445 1625 531 inopes
1668 445 1751 509 ad
1797 444 2271 531 opulentiorum
2322 442 2647 506 auxilium
2702 464 2839 504 con-

733 531 972 617 fugere,
1003 529 1350 617 Campanis
1378 553 1513 595 sese
1539 532 1953 618 coniungunt.
2028 528 2346 617 Campani
2376 530 2584 616 magis
2606 543 2866 593 nomen(-

734 617 817 680 ad
875 617 1258 705 praesidium
1315 616 1650 693 sociorum,
1706 640 1899 703 quam
1956 617 2140 693 vireS,
2194 638 2393 715 quum
2454 614 2839 685 attulissent,

734 703 1005 767 fluentes
1059 703 1220 767 luxu
1265 704 1346 767 ab
1391 702 1633 767 duratis
1684 726 1803 767 usu
1850 724 2169 767 armorum
2216 724 2285 765 m
2336 701 2631 766 Sidicino
2682 699 2837 787 pulsi

888 837 905 866 ,
931 789 1002 852 in
1030 811 1096 853 se
1126 789 1360 853 deinde
1392 789 1624 853 molem
1654 812 1911 854 omnem
1940 788 2091 853 belli
2118 800 2461 852 verterunt.
2540 786 2837 871 Namque

889 875 1072 952 niteS,
1098 876 1340 940 ominis
1375 874 1691 953 Sidicinis,
1723 876 1743 938 i
1952 897 2161 939 arcem
2190 874 2613 939 finitimorum
2652 872 2837 937 Cam·

735 984 934 1048 panos
981 962 1204 1038 adorti,
1259 961 1431 1027 unde
1482 984 1685 1048 aeque
1736 898 1937 1026 m
1986 960 2269 1037 victoria,
2322 960 2601 1048 praedae
2652 976 2837 1045 atque

735 1048 970 1135 gloriae
999 1048 1143 1135 plus
1173 1060 1354 1125 esset,
1388 1047 1618 1124 Tifata,
1650 1048 2058 1112 imminentes
2092 1046 2354 1134 Capuae
2390 1046 2608 1123 colles
2690 1066 2835 1109 uum

735 1134 1048 1221 praesidio
1113 1134 1297 1199 firmo
1354 1146 1790 1221 occupassent,
1848 1133 2249 1198 descendunt
2312 1133 2465 1197 inde
2526 1070 2837 1221 quazrato

735 1222 988 1307 agmine
1041 1222 1108 1284 in
1160 1220 1509 1306 planitiem,
1553 1242 1717 1305 quae
1764 1219 1865 1284 Ca
1906 1242 2055 1283 uam
2096 1219 2437 1306 Tifataque
2482 1220 2833 1283 interiacet.

736 1306 838 1372 Ibi
887 1330 1099 1372 rursus
1150 1308 1284 1371 acie
1336 1306 1747 1371 dimicatum:
1880 1328 2184 1392 versoque
2230 1305 2472 1393 proelio
2522 1305 2835 1392 Campani

735 1393 904 1458 intra
933 1394 1185 1459 moenia
1206 1392 1534 1480 compulsi,
1560 1415 1781 1479 quum,
1807 1393 2029 1457 robore
2058 1392 2409 1457 iuventutis
2434 1414 2593 1456 suae
2616 1392 2833 1465 acciso,

735 1480 913 1544 nulla
949 1481 1308 1567 propinqua
1345 1502 1487 1567 spae
1524 1492 1709 1556 esset,
1740 1478 1944 1544 coacti
1984 1491 2133 1542 sunt
2168 1479 2249 1542 ab
2278 1478 2597 1542 Romanis
2624 1494 2833 1565 petere

515 1568 618 1626 30.
737 1565 1062 1630 auxilium.
1155 1566 1402 1653 Legati,
1429 1565 1777 1630 introducti
1812 1566 1881 1628 in
1910 1578 2219 1641 senatum,
2252 1565 2531 1628 maxime
2570 1565 2641 1627 in
2678 1565 2835 1627 hanc

407 1647 654 1761 31318ῑὲ
655 1665 706 1760 οξ
737 1652 1120 1802 ῗίῐὲωηᾱωὲ
1161 1652 1358 1717 locuti
1398 1664 1587 1753 suntf
1640 1651 1967 1752 {Populus
2010 1674 2128 1753 nos
2159 1650 2552 1751 ‘Campanus
2598 1651 2837 1737 legatos
2944 1676 2946 1679 ⁴

407 1791 714 1901 matt*
739 1831 760 1861 c
781 1762 1090 1887 ωἴίἷῗῐω
1121 1750 2389 1924 ἶῗὲεὲἕὲῗᾞῗῑέζῖἓῶᾞῖωᾝέ
2428 1751 2837 1888 ἔᾙίἷᾝὲ

408 1909 534 1953 ‘¹¹1¹‘-
739 1917 760 1947 ‘
781 1909 970 1973 rebus
1027 1910 1254 1973 nostris
1305 1910 1702 1997 petissemuS,
1754 1922 1919 1975 stcut
1974 1924 2201 1997 coepta
2250 1909 2536 1987 celeriuS,
2593 1912 2687 1976 ita
2742 1910 2837 1973 in·
2946 1938 2948 1989 g

739 2004 760 2034 6
779 1995 1055 2061 firmiore
1093 1994 1348 2061 vinculo
1390 2010 1717 2061 contracta
1756 2010 1939 2061 esset.
2032 1998 2221 2061 Tunc
2265 1997 2457 2073 enim,
2488 2010 2567 2060 ut
2602 1997 2717 2083 qui
2758 2018 2835 2059 ex

739 2092 758 2120 ‘
779 2105 986 2169 aequo
1017 2104 1132 2147 nos
1159 2083 1402 2148 venisse
1443 2083 1515 2147 in
1554 2084 1897 2148 ‘amicitiam
1938 2084 2461 2160 meminissemus,
2492 2084 2685 2147 amici
2714 2082 2837 2146 for-

739 2178 759 2207 ‘
779 2170 944 2234 sitan
971 2170 1210 2259 pariter
1243 2192 1316 2234 ac
1352 2192 1545 2247 nunc,
1576 2170 1845 2235 subiecti
1883 2183 2075 2257 atque
2116 2169 2377 2235 obnoxii
2404 2169 2589 2234 vobis
2626 2170 2838 2233 minus
2948 2222 2950 2233 .

738 2266 757 2294 6
779 2278 1071 2321 essemus·
1166 2256 1235 2320 Ν
1237 2279 1380 2333 unc,
1414 2256 1843 2321 misericordia
1868 2270 2077 2321 vestra
2102 2255 2439 2331 conciliati,
2464 2255 2833 2341 auxilioque

739 2351 760 2381 ‘
783 2342 850 2405 in
909 2342 1117 2407 dubiis
1173 2342 1360 2407 rebus
1413 2342 1677 2419 defensi,
1736 2342 2121 2407 beneficium
2178 2364 2433 2429 quoque
2502 2356 2833 2429 acceptum
2947 2378 2949 2381 >

740 2437 759 2467 ‘
781 2428 1080 2507 colamus,
1111 2441 1400 2517 oportet3
1445 2451 1530 2493 ne
1574 2429 1803 2516 ingrati
1846 2441 2039 2516 atque
2079 2429 2255 2494 omni
2298 2451 2337 2492 o
2460 2428 2681 2492 divina
2720 2428 2837 2491 hu-

741 2524 762 2555 ‘
783 2538 1095 2603 manaque
1133 2516 1383 2603 indigni
1411 2515 1754 2580 videamur.
1849 2514 2105 2602 Neque,
2136 2515 2332 2579 hercu
2355 2538 2413 2592 e,
2492 2515 2627 2579 uod
2660 2514 2839 2579 Sam-

742 2611 761 2640 ‘
781 2602 947 2667 nites
987 2602 1226 2689 priores
1267 2600 1455 2666 amici
1495 2601 1779 2702 sociique
1814 2602 1993 2666 vobis
2032 2602 2179 2665 facti
2218 2612 2385 2677 sunt,
2533 2601 2604 2665 id
2632 2601 2835 2665 valere

741 2697 761 2727 ‘
783 2689 1067 2765 arbitror,
1097 2711 1179 2753 ne
1209 2712 1326 2754 nos
1354 2688 1422 2752 in
1453 2688 1795 2751 amicitiam
1824 2688 2241 2775 accipiamur3
2280 2687 2393 2751 sed
2420 2700 2499 2751 ut
2526 2701 2835 2752 vetustate

741 2783 760 2812 ‘
781 2785 849 2837 et
874 2774 1076 2873 gradu
1103 2775 1362 2839 honoris
1388 2796 1509 2839 nos
1531 2786 1889 2874 praestent:
1934 2797 2147 2861 neque
2176 2773 2349 2837 enim
2373 2772 2633 2838 foedere
2662 2772 2837 2838 Sam-

738 2868 759 2897 ‘
780 2860 1032 2937 uitium,
1063 2882 1146 2923 ne
1177 2883 1306 2945 qua
1333 2883 1500 2924 nova
1528 2860 1873 2947 lungeretis
1900 2860 2175 2937 foedera,
2206 2872 2466 2923 cautum
2494 2872 2612 2924 est.
2692 2860 2837 2924 Fuit

739 2952 758 2981 ‘
780 2943 1041 3029 quidem
1072 2944 1244 3030 apud
1271 2968 1384 3009 vos
1417 2968 1668 3032 semper
1704 2946 1854 3010 satis
1892 2946 2056 3010 iusta
2092 2968 2281 3011 causa
2306 2946 2645 3023 amicitiae,
2676 2946 2835 3011 velle

739 3037 758 3067 6
781 3050 928 3092 eum
955 3028 1134 3093 vobis
1155 3030 1430 3093 amicum
1461 3054 1616 3109 esse,
1648 3032 1760 3119 qui
1789 3054 1901 3097 vos
1930 3044 2272 3121 appeteret.
2348 3031 2692 3119 Campani,
2720 3033 2835 3098 etsi

740 3123 760 3153 ‘
781 3115 1034 3180 fortuna
1060 3136 1354 3202 praesens
1393 3138 1458 3179 m
1589 3119 1729 3183 ifice
1769 3118 1831 3183 lo
1878 3120 1947 3183 ui
1990 3118 2302 3206 probibet,
2333 3141 2465 3183 non
2494 3120 2674 3183 urbis
2708 3142 2835 3183 am-

738 3211 759 3242 ‘
780 3202 1116 3291 plitudine,
1141 3225 1274 3267 non
1301 3203 1434 3291 agri
1466 3227 1511 3267 u
1556 3217 1774 3282 eruite,
1798 3228 1843 3268 u
1895 3206 1908 3219 '
1931 3228 2015 3293 po
2062 3205 2169 3269 ulo
2193 3216 2641 3292 praeterquam
2664 3206 2833 3271 vobis

739 3298 758 3328 ‘
781 3288 1097 3367 cedenteS,
1144 3289 1318 3355 haud
1355 3312 1549 3377 parva
1589 3290 1695 3376 (ut
1744 3228 2060 3377 arbitror?
2089 3291 2363 3356 accessio
2414 3291 2603 3355 bonis
2652 3293 2835 3357 rebus

739 3384 760 3414 6
780 3375 1000 3441 vestris
1043 3376 1112 3440 in
1162 3376 1505 3441 amicitiam
1549 3375 1838 3441 venimus
1881 3390 2169 3442 vestram.
2264 3377 2327 3442 A
2414 3378 2517 3441 uis
2561 3376 2833 3444 Volscis-

740 3471 761 3502 ‘
782 3484 928 3551 que,
989 3463 1260 3527 aeternis
1325 3462 1612 3527 hostibus
1675 3462 1867 3527 huius
1934 3464 2124 3541 urbis,
2185 3400 2709 3551 quanedlocunque
2770 3486 2830 3528 se

741 3556 762 3587 ‘
783 3550 1112 3626 moverint,
1145 3550 1222 3613 ab
1252 3562 1430 3636 tergo
1459 3549 1731 3614 erimus:
1780 3563 1864 3626 et,
1897 3549 2073 3637 quod
2100 3572 2211 3614 vos
2236 3572 2355 3637 pro
2384 3550 2589 3615 salute
2628 3564 2831 3616 nostra

741 3642 762 3671 ‘
781 3636 1021 3719 priores
1048 3635 1340 3713 feceritiS,
1374 3634 1444 3699 id
1481 3658 1599 3700 nos
1636 3657 1753 3735 pro
1792 3636 2061 3735 imperio
2088 3648 2296 3701 vestro
2330 3648 2399 3701 et
2432 3636 2641 3723 gloria
2676 3660 2831 3702 sem-

741 3727 760 3756 ‘
781 3740 897 3804 per
923 3718 1242 3785 faciemus·
1315 3720 1606 3787 Subactis
1634 3722 1711 3786 lis
1739 3722 2039 3808 genubus
2108 3744 2225 3787 uae
2256 3722 2423 3787 inter
2452 3744 2571 3789 nos
2602 3746 2831 3811 vosque

738 3812 759 3841 ‘
779 3816 948 3882 sunt,
969 3805 1142 3891 quod
1171 3806 1543 3892 propediem
1572 3808 1857 3873 futurum
1886 3832 2045 3896 spon
2092 3822 2159 3873 et
2188 3822 2255 3873 et
2275 3809 2477 3873 virtus
2496 3822 2565 3873 et
2586 3810 2831 3875 fortuna

802 4042 830 4093 5
863 4034 1117 4093 wiotan]
1159 4032 1382 4095 Sidicini,
1403 4034 1442 4082 si
1465 4034 1755 4083 Strabonem
1820 4034 1882 4083 cf.
1918 4049 2048 4097 supr.
2082 4035 2143 4083 iv.
2182 4043 2257 4096 37.
2325 4034 2399 4082 Hi
2438 4050 2553 4083 vero
2594 4035 2827 4099 regionem

737 4112 782 4144 v.
807 4110 854 4157 p.
879 4108 986 4157 237.
1010 4098 1284 4159 audiamus,
1307 4097 1470 4161 gentis
1491 4098 1651 4146 Oscae
1683 4112 1753 4147 re-
1819 4114 1975 4161 usque
2003 4100 2067 4148 ad
2101 4098 2313 4147 Silarum
2344 4108 2725 4161 occupaverant,
2752 4100 2828 4148 ssd

737 4158 917 4221 liquiae
939 4167 1091 4209 erant.
1820 4162 2082 4211 dulcedine
2123 4162 2247 4211 aeris
2288 4167 2340 4211 et
2382 4161 2597 4211 mollitie
2650 4178 2827 4211 morum

805 4221 838 4271 6
872 4224 1161 4286 Campanis]
1213 4226 1436 4286 Populus
1467 4226 1755 4287 Campanus
1818 4226 2051 4289 corrupti,
2085 4227 2185 4276 cito
2220 4240 2253 4275 a
2284 4226 2463 4274 virtute
2494 4231 2548 4273 et
2580 4226 2828 4289 disciplina

736 4300 798 4331 ex
845 4286 1122 4335 colluvione
1167 4288 1405 4337 Oscorum
1450 4288 1754 4338 devictorum
1818 4290 2064 4340 Sabellica
2085 4292 2509 4353 degeneraverant.

737 4360 848 4392 cum
866 4348 1128 4397 victoribus
1139 4350 1438 4399 Samnitibus
1449 4358 1754 4412 provenerat,
