3000 4784
642 232 771 293 488
1410 223 1640 289 TITI
1703 222 1978 295 LIVII
2905 11 2947 254 x

324 390 389 439 U.
414 389 473 439 c.
500 402 611 449 430·
652 382 671 411 ‘
686 384 842 436 tunc
870 371 1193 445 victorem,
1224 368 1399 433 velut
1428 369 1499 432 in
1527 382 1716 455 capto
1755 368 2048 433 exercitu
2073 365 2538 440 dominantem,
2571 362 2788 450 qnie-
2974 360 2976 367 ’

322 456 383 503 A·
419 454 476 505 C·
503 466 611 515 32²·
652 469 672 499 ‘
739 457 851 521 uid
892 456 1143 521 licuerit
1171 456 1241 519 in
1284 455 1586 541 magistro
1627 456 1938 542 equitum,
1967 454 2040 517 in
2075 452 2380 517 militibus
2423 471 2788 515 ausurum.

653 556 671 587 6
694 482 975 609 {winde
1004 541 1297 607 adessent
1324 542 1393 605 in
1424 564 1540 606 sua
1567 564 1758 607 causa
1785 541 2076 606 omnium
2105 538 2398 604 libertati.
2495 535 2573 603 Si
2601 558 2792 600 oon-

651 642 670 671 ‘
692 652 947 696 sensum
976 629 1295 694 exercitus
1322 629 1626 707 eundem,
1655 630 1768 715 qui
1797 630 1866 692 in
1895 626 2137 715 proelio
2165 626 2374 700 fuerit,
2407 625 2478 689 in
2511 622 2796 689 tuenda

652 716 951 781 ‘victoria
976 717 1209 792 videat,
1242 729 1308 779 et
1346 716 1612 781 salutem
1657 716 1849 781 unius
1878 716 2174 779 omnibus
2199 734 2388 777 curae
2427 732 2572 775 esse
2591 735 2612 773 ι
2675 710 2796 773 in-

654 814 671 845 ‘
694 804 1073 869 clinaturum
1096 804 1179 866 ad
1208 801 1684 869 clementiorem
1703 802 2084 867 sententiam
2101 800 2402 865 animum.
2495 796 2796 861 Postre-

657 901 675 930 ‘
698 914 803 955 mo
854 913 919 955 se
972 890 1169 953 vitam
1216 890 1628 977 fortunasque
1687 912 1830 953 suas
1889 888 2141 953 illorum
2191 885 2342 951 fidei
2397 884 2794 969 virtutique
2815 906 2844 953 τ

436 991 538 1050 32,
658 987 677 1015 6
696 977 1104 1065 permittere?
1196 974 1457 1040 Clamor
1507 1000 1544 1041 e
1595 990 1730 1041 tota
1775 976 2080 1039 concione
2125 988 2316 1049 ortus,
2361 972 2460 1035 uti
2510 972 2846 1035 bonums

658 1064 939 1128 animum
970 1063 1264 1128 haberet:
1312 1064 1640 1128 neminem
1669 1064 1762 1127 illi
1789 1064 1922 1127 vim
1949 1062 2306 1136 allaturum,
2335 1057 2528 1123 salvis
2683 1058 2704 1069 ’

654 1152 843 1215 nibus
865 1151 1187 1217 Romanis.
1281 1148 1477 1213 Haud
1509 1150 1710 1215 multo
1738 1164 1884 1237 post
1909 1148 2183 1213 dictator
2201 1144 2491 1211 advenit:
2547 1143 2798 1207 classi-

656 1260 861 1323 coque
900 1237 1225 1325 extemplo
1270 1237 1352 1299 ad
1398 1238 1774 1302 concionem
1819 1236 2166 1300 advocavit.
2257 1232 2448 1307 Tum,
2493 1230 2794 1294 silentio

656 1324 842 1401 facte,
873 1346 1101 1411 praeco
1137 1324 1218 1398 Q.
1246 1323 1517 1388 Fabium
1563 1324 1932 1410 magistrum
1961 1322 2254 1407 equitum
2287 1318 2518 1384 citavit.
2629 1316 2792 1391 Qui

660 1410 850 1474 simul
886 1434 966 1474 ex
1012 1411 1307 1475 inferiore
1337 1410 1477 1475 loco
1523 1412 1606 1474 ad
1651 1408 1927 1474 tribunal
1971 1408 2248 1484 accessit,
2279 1418 2415 1469 tum
2455 1403 2790 1477 dictator,

332 1506 604 1583 Dic-tatoris
660 1505 679 1535 ‘
704 1496 1003 1574 Quaero,'
1028 1496 1257 1583 inquit,
1285 1506 1304 1535 ‘
1322 1496 1403 1561 de
1436 1510 1520 1574 te,
1547 1496 1630 1571 Q.
1657 1496 1834 1573 Fabi,
1859 1516 2060 1581 quum
2077 1512 2391 1558 summum
2409 1489 2792 1575 imperium

332 1573 571 1683 {imnossd
661 1591 681 1621 6
699 1583 1022 1647 dictatoris
1049 1585 1165 1659 sit;
1210 1596 1602 1669 pareantque
1622 1584 1682 1647 ei
1713 1582 2023 1658 consuler„
2054 1580 2230 1667 regia
2255 1589 2554 1665 potestas,
2575 1588 2842 1662 prae-9

395 1650 469 1697 ‘¹⁸'
538 1650 581 1695 ‘¹‘
661 1678 681 1705 ‘
699 1681 865 1733 tores
914 1668 1141 1733 iisdem
1190 1671 1502 1756 auspiciis,
1545 1670 1777 1757 quibus
1823 1666 2132 1744 consules,
2181 1665 2376 1730 creati
2391 1687 2410 1740 ;
2467 1684 2792 1749 aequum

660 1764 969 1830 ‘censeas
996 1776 1219 1830 necne,
1252 1755 1624 1840 magistrum
1651 1755 1944 1841 equitum
1971 1754 2146 1817 dicto
2175 1751 2538 1816 audientem
2573 1772 2728 1814 esse
2751 1751 2788 1812 Ρ

654 1848 673 1879 6
696 1838 991 1925 Itemque
1032 1839 1193 1901 illud
1228 1841 1573 1927 interrogo,
1605 1864 1804 1929 quum
1843 1864 1948 1905 me
1977 1839 2234 1903 incertis
2267 1834 2564 1923 auspiciis
2615 1858 2788 1923 pro-

656 1933 675 1961 ‘
694 1924 933 1989 fectum
970 1925 1050 1988 ab
1079 1924 1273 1989 domo
1308 1926 1557 2005 scirem,
1589 1941 1804 1992 utrum
1845 1926 2003 1991 mihi
2039 1924 2303 1990 turbatis
2339 1923 2786 2009 religionibus

656 2020 675 2048 ‘
694 2010 1049 2099 respublica
1100 2011 1169 2074 in
1212 2011 1554 2077 discrimen
1597 2012 2056 2078 committenda
2095 2012 2304 2087 fuerit,
2345 2032 2428 2074 an
2469 2010 2786 2097 auspicia

660 2107 677 2135 ⁶
699 2097 1067 2184 repetenda,
1100 2121 1183 2162 ne
1214 2099 1373 2185 quid
1407 2099 1620 2163 dubiis
1649 2100 1772 2164 diis
1799 2122 2052 2186 agerem
2069 2100 2099 2161 ἰ’
2147 2096 2350 2163 Simul
2371 2095 2548 2171 illud,
2587 2118 2782 2183 quae

659 2194 679 2224 ‘
698 2185 991 2249 dictatori
1010 2185 1235 2272 religio
1260 2186 1722 2272 impedimento
1741 2186 1824 2250 ad
1845 2209 1980 2250 rem
1997 2184 2342 2272 gerendam
2361 2182 2576 2259 fuerit,
2597 2206 2782 2248 num
2976 2244 2978 2269 ἱ

660 2280 680 2307 6
702 2294 779 2335 ea
806 2272 1103 2357 magister
1146 2273 1435 2359 equitum
1480 2272 1723 2336 solutus
1767 2295 1840 2337 ac
1869 2274 2029 2337 liber
2069 2270 2349 2358 potuerit
2389 2270 2570 2333 esse?
2629 2269 2778 2335 Sed
2975 2278 2978 2358 A

660 2368 677 2397 6
701 2356 860 2443 quid
904 2380 1023 2443 ego
1068 2358 1225 2421 haec
1270 2360 1636 2446 interrogo?
1679 2382 1900 2446 quum,
1931 2359 1984 2422 si
2030 2382 2148 2445 ego
2191 2357 2418 2422 tacitus
2458 2356 2778 2435 ahimam,

661 2452 679 2481 6
698 2456 912 2507 tamen
942 2444 1058 2507 tibi
1088 2443 1170 2507 ad
1200 2444 1542 2509 voluntatis
1580 2445 2167 2532 interpretationem
2197 2466 2377 2507 meae
2415 2441 2780 2527 dirigenda
2807 2474 2828 2506 ι

659 2539 679 2571 6
700 2543 811 2594 tua
844 2530 1161 2595 sententia
1196 2532 1406 2595 fuerit.
1503 2532 1682 2607 Quin
1725 2546 1798 2596 tu
1833 2531 2197 2619 respondes,
2228 2528 2652 2606 vetuerimne,
2699 2544 2778 2595 te

659 2624 677 2653 ‘
696 2617 806 2702 qui
890 2638 1039 2680 uam
1068 2617 1180 2693 rei,
1214 2640 1315 2681 me
1357 2618 1634 2694 absente,
1669 2640 1856 2718 agere
1872 2620 1902 2682 Ρ
1944 2618 2358 2693 vetuerimne,
2388 2616 2564 2701 signa
2603 2638 2778 2681 cuin

660 2711 677 2739 6
696 2640 983 2767 hostilius
1026 2703 1307 2769 conferre
1324 2706 1354 2767 ἰ’
1404 2704 1556 2778 Quo
1602 2717 1672 2768 tu
1717 2705 1984 2791 1mperio
2028 2726 2174 2769 meo
2217 2720 2446 2789 spreto,
2491 2702 2782 2767 incertis

660 2796 679 2827 ‘
701 2790 1016 2874 auspiciis,
1048 2791 1313 2854 turbatis
1342 2790 1770 2877 religionibus,
1802 2792 2099 2855 adversus
2144 2812 2386 2857 morem
2413 2787 2776 2853 militarem

660 2884 679 2911 6
700 2873 1227 2959 disciplinamque
1266 2878 1576 2941 maiorum
1605 2890 1671 2941 et
1699 2900 1938 2942 numen
1973 2878 2260 2954 deorum,
2291 2898 2474 2941 ausus
2502 2896 2570 2938 es
2601 2896 2776 2941 cum

659 2968 678 2997 6
695 2957 875 3020 hoste
894 2960 1252 3044 confligere.
1347 2965 1457 3026 An
1476 2964 1654 3041 haec,
1676 2986 1839 3051 quae
1861 2965 2100 3028 interro
2299 2986 2386 3040 ea,
2405 2984 2472 3026 re
2587 2962 2770 3027 nde:

658 3052 677 3080 ‘
698 3056 879 3109 extra
908 3065 1001 3119 ea,
1034 3067 1205 3124 cave,
1230 3068 1451 3111 vocem
1484 3052 1712 3115 mittas.
1805 3051 2084 3128 Accede,
2141 3052 2337 3115 ictor.'
2425 3050 2488 3112 A
2535 3070 2776 3114 versus

656 3152 821 3217 quae
864 3130 1115 3217 singula
1143 3156 1343 3219 quum
1388 3137 1774 3223 respondere
1817 3138 1990 3201 haud
2029 3137 2212 3201 facile
2255 3150 2436 3212 esset,
2467 3146 2534 3199 et
2573 3156 2772 3201 nunc

656 3231 1045 3304 quereretur,
1070 3220 1349 3284 eundem
1372 3236 1798 3287 accusatorem
1823 3223 2046 3310 capitis
2069 3224 2166 3287 sui
2185 3246 2260 3288 ac
2283 3222 2558 3287 iudicem
2581 3244 2766 3299 esse3

653 3304 865 3382 mod0‚
890 3306 1083 3370 vitam
1106 3307 1224 3370 sibi
1248 3307 1407 3394 eripi
1438 3310 1644 3386 citiuS,
1671 3332 1859 3395 quam
1883 3310 2148 3396 gloriam
2179 3330 2392 3373 rerum
2411 3321 2766 3395 gestarum,

654 3408 857 3476 posse,
890 3392 1354 3471 vociferaretur,
1396 3411 1822 3483 purgaretque
1869 3420 1934 3460 se
1980 3394 2048 3459 in
2093 3396 2316 3473 vicem,
2349 3408 2540 3481 atque
2583 3393 2768 3459 ultro

326 3490 504 3553 Virga
526 3498 575 3539 et
656 3492 1002 3543 accusaret:
1044 3491 1195 3544 tunc
1216 3480 1525 3567 PapiriuS,
1539 3483 1961 3569 redintegrata
1982 3484 2091 3560 ira,
2112 3482 2366 3570 spoliari
2385 3480 2764 3568 magistrum

324 3570 515 3665 ’(6ἳίῑέῑῖὲὲ
536 3572 625 3667 ἱχὶ
656 3564 966 3661 equitum,
992 3588 1065 3629 ac
1086 3566 1295 3654 virgas
1314 3582 1381 3631 et
1407 3590 1658 3632 secures
1687 3569 1976 3655 expediri
1995 3569 2191 3633 iussit.
2284 3568 2534 3644 Fabius,
2557 3566 2762 3631 fidem

360 3633 601 3731 {ssffiuaee
626 3655 637 3667 “
658 3648 929 3745 militum
978 3651 1339 3798 irffl'lom‘is'
1382 3653 1806 3719 lacerantibus
1843 3668 2086 3719 vestem
2131 3654 2476 3732 lictoribus,
2512 3652 2596 3719 ad
2641 3654 2764 3717 tri·

323 3745 583 3857 30:3³ae
655 3754 837 3809 anos,
884 3746 1019 3797 tum
1092 3750 1229 3800 tum
1274 3760 1399 3803 lam
1444 3741 1516 3804 in
1559 3741 1866 3807 concione
1912 3742 2268 3819 miscentes,
2309 3763 2444 3806 sese
2489 3741 2756 3827 recepit.

718 3922 747 3974 7
768 3912 910 3962 Fiden·
932 3913 1199 3977 virtutique
1218 3918 1523 3979 permittere]
1560 3920 1667 3967 Hu-
1735 3919 1845 3968 liter
1865 3934 1994 3983 supr.
2017 3918 2082 3968 iv.
2108 3936 2152 3968 α.
2185 3921 2351 3983 refice
2379 3920 2644 3968 maiestatis
2671 3922 2761 3968 im-

652 3975 729 4025 ius
755 3974 1002 4034 orationis,
1024 3992 1171 4039 quam
1196 3978 1295 4027 Dio
1319 3976 1469 4029 divite
1500 3982 1670 4044 lingua
1735 3986 1926 4045 perium
1948 3984 2012 4031 de
2033 3984 2294 4032 consulatu
2311 3982 2518 4031 dietum.

650 4040 923 4103 scripserat,
964 4040 1130 4091 nobile
1178 4042 1504 4105 fragmentum
1553 4060 1666 4094 con·
1805 4062 1822 4095 ι
1859 4049 1945 4095 Aa
1975 4049 2243 4095 voluntatis
2275 4048 2760 4110 interpretatione-J

648 4105 858 4153 servavit
900 4106 1043 4155 nobis
1082 4106 1355 4157 Vaticanus
1387 4109 1558 4157 codex.
1607 4110 1667 4159 cf.
1740 4111 1896 4167 Quasi
1921 4110 2124 4170 diceret,
2145 4126 2296 4173 quum
2331 4116 2500 4159 tamen
2531 4112 2764 4161 voluntas

650 4168 767 4218 Dio.
796 4168 919 4219 Exc.
946 4170 1064 4219 Vat.
1090 4184 1164 4231 3²·
1735 4190 1862 4234 mea,
1897 4174 2014 4223 licet
2049 4174 2205 4223 verbis
2235 4190 2332 4223 non
2367 4190 2618 4236 erpi-ena,
2645 4190 2760 4224 coii-

714 4234 745 4280 8
778 4233 972 4281 Clamor
1016 4252 1043 4282 e
1086 4238 1209 4293 ma]
1268 4238 1361 4285 Est
1404 4244 1506 4285 eota
1567 4238 1664 4286 fide
1735 4238 1920 4288 iectura
1937 4238 2024 4287 tibi
2042 4238 2460 4302 investiganti-,et
2477 4241 2542 4288 ad
2559 4254 2672 4288 eam
2687 4240 2760 4287 di-

649 4296 789 4344 codd.
814 4297 938 4357 plur.
962 4298 1179 4359 reposuit
1205 4298 1416 4348 Bekker.
1734 4302 1934 4365 riganda
1955 4302 2198 4351 sententia
2221 4310 2306 4350 tua
2327 4302 2492 4351 fixerit.

712 4373 742 4418 9
778 4360 1023 4419 Coi-aulea,
1061 4364 1197 4423 reyia
1232 4366 1471 4423 potestas]
1524 4364 1664 4413 Simi-
