3000 4784
896 231 1087 298 LIB.
1147 231 1198 296 1.
1267 227 1490 298 CAP.
1550 239 1651 296 22.
2235 237 2315 301 27

176 376 208 422 8
225 364 480 452 Argeos
553 367 884 454 pontifices
953 381 1199 444 vocant,
1267 367 1601 432 dedicavit.
1728 367 2033 433 Omnium
2108 381 2322 432 tamen

223 452 578 516 maximum
609 454 745 518 eius
773 475 1036 541 operum
1063 454 1186 518 fuit
1219 453 1436 532 tutela,
1467 477 1584 542 per
1610 477 1799 520 omne
1828 455 2009 542 regni
2048 467 2319 541 tempus,

223 537 402 602 haud
431 540 643 603 minor
667 541 856 626 pacis,
889 563 1080 627 quam
1108 563 1142 604 r
1267 541 1306 604 i.

314 622 418 689 Ita
443 625 576 690 duo
607 627 906 714 deinceps
933 649 1132 712 reges,
1141 563 1322 692 effius
1351 627 1473 692 alia
1499 628 1619 706 via,
1650 627 1756 693 ille
1786 627 1977 704 bello,
2006 627 2111 692 hic
2140 651 2317 714 pace,

225 711 548 776 civitatem
597 727 926 778 auxerunt.
981 713 1290 778 Romulus
1341 727 1585 800 septem
1631 729 1698 779 et
1742 715 1999 813 triginta
2035 715 2321 800 regnavit

176 819 432 869 9annos
451 823 470 862 ε
521 799 738 864 Numa
765 814 890 864 tres
919 813 984 864 et
1011 801 1440 886 quadraginta.
1534 799 1705 865 Tum
1734 800 1961 878 valida,
1990 813 2127 864 tum
2158 813 2321 864 tem-

227 899 452 972 perata
477 899 546 949 et
571 885 722 950 belli
751 903 816 950 et
843 886 1014 972 pacis
1043 888 1296 964 artibus,
1327 900 1462 952 erat
1491 887 1725 952 civitas

319 969 577 1036 Numae
613 987 812 1037 morte
853 973 936 1036 sd
970 973 1400 1073 interregnum
1429 997 1529 1038 res
1564 974 1770 1038 rediit.
1862 973 2023 1038 Inde
2054 973 2317 1038 Tullum
2438 978 2541 1038 22.

229 1056 606 1134 Hostilium,
653 1073 951 1146 nepotem
1005 1058 1283 1136 Hostilii,
1338 1060 1517 1124 cuius
1574 1060 1643 1124 in
1701 1060 1921 1124 infima
1964 1083 2107 1124 arce
2152 1060 2321 1124 clara
2338 1061 2404 1111 U·
2428 1062 2486 1110 C·
2510 1063 2589 1110 81-

273 1167 453 1230 ugna
513 1145 810 1210 adversus
878 1145 1144 1210 Sabinos
1207 1146 1432 1223 filerat,
1493 1168 1711 1232 regem
1774 1146 2047 1234 populus
2116 1147 2312 1210 iussit.
2334 1124 2625 1237 sshffigfw·

185 1254 208 1286 1
287 1243 456 1296 εἴπω
504 1243 790 1296 auctores
833 1232 999 1296 facti.
1093 1232 1223 1297 Hic
1261 1255 1392 1297 non
1439 1232 1645 1296 solum
1683 1233 1972 1320 proximo
2010 1233 2147 1318 regi
2190 1233 2321 1296 dis-
2338 1252 2583 1301 Hostilius

227 1317 476 1394 similis,
507 1317 619 1382 sed
657 1318 924 1382 ferocior
957 1319 1150 1384 etiam
1181 1318 1460 1384 Romulo
1493 1319 1631 1382 fuit.
1725 1319 1895 1382 Tum
1924 1331 2093 1382 aetas
2127 1318 2321 1382 vires-
2336 1333 2421 1365 ¹01
2438 1316 2645 1380 eligitur.

229 1426 382 1490 que,
415 1417 552 1468 tum
581 1404 748 1504 avita
764 1427 1030 1504 ‘quoque
1059 1405 1260 1505 gloria
1291 1406 1596 1505 animum·
1618 1404 1995 1504 stimulabat.
2094 1402 2323 1504 Senes-

229 1505 616 1641 ffieffiffi?
623 1503 980 1664 ‹12¹3ssssss
1026 1505 1278 1643 ‘'13¹3'ss
1265 1491 2229 1665 ζΐὲἰιῑῖἷῗὲἶζῖεεῗέῗῇἲέαξῗ
2230 1513 2321 1642 ῗὲ

233 1663 494 1728 Albano
523 1687 691 1750 agre,
724 1664 962 1730 Albani
991 1688 1070 1728 ex
1097 1665 1389 1730 Romano
1417 1664 1680 1751 praedas
1708 1665 1777 1728 in
1806 1664 2007 1728 vicem
2038 1677 2314 1751 agerent.

229 1749 650 1837 Imperitabst
677 1765 814 1815 tum
848 1751 924 1816 C.
963 1751 1236 1816 Cluilius
1266 1751 1490 1816 Albae.
1585 1751 1797 1815 Utrim
1846 1774 1925 1814 ue
1963 1750 2153 1838 legati
2186 1750 2319 1815 fere

230 1837 352 1900 sub
381 1836 555 1901 idem
585 1851 832 1924 tempus
866 1838 949 1902 ad
983 1861 1081 1904 res
1119 1838 1494 1926 repetendas
1524 1837 1711 1902 missi.
1800 1775 2031 1902 Tullus
2064 1859 2323 1923 praeoe-

231 1936 416 2010 perat
457 1924 606 2000 ειιὶε,
657 1947 738 1990 ne
785 1923 944 2010 quid
1033 1925 1180 2003 riuS,
1230 1947 1421 2012 quam
1467 1924 1781 2001 mandata,
1832 1937 2124 2023 agerent:
2173 1923 2323 1988 satis

231 2010 493 2087 sciebat,
533 2025 909 2097 negaturum
939 2011 1006 2074 A
1027 2012 1298 2088 banum3
1339 2012 1430 2076 ita
1465 2011 1571 2098 pie
1610 2011 1847 2075 bellum
1886 2010 2083 2074 ludici
2117 2032 2316 2160 ipsse·

233 2095 346 2160 Ab
389 2096 658 2162 Albanis
693 2097 1014 2162 socordius
1053 2121 1151 2162 res
1195 2112 1368 2163 acta:
1412 2099 1663 2184 excepti
1706 2097 1977 2184 hospitio
2017 2098 2095 2161 ab
2190 2096 2321 2160 ullo

233 2181 470 2246 blande
527 2206 602 2247 ac
659 2184 950 2270 benigne,
1010 2184 1274 2249 comiter
1329 2186 1496 2271 regis
1553 2184 1911 2248 convivium
1978 2183 2315 2248 celebrant.

235 2268 582 2356 Tantisper
618 2269 893 2334 Romani
936 2282 1002 2334 et
1043 2293 1144 2334 res
1185 2272 1609 2358 repetiverant
1648 2271 1907 2371 priores,
1952 2284 2020 2334 et
2062 2269 2321 2357 neganti

237 2355 501 2421 Albano
531 2355 766 2420 bellum
795 2357 864 2419 in
897 2357 1289 2443 trigesimum
1329 2357 1500 2422 diem
1540 2357 1917 2422 indixerant.
2010 2355 2192 2421 Haec
2221 2379 2323 2420 re·-

235 2443 538 2506 nuntiant
578 2442 786 2506 Tullo·
878 2443 1047 2508 Tum
1089 2443 1312 2530 legatis
1356 2444 1583 2507 Tullus
1626 2444 1881 2508 dicendi
1924 2455 2319 2531 potestatem,

237 2528 398 2614 quid
429 2541 719 2614 petentes
745 2531 1054 2606 venerint,
1084 2529 1250 2593 facit.
1319 2529 1444 2606 Illi,
1478 2530 1763 2594 omniurn
1792 2529 2014 2616 ignari,
2046 2529 2325 2615 primum

241 2615 570 2700 purgando
593 2629 806 2680 terunt
828 2629 1109 2702 tempus:
1145 2624 1164 2652 ‘
1186 2615 1268 2680 Se
1290 2615 1521 2680 invitos
1538 2616 1897 2701 quicquam,
1918 2614 2092 2701 quod
2114 2615 2325 2677 minus

244 2709 264 2738 ‘
285 2701 530 2787 placeat
551 2699 763 2778 Tullo,
786 2701 1064 2766 dicturos
1079 2725 1098 2778 ;
1135 2701 1248 2766 sed
1276 2702 1365 2765 im
1448 2702 1541 2765 rio
1572 2701 1809 2788 subigi:
1854 2723 1951 2764 res
1979 2699 2329 2787 repetitum·

241 2795 263 2824 ‘
283 2809 352 2852 se
391 2788 652 2854 venisse.
744 2787 835 2852 Ni
877 2787 1240 2865 reddantur,
1287 2789 1366 2853 be
1415 2811 1525 2852 um
1568 2787 1846 2852 indicere
1889 2787 2125 2852 iussos)
2216 2785 2325 2850 Ad

239 2873 380 2938 haec
403 2873 664 2939 Tullus:
717 2883 737 2914 ‘
759 2875 826 2939 N
828 2876 1107 2953 untiate‚’
1135 2875 1363 2963 inquit,
1398 2873 1569 2962 ‘regi
1590 2887 1815 2951 vestre,
1846 2897 2059 2961 regem
2086 2872 2325 2938 Roma-

241 2969 262 2998 ‘
285 2983 442 3024 num
473 2960 624 3026 deos
653 2960 856 3026 facere
888 2974 1096 3039 testeS,
1126 2976 1270 3026 uter
1308 2962 1482 3048 prius
1520 2961 1789 3049 populus
1827 2983 1927 3025 res
1964 2973 2323 3048 repetentes

241 3047 526 3133 ‘legatos
569 3061 930 3136 aspernatus
969 3047 1292 3126 dimiserit,
1333 3061 1408 3113 ut
1446 3049 1519 3112 in
1561 3071 1710 3113 eum
1756 3071 1974 3113 omnes
2021 3058 2322 3134 expetant

241 3142 261 3171 ‘
281 3133 544 3198 huiusce
573 3133 782 3200 clades
809 3134 997 3198 belli!
1076 3135 1256 3199 Haec
1285 3137 1584 3200 nuntiant
1612 3134 1872 3200 domum
1903 3134 2156 3199 Albani.
2236 3131 2323 3198 Et
2442 3138 2545 3198 23.

239 3219 481 3284 bellum
527 3221 843 3308 utrimque
881 3243 1126 3285 summa
1167 3245 1286 3308 ope
1327 3223 1681 3308 parabatur,
1722 3221 1889 3285 civili
1935 3220 2321 3284 simillimum
2339 3219 2407 3269 U·
2431 3222 2489 3271 C·
2514 3223 2591 3283 85-

239 3306 433 3383 bello,
465 3328 658 3395 prope
689 3307 855 3372 inter
880 3319 1171 3407 parentes
1213 3321 1556 3394 natosque3
1607 3307 1947 3373 Troianam
1988 3317 2191 3370 utram
2238 3329 2319 3370 ue
2339 3283 2623 3396 ssgfuhffiffi

243 3393 506 3478 prolem,
525 3417 724 3493 quum
747 3393 1084 3493 Lavmium
1106 3393 1414 3494 aboTroia,
1435 3397 1513 3494 ab
1534 3393 1799 3458 Lavinio
1818 3393 2005 3470 Alba,
2024 3393 2103 3457 ab
2123 3392 2211 3456 Al
2254 3416 2323 3455 a·
2338 3427 2451 3486 cum
2472 3413 2619 3460 AlbaF

243 3501 408 3629 3215?
407 3494 1130 3632 twigs-¹313?
1107 3480 1780 3632 diffii‘iffississssiessin
1805 3479 2321 3652 Εζιῗέἆῗεῗῗέῑὲ
2338 3490 2427 3525 ¹²¹⁵

307 3795 338 3840 8
379 3795 584 3853 Vocant]
641 3793 742 3842 Cur
762 3793 854 3840 ista
875 3794 984 3840 loca
1006 3792 1150 3854 Orgei
1171 3807 1254 3854 ap-
1319 3795 1420 3840 ta.”
1486 3791 1721 3854 Polybius
1736 3796 1963 3853 quattuor
1983 3801 2136 3840 annos
2152 3789 2323 3852 perin-

245 3857 432 3918 pellsta
453 3865 582 3916 sum,
603 3855 748 3905 hodie
779 3872 971 3919 prorsus
997 3857 1253 3918 ignoratur.
1319 3862 1535 3918 terregna
1550 3855 1804 3904 distribuit.
1850 3855 2163 3917 Augustinus,
2180 3855 2237 3904 C.
2258 3853 2324 3901 D.

243 3921 321 3970 Οἱ
349 3921 524 3968 Festus
545 3937 589 3968 v.
615 3921 776 3984 Orgei,
802 3921 886 3982 qui
917 3935 1073 3968 meras
1103 3935 1255 3982 nugas
1316 3919 1382 3967 iii.
1407 3935 1455 3984 9,
1476 3919 1724 3970 Ciceronis
1754 3919 1917 3968 locum
1948 3919 2147 3967 forsitan
2176 3917 2325 3980 respi-

246 3985 444 4046 profert.
1319 3983 1399 4032 cit.

307 4063 342 4112 9
373 4051 544 4098 Numa
563 4055 661 4098 tres
679 4056 728 4097 et
746 4049 1095 4112 quadraginta]
1149 4047 1253 4096 Cic.
1388 4063 1407 4096 1
1445 4051 1623 4098 Patres
1643 4049 1885 4108 auctores]
1925 4046 2172 4095 “Tullum
2197 4045 2325 4092 Hos-

244 4112 308 4162 de
343 4113 471 4174 Rep.
503 4111 552 4160 ii.
583 4127 657 4174 14,
677 4115 710 4138 ⁴⁶
729 4113 809 4162 Sic
841 4113 926 4159 ille
957 4127 1070 4160 cum
1101 4111 1250 4159 unde-
1315 4111 1474 4160 tilium
1509 4113 1719 4174 populus
1857 4126 1907 4160 m
1942 4109 2150 4158 comitiis
2173 4107 2325 4157 curia-

244 4175 565 4238 quadraginta
587 4191 741 4224 annos
761 4175 1064 4238 regnavisset,
1083 4191 1250 4237 sequa-
1315 4175 1378 4224 tis
1411 4177 1608 4235 creavit,
1637 4177 1771 4239 isque
1826 4193 1854 4224 e
1886 4173 2091 4237 imperio
2126 4186 2214 4219 suo
2236 4207 2247 4219 .
2272 4205 2284 4217 .
2308 4205 2325 4219 .

247 4256 357 4288 mur
386 4239 518 4290 enim
552 4239 850 4302 potissimum
876 4240 1136 4302 Polybium
1169 4255 1250 4288 no-
1317 4242 1552 4303 populum
1598 4241 1841 4290 consuluit
1882 4237 2157 4288 curiatim.”
2218 4234 2323 4284 cic.

245 4311 418 4362 strum,
441 4320 540 4364 quo
572 4319 716 4352 nemo
745 4304 838 4352 suit
866 4305 914 4351 in
949 4302 1255 4364 exquirendis
1317 4306 1378 4355 de
1403 4305 1531 4368 Rep.
1554 4305 1602 4355 ii.
1632 4317 1702 4366 17.
1738 4299 2077 4356 Wachsmuth.
2102 4315 2151 4362 p.
2175 4310 2279 4362 145.

247 4367 548 4429 temporibus
577 4368 866 4430 diligentior,
891 4367 1094 4418 excessit
1125 4385 1154 4418 e
1187 4368 1251 4418 vi-
