3000 4784
850 232 1040 300 LIB.
1090 232 1207 299 IV.
1278 232 1503 303 CAP.
1553 239 1655 300 30.
2181 236 2306 299 255

156 389 353 444 arma,
387 390 467 433 ac
498 366 675 433 dedi
706 367 927 434 hostes
955 370 1203 456 coepti:
1252 370 1597 457 castrisque
1627 379 1694 433 et
1720 366 1822 431 his
1849 366 2067 453 captis,
2099 365 2311 431 hostes
2331 381 2398 431 U.
2421 383 2482 432 c.
2508 398 2616 446 324.

106 488 135 529 4
155 467 413 540 praeter
442 467 803 520 senatores
828 478 1049 521 omnes
1076 455 1423 521 venundati
1452 468 1618 520 sunt.
1709 454 1992 519 Praedae
2021 474 2164 540 pars
2199 448 2392 517 suaA-
2425 448 2484 497 0·
2508 450 2618 508 ⁴²8·

152 542 733 626 cognoscentibus
768 542 1012 607 Latinis
1042 554 1231 629 atque
1265 540 1564 607 H'ernicis
1591 540 1840 607 reddita
1856 542 2165 627 3⁰partem
2194 540 2311 603 sub

153 626 339 691 hasta
366 628 675 694 dictator
704 629 1035 695 vendidit:
1082 629 1567 715 praepositoque
1599 627 1857 693 consule
1887 626 2122 703 castris,
2153 626 2308 712 ipse,

152 714 353 777 trium
404 715 585 779 hans
630 716 935 780 invectus
972 716 1215 792 urbem,
1248 714 1561 780 dictatura
1587 738 1654 779 se
1685 714 2015 779 abdicavit.
2111 712 2312 799 Egre-
2330 728 2614 777 Postumius

150 800 296 885 giae
378 802 727 866 ictamrae
758 802 999 866 tristem
1041 802 1409 865 memoriam
1437 801 1698 877 faciunt,
1730 801 1842 887 qui
1878 800 2083 864 filium
2113 798 2192 863 ab
2223 799 2306 863 A.
2329 809 2391 841 ²¹¹
2417 792 2570 867 filium

153 884 532 964 Postumio,
580 888 797 975 quod,
838 888 1165 952 occasione
1211 889 1373 952 bene
1418 886 1750 975 pugnandi
1789 900 2029 974 captae,
2067 886 2309 949 iniussu
2327 871 2615 971 ἓζξῖζζὶξω

151 972 517 1038 decesserit
582 974 933 1061 praesidi0‚
979 976 1283 1039 victorem
1342 974 1545 1039 securi
1604 994 1968 1061 percussum
2028 972 2306 1037 tradunt.

108 1078 135 1123 5
156 1056 305 1123 Nec
336 1058 511 1124 libet
544 1062 864 1137 credere3
912 1074 980 1127 et
1005 1061 1155 1125 licet
1183 1061 1253 1125 in
1280 1062 1466 1125 variis
1494 1060 1918 1147 opinionibus
2013 1058 2100 1123 Et
2128 1082 2313 1145 argu-

154 1158 385 1209 mento
444 1159 575 1224 est,
640 1146 825 1235 quod
872 1148 1179 1234 ‘imperia
1236 1147 1605 1223 Manliana,’
1649 1169 1781 1211 non
1827 1154 1846 1184 ‘
1863 1145 2314 1222 Postumiana,’

157 1231 495 1317 appellata
536 1234 723 1298 sint:
773 1256 995 1320 quum,
1036 1234 1149 1319 qui
1188 1234 1361 1320 prior
1403 1246 1624 1297 auctor
1668 1246 1796 1296 tam
1837 1232 2005 1295 saevi
2034 1230 2312 1317 exempli

158 1316 347 1394 foret,
424 1334 879 1407 occupaturus
946 1319 1065 1384 insi
1154 1342 1259 1383 em
1328 1319 1585 1384 titulum
1648 1316 2036 1382 crudelitatis
2101 1318 2308 1381 fuerit.

160 1411 179 1439 ‘
198 1401 606 1490 Imperioso’
634 1430 897 1493 quoque
928 1406 1045 1470 Ma
1114 1407 1175 1469 io
1204 1428 1561 1492 cognomen
1590 1404 1900 1468 inditum:
1949 1403 2313 1467 Postumius

162 1489 349 1554 nulla
379 1492 565 1557 tristi
595 1507 763 1558 nota
788 1505 883 1556 est
911 1492 1263 1579 insignitus

256 1576 341 1641 C.
380 1577 612 1644 Iulius
666 1578 889 1643 consul
926 1579 1150 1643 aedem
1195 1577 1534 1665 Apollinis,
1575 1578 1832 1642 absente
1877 1576 2135 1663 collega,
2177 1576 2313 1641 sine

168 1676 339 1727 sorte
382 1664 766 1731 dedicavit:
815 1687 999 1751 aegre
1028 1665 1099 1729 id
1134 1688 1353 1751 passus
1398 1664 1759 1741 QuinctiuS,
1793 1686 2011 1750 quum,
2053 1663 2313 1728 dimisso

168 1751 497 1828 exercitu,
531 1753 612 1817 in
644 1752 869 1816 urbem
902 1751 1185 1828 redisset,
1215 1751 1640 1838 nequicquam
1682 1751 1751 1814 in
1781 1765 2004 1816 senatu
2034 1764 2129 1815 est
2157 1772 2311 1815 con-

220 1850 467 1902 uestuS.

174 1858 220 1919 q
264 1921 535 2010 Insigni
592 1925 841 2011 magnis
886 1925 1073 1989 rebus
1120 1946 1289 1987 anno
1340 1924 1614 2001 additur,
1660 1923 1822 1988 nihil
1868 1937 2006 1988 tum
2050 1923 2132 1988 ad
2174 1944 2308 1986 rem
2330 1941 2583 2003 Carthagi-

132 2005 569 2075 6Romanam
629 2012 947 2099 pertinere
1003 2010 1227 2087 visum,
1280 2009 1458 2095 quod
1520 2008 2094 2097 Carthaginiensem,
2150 2008 2310 2073 tanti
2328 2007 2521 2082 niepges
2543 2006 2594 2054 in

182 2091 401 2161 hostes
464 2098 695 2173 futuri,
750 2111 886 2161 tum
940 2097 1217 2185 primum
1353 2120 1384 2159 ι·
1428 2096 1770 2160 seditiones
1821 2096 2174 2161 Siculorum
2226 2095 2308 2159 ad
2327 2070 2589 2182 {¹3¹1}ssssss

182 2183 382 2263 partis
412 2184 690 2249 alterius
718 2182 1025 2247 auxilium
1057 2184 1123 2247 in
1156 2119 1435 2247 Sicfiieam
1463 2182 1812 2247 exercitum
1843 2182 2158 2245 traiecere.

276 2268 639 2357 Agitatum
678 2271 746 2333 in
786 2270 940 2335 urbe
981 2270 1061 2333 ab
1096 2269 1364 2334 tribunis
1392 2268 1614 2355 plebis,
1645 2279 1720 2331 ut
1758 2268 1997 2331 tribuni
2036 2266 2310 2331 militum
2426 2274 2530 2333 30.

190 2355 521 2421 consulari
555 2370 863 2444 potestate
910 2369 1303 2433 crearentur3
1352 2378 1471 2419 nec
1503 2354 1772 2419 obtineri
1812 2354 2036 2440 potuit.
2133 2353 2310 2418 Con·
2330 2356 2398 2406 U.
2423 2357 2482 2406 C·
2508 2368 2616 2418 325-

196 2440 363 2505 sules
422 2444 605 2509 fiunt
661 2442 737 2508 L.
771 2442 1062 2529 Papirius
1124 2442 1407 2517 CrassuS,
1476 2442 1552 2505 L.
1597 2440 1814 2504 Iulius
1937 2440 2309 2524 Aequorum
2328 2423 2389 2531 ᾗ·
2410 2421 2486 2531 Ῑξζ
2507 2432 2619 2531 ξζζ·

199 2523 391 2612 legati
422 2530 661 2596 foedus
700 2529 779 2594 ab
818 2542 1039 2593 senatu
1070 2551 1217 2593 cum
1256 2528 1582 2615 petissent,
1613 2539 1679 2591 et
1706 2548 1822 2612 pro
1850 2525 2102 2589 foedere
2132 2524 2311 2588 dedi·
2331 2519 2388 2595 L:
2409 2499 2541 2595 Iulio
2611 2518 2627 2541 ’

200 2611 289 2675 tio
354 2630 808 2694 ostentaretur,
868 2615 1146 2680 indutias
1214 2636 1526 2677 annorum
1585 2626 1728 2677 octo
1797 2613 2308 2698 impetraverunt.
2330 2612 2466 2661 Coss.

206 2696 594 2768 Volscorum
620 2725 739 2781 res,
770 2725 961 2789 super
988 2712 1311 2787 acceptam
1340 2699 1409 2762 in
1442 2698 1682 2785 Algido
1711 2697 1974 2773 cladem,
2006 2697 2312 2783 pertinaci

202 2792 559 2855 certamine
588 2791 756 2854 inter
791 2790 964 2889 pacis
991 2787 1269 2873 bellique
1304 2798 1590 2850 auctores
1619 2784 1687 2847 in
1721 2784 1926 2870 iurgia
1953 2796 2019 2847 et
2055 2783 2314 2848 seditio-

166 2888 191 2938 7
208 2892 319 2937 nes
341 2898 546 2942 versa.
639 2875 947 2962 Und1que
974 2874 1174 2938 otium
1204 2872 1326 2937 fuit
1358 2870 1682 2937 Romanis.
1775 2870 2016 2956 Legem
2039 2870 2120 2934 de
2151 2869 2314 2933 mul-

208 2968 416 3026 tarum
470 2963 906 3027 aestimatione
956 2972 1311 3047 pergratam
1356 2958 1614 3046 populo,
1668 2980 1870 3044 quum
1921 2957 2000 3021 ab
2047 2956 2314 3022 tribunis

275 3169 306 3213 4
339 3156 557 3206 Praeter
575 3156 848 3213 senatores]
894 3153 1105 3203 Urbium
1139 3152 1233 3201 sin·
1298 3156 1437 3199 ctura
1471 3150 1714 3213 displicet.
1759 3150 1820 3199 cf.
1847 3150 2013 3211 Heyn.
2039 3149 2222 3210 opusc.
2249 3149 2311 3197 A·

214 3218 439 3275 sulatum
470 3236 535 3268 an
566 3219 727 3282 gentis
749 3219 961 3268 Volscae
982 3217 1234 3265 universae
1298 3216 1405 3263 cad.
1441 3230 1483 3263 ν.
1521 3230 1569 3277 p.
1604 3226 1717 3275 435,
1749 3213 1832 3275 qui
1869 3213 2012 3261 docet
2045 3212 2316 3273 Egestanos

216 3288 375 3331 ment
412 3289 678 3342 senatores,
715 3282 909 3331 dubitat
943 3281 993 3329 Ν
997 3281 1151 3329 iebhr.
1183 3279 1232 3328 ii.
1298 3278 1540 3327 auxilium
1573 3294 1604 3325 a
1636 3276 2118 3350 Carthaginiensibus
2148 3277 2316 3324 adver·

218 3350 315 3392 not.
337 3361 452 3411 995.
1298 3358 1381 3391 sus
1407 3340 1708 3391 Selinuntius
1739 3340 1952 3402 petiisse,
1973 3345 2024 3388 et
2055 3355 2186 3387 nunc
2219 3340 2314 3401 pri-

285 3422 311 3470 5
344 3414 454 3461 Νσσ
486 3414 599 3461 libet
631 3412 849 3469 credere]
892 3410 989 3459 Sed
1012 3424 1093 3470 ap.
1118 3408 1233 3455 Val.
1299 3421 1437 3455 mum
1460 3421 1548 3467 per
1569 3404 1831 3453 seditiones
1857 3406 1922 3453 ad
1946 3402 2096 3465 partis
2116 3404 2316 3453 alterius

224 3468 357 3523 Max.
390 3476 440 3525 ii.
497 3512 509 3525 .
534 3474 581 3524 6.
616 3475 676 3523 A.
703 3475 836 3523 Gell.
862 3473 976 3521 xvii.
1002 3488 1078 3520 21.
1114 3470 1235 3520 Dio-
1300 3469 1540 3519 auxilium
1587 3470 1780 3517 Poenos
1825 3468 1876 3515 in
1922 3467 2140 3516 Siciliam
2191 3468 2314 3516 invi-

222 3534 319 3586 dor.
344 3540 429 3589 xii.
485 3558 516 3600 4
546 3539 620 3587 ita
644 3538 838 3601 legitur,
860 3543 911 3585 et
932 3540 1237 3585 Postumum
1301 3538 1443 3582 tasse.
1488 3534 1552 3581 cf.
1577 3532 1627 3580 N
1631 3533 1782 3581 iebhr.
1816 3531 1866 3579 ii.
1901 3546 1950 3592 p.
1984 3529 2092 3591 565.
2125 3532 2210 3593 qui
2241 3547 2314 3581 ra-

222 3601 427 3662 imperia
469 3608 803 3653 memorantur
834 3616 915 3664 ap.
947 3601 1007 3649 A.
1033 3599 1167 3648 Gell.
1206 3598 1237 3647 i.
1303 3597 1487 3645 tionem
1511 3602 1788 3657 temporum
1812 3595 2082 3644 Fabianam
2105 3602 2316 3653 secutus,

232 3676 299 3725 13.
330 3669 391 3717 cs.
418 3666 767 3717 Wachsmuth.
792 3682 841 3729 p.
866 3680 977 3726 414.
1301 3661 1433 3709 hunc
1464 3674 1649 3709 annum
1683 3674 1793 3721 3²4·
1817 3660 1886 3708 U.
1910 3659 1968 3709 C.
1994 3672 2106 3707 cum
2130 3660 2210 3707 01.
2236 3662 2312 3723 89.

292 3728 323 3779 6
362 3732 793 3794 Carthaginienses
826 3766 839 3779 .
863 3764 876 3778 .
899 3764 913 3779 .
942 3764 955 3777 .
986 3735 1089 3777 tum
1130 3726 1235 3788 pri·
1304 3739 1347 3774 2.
1372 3724 1630 3773 convenire
1651 3724 1783 3772 facit.
2203 3790 2213 3799 ι

224 3798 407 3919 ἰ”ᾗῖἶὲ
416 3795 1236 3922 ffsfffflffifflhiz-‘zfiznfflssss
1300 3789 2317 3925 ..ti‘2523...}⁶1.ae?¹.‘5331210203‡;”32·.

230 3924 299 3969 tn
346 3926 591 3975 Gelonem
638 3921 1039 3986 quinquagesimo
1090 3924 1239 3967 antea
1302 3918 1385 3979 qui
1430 3918 1495 3966 de
1537 3917 1708 3965 multis
1749 3923 1968 3990 egerunt,
2005 3915 2117 3963 illas
2159 3915 2316 3976 primo

230 3997 351 4036 anno
392 3988 758 4051 expeditionem
794 3987 975 4035 frustra
1016 3990 1233 4032 tantave·
1300 3980 1455 4030 dictas
1492 3980 1640 4029 fuisse
1678 3986 1798 4029 certi
1835 3978 2027 4028 numeri
2065 3978 2229 4026 ovium
2266 3983 2316 4025 et

232 4058 349 4112 tant,
384 4068 545 4115 noque
582 4066 745 4101 rursus
781 4066 919 4100 arma
956 4048 1091 4113 prius
1121 4062 1234 4095 ann.
1297 4049 1464 4095 boum.
1532 4046 1738 4094 Constat
1759 4059 1954 4106 quoque
1985 4044 2093 4103 lege
2115 4048 2316 4089 cautum

236 4116 334 4175 338.
360 4118 423 4167 U.
448 4120 508 4167 C.
529 4117 582 4167 in
605 4115 773 4167 Sicilia
793 4115 1070 4163 movebant.
1117 4111 1235 4159 Nie-
1301 4116 1487 4174 postea,
1505 4114 1562 4158 ut
1583 4111 1730 4157 boves
1759 4122 1968 4175 ovesque
1999 4104 2208 4168 pecunia
2237 4119 2315 4176 ae-

234 4176 395 4229 buln-io
437 4180 631 4231 videtur
680 4180 762 4229 hic
808 4178 1051 4227 exercitus
1091 4174 1239 4224 fuisse
1296 4174 1644 4223 stimarentur:
1686 4174 1835 4220 boves
1866 4170 2064 4232 quidem
2098 4172 2318 4239 centenis

238 4242 615 4303 Athamanum,
640 4244 724 4305 qui
754 4242 959 4291 ducibus
992 4239 1236 4301 Sophocle
1298 4239 1504 4295 assibus,
1531 4252 1644 4285 oves
1675 4242 1842 4285 autem
1874 4233 2026 4281 denis.
2095 4230 2174 4278 De
2209 4231 2316 4277 reli-

236 4312 281 4353 εἰ
318 4310 683 4371 Eurymedonte
723 4308 805 4357 01.
844 4308 923 4355 88.
954 4324 1001 4366 4.
1034 4304 1083 4351 in
1118 4302 1235 4352 Sici·
1300 4302 1425 4363 quis,
1446 4316 1546 4361 quo
1577 4299 1764 4348 scilicet
1798 4305 2036 4369 tempore,
2069 4300 2118 4342 et
2149 4309 2182 4341 a
2212 4292 2315 4353 qui-

238 4368 342 4421 liam
374 4372 579 4423 traiecit.
646 4370 883 4421 Amoldio
918 4370 1040 4419 haec
1078 4367 1237 4417 conie-
1301 4368 1392 4415 bus
1414 4366 1546 4413 latae
1569 4364 1666 4411 sint
1689 4364 1750 4411 de
1779 4360 1948 4407 multis
1968 4358 2118 4418 leges,
2141 4371 2316 4418 magna
