3000 4784
694 201 825 264 600
1454 194 1680 261 ΤΙΤΙ
1739 191 2008 259 LIVII

375 348 441 397 U.
464 347 524 396 c.
549 349 658 409 458-
740 333 919 398 ulum
956 345 1089 397 est:
1136 345 1518 418 vocatusque
1559 353 1638 395 eo
1677 329 1917 406 consul,
1947 351 2148 415 quum
2185 327 2281 392 Μ.
2309 327 2682 404 Horatium,
2715 326 2798 390 L.
2817 351 2844 396 ³

371 415 433 462 A.
467 412 529 461 Ο·
553 417 662 476 ²9⁴·
762 420 1025 484 alerium
1076 417 1382 494 consules,
1435 415 1512 483 C.
1549 417 1868 482 Marcium
1921 414 2216 480 Rutilum
2267 437 2494 501 nuper,
2541 427 2806 502 patrem

698 507 853 584 eiust,
886 506 997 593 qui
1027 518 1181 570 tunc
1208 526 1431 569 censor
1458 517 1642 581 esset,
1671 526 1804 568 non
1839 525 1920 567 ex
1959 502 2333 568 auctoritate
2367 515 2660 577 senatus,
2685 500 2808 566 sed

700 594 873 657 iussu
914 591 1133 679 populi
1178 590 1592 678 triumphasse
1637 591 1917 666 diceret3
1969 588 2324 665 adiiciebat,
2371 597 2392 625 ‘
2411 611 2484 652 se
2587 611 2808 674 unque

702 688 722 717 ‘
742 679 1017 744 laturum
1055 678 1245 742 fifisse
1290 677 1373 740 ad
1414 677 1743 764 populum,
1775 678 1844 740 ni
1887 676 2090 752 sciret,
2119 675 2438 761 mancipia
2481 698 2576 740 no
2619 673 2808 738 ilium
2823 697 2852 736 4

702 775 722 804 ‘
744 765 1027 829 tribunos
1076 763 1279 852 plebis
1327 763 1536 850 legem
1585 763 2038 851 impedituros:
2103 761 2500 826 voluntatem
2551 762 2686 826 sibi
2735 783 2812 826 ac

702 860 723 890 ‘
740 851 1017 916 favorem
1057 849 1510 915 consentientis
1547 847 1770 950 populi
1815 872 1930 936 pro
1977 848 2270 912 omnibus
2305 848 2494 912 iussis
2529 869 2698 926 esse,
2737 871 2812 912 ac

380 945 659 1021 Ppstumius
702 947 723 976 ‘
742 937 992 1002 futura?
1078 937 1469 1025 Posteroque
1498 936 1604 1001 die
1633 936 1869 1000 auxilio
1905 935 2302 999 tribunorum
2333 934 2546 1022 plebis
2585 936 2807 1010 trium,

376 1010 651 1124 3352}
702 1024 997 1089 adversus
1036 1024 1550 1089 intercessionem
1589 1036 1834 1172 segltem
1873 1023 2268 1087 tribunorum
2308 1037 2376 1086 et
2411 1043 2808 1086 consensum

376 1144 611 1188 venante.
702 1123 978 1188 senatus,
1008 1110 1363 1176 celebrante
1394 1108 1629 1197 populo
1706 1110 1850 1187 'em,
1883 1108 2308 1196 triumphavit.

792 1197 880 1262 Et
906 1196 1096 1263 huius
1124 1197 1276 1261 anni
1304 1219 1527 1297 parum
1549 1209 1843 1261 constans
1864 1195 2168 1260 memoria
2187 1208 2300 1259 est.
2369 1194 2806 1272 Postumium,

702 1297 924 1350 auctor
966 1297 1062 1349 est
1101 1283 1429 1360 Claudlus‚
1468 1284 1540 1346 in
1587 1282 1844 1348 Samnio
1887 1282 2086 1368 captis
2125 1281 2370 1368 aliquot
2405 1283 2702 1360 urbibms
2737 1283 2804 1346 in

704 1371 946 1459 Apulia
970 1371 1182 1436 fusum
1210 1369 1644 1458 fugatumque,
1675 1369 1957 1433 saucium
1995 1369 2208 1454 ipsum
2235 1391 2382 1432 cum
2409 1370 2646 1456 paucis
2673 1369 2808 1434 Lu·

704 1458 937 1522 ceriam
966 1456 1393 1545 compulsumx
1426 1457 1508 1521 ab
1530 1455 1732 1520 Atilio
1760 1456 1830 1519 in
1859 1454 2116 1520 Etruria
2139 1477 2238 1520 res
2265 1468 2492 1542 gestas,
2518 1479 2556 1520 e
2725 1479 2804 1520 ue

704 1544 1139 1633 triumphasse.
1230 1543 1480 1620 Fabius,
1511 1543 1698 1608 ambo
1725 1541 2014 1607 consules
2047 1543 2118 1606 in
2151 1541 2410 1607 Samnio
2443 1555 2516 1607 et
2549 1542 2642 1606 ad
2733 1567 2806 1607 u·
2819 1561 2844 1610 5

704 1631 938 1696 ceriam
978 1653 1077 1695 res
1256 1631 1270 1644 ⁰
1373 1678 1393 1708 ,
1422 1630 1659 1707 scribit,
1689 1629 2178 1715 traductumque
2219 1629 2288 1692 in
2317 1627 2652 1694 Etruriam
2691 1651 2804 1694 ex-

706 1717 971 1782 ercitum
1007 1654 1150 1802 (seg
1188 1739 1227 1780 a
1298 1731 1440 1780 utro
1468 1715 1746 1793 consule,
1777 1737 1910 1780 non
1945 1714 2210 1802 adiecit)
2241 1728 2307 1779 et
2343 1714 2426 1780 ad
2453 1713 2802 1780 Luceriam

706 1803 1023 1889 utrimque
1070 1801 1301 1866 multos
1346 1802 1620 1866 occisos:
1675 1803 1872 1890 inque
1925 1825 2002 1866 ea
2048 1824 2264 1889 pugna
2309 1801 2480 1866 Iovis
2531 1801 2804 1868 Statoris

704 1888 929 1952 aedem
971 1899 1203 1964 votam,
1240 1901 1315 1952 ut
1349 1887 1664 1953 Romulus
1705 1901 1854 1954 ante
1893 1903 2187 1952 voveratz
2233 1888 2346 1952 sed
2387 1888 2616 1952 fanum
2663 1901 2842 1954 tan-6

706 1986 863 2052 tum,
894 1973 962 2038 id
990 1987 1105 2050 est,
1128 1972 1305 2040 locus
1332 1973 1571 2061 templo
1599 1975 1843 2052 effatus,
1867 1987 2140 2040 sacratus
2156 1975 2389 2039 fixerat.
2461 1973 2799 2052 Ceterum,

706 2061 828 2124 hoc
859 2060 1119 2126 demum
1148 2083 1316 2125 anno
1352 2075 1425 2126 ut
1456 2061 1684 2126 aedem
1710 2062 1902 2126 etiam
1930 2061 2070 2126 fieri
2107 2075 2360 2126 senatus
2399 2062 2676 2141 iuberet,
2705 2063 2798 2127 bis

708 2148 994 2213 eiusdem
1022 2148 1153 2213 voti
1180 2147 1477 2212 damnata
1505 2147 1844 2235 republica,
1875 2148 1945 2212 in
1971 2147 2342 2234 religionem
2369 2148 2568 2214 venit.
2811 2171 2836 2220 ·,··

478 2239 582 2297 38.
800 2233 1101 2322 Sequitur
1156 2233 1329 2298 hunc
1386 2256 1626 2298 annum
1683 2249 1750 2298 et
1805 2234 2026 2300 consul
2077 2235 2340 2321 insignis
2390 2235 2467 2300 L.
2503 2235 2794 2322 Papirius

386 2323 671 2385 U-C-459·
712 2321 970 2399 Cursor,
1022 2345 1151 2408 qua
1208 2334 1470 2407 paterna
1560 2319 1732 2398 loria,
1786 2344 1916 2409 qua
1957 2343 2090 2399 sua,
2142 2335 2210 2386 et
2265 2321 2504 2386 bellum
2567 2323 2792 2422 ingens

381 2388 443 2499 ’ἐξ
460 2387 671 2510 ἓρῖξῇ·
707 2409 924 2474 victori
1010 2431 1111 2484 ue,
1160 2421 1461 2493 quantam
1507 2343 1588 2470 ge
1629 2406 2020 2498 *Samnitibus
2061 2431 2252 2473 nemo
2300 2408 2383 2472 ad
2421 2430 2566 2473 eam
2597 2408 2788 2485 diem,

380 2516 465 2578 Sp.
480 2514 645 2563 Carvi-
660 2485 677 2509 ’
706 2431 1069 2582 praeteffi..
1097 2493 1423 2581 Papirium
1462 2508 1704 2581 patrem
1743 2494 2037 2572 consulis,
2150 2507 2417 2582 peterat.
2509 2495 2602 2560 Et
2631 2495 2786 2560 forte

379 2579 447 2626 ¹5⁰
464 2579 599 2628 Com.
704 2581 931 2646 eodem
976 2593 1205 2645 conatu
1248 2593 1678 2667 apparatuque
1721 2581 1898 2645 omni
1941 2517 2268 2669 opuiffntia
2308 2581 2323 2594 “
2407 2583 2422 2595 ’
2519 2581 2652 2646 ‘um
2693 2605 2786 2648 ar·-

706 2690 953 2732 morum
980 2667 1219 2733 bellum
1248 2667 1736 2732 adornaverant:
1770 2681 1837 2732 et
1857 2666 2123 2734 deorum
2151 2669 2342 2733 etiam
2499 2669 2785 2734 ibuerant

705 2777 877 2840 opes,
922 2756 1047 2820 ritu
1092 2753 1369 2842 quodam
1412 2755 1784 2818 sacramenti
1815 2766 2066 2820 vetusto
2103 2754 2281 2820 velut
2317 2754 2584 2821 initiatis
2625 2756 2783 2820 mili·

706 2840 891 2917 tibus,
936 2841 1189 2905 delectu
1232 2863 1347 2928 per
1388 2863 1578 2905 omne
1627 2839 1954 2905 Samnium
1999 2841 2215 2906 habito
2255 2864 2423 2906 nova
2465 2841 2490 2906 l
2631 2867 2648 2907 ε
2697 2857 2778 2920 ut,

704 2926 814 3011 qui
858 2926 1176 2990 iuniorum
1224 2949 1355 2990 non
1400 2927 1798 2992 convenisset
1841 2927 1924 2992 ad
1967 2928 2440 3016 imperatorium
2574 2931 2778 3007 ’ctum,

704 3011 941 3098 quique
986 3011 1227 3075 iniussu
1270 3010 1522 3089 abisset,
1569 3027 1762 3100 caput
1807 3013 1945 3078 Iovi
1989 3028 2300 3079 sacratum
2343 3027 2524 3080 esset.
2615 3015 2778 3081 Tum

704 3098 1017 3162 exercitus
1044 3097 1250 3162 omnis
1280 3097 1695 3184 Aquiloniam
1724 3113 1820 3165 est
1847 3099 2140 3166 indictus.
2231 3101 2342 3165 Ad
2372 3101 2780 3190 quadraginta

704 3184 903 3250 millia
934 3183 1227 3262 militum,
1259 3183 1433 3272 quod
1470 3185 1713 3250 roboris
1751 3186 1820 3251 in
1855 3186 2112 3252 Samnio
2147 3202 2302 3266 erat,
2332 3205 2774 3254 convenerunt.

704 3271 805 3336 Ibi
848 3271 1071 3336 mediis
1113 3272 1245 3336 fere
1289 3271 1505 3336 castris
1545 3271 1722 3337 locus
1765 3286 1861 3339 est
1907 3286 2280 3361 consaeptus
2325 3275 2600 3340 cratibus
2643 3275 2816 3364 plu-8

704 3358 967 3445 teisque‚
996 3373 1065 3424 et
1090 3357 1303 3423 linteis
1331 3370 1676 3438 contectus,
1699 3373 1924 3447 patens
1949 3361 2259 3427 ducentos
2287 3362 2562 3426 maxime
2591 3363 2774 3449 pedes

768 3583 795 3628 3
828 3571 905 3616 M.
922 3571 1214 3629 Horatium]
1267 3569 1330 3617 cf.
1354 3569 1496 3632 Supr.
1529 3568 1598 3618 iii.
1631 3568 1710 3632 63.
1776 3570 1883 3632 prie
1911 3570 2108 3618 omnino
2143 3573 2473 3633 loquerentur,
2497 3572 2568 3621 sie
2599 3573 2770 3622 differe

702 3631 755 3678 0.
778 3634 1030 3680 Marcium
1050 3635 1275 3682 Rutilum
1296 3649 1424 3696 supr.
1448 3633 1530 3682 vii.
1558 3645 1631 3696 17.
1775 3635 1911 3694 bant,
1931 3637 2186 3696 utsamm
2205 3643 2332 3686 esset
2353 3651 2466 3685 area
2485 3637 2622 3686 nuda
2639 3643 2686 3686 et
2703 3653 2768 3686 no-

773 3711 803 3753 4
834 3697 1099 3757 Mancipia
1133 3698 1391 3757 nobilium]
1450 3697 1710 3759 Tanquam
1776 3697 1880 3746 lum
1917 3699 2067 3746 alicui
2100 3701 2193 3748 deo
2229 3707 2594 3759 consecramm3
2627 3704 2768 3761 ades,

699 3773 849 3806 manu
872 3763 1057 3819 captos,
1076 3759 1321 3807 nobilibus
1340 3761 1578 3810 addictos.
1775 3761 1934 3823 ipsum
1957 3763 2252 3813 aedificium.
2316 3765 2452 3813 Hinc
2467 3765 2662 3814 Festus:
2690 3769 2766 3814 εἰο-

766 3834 792 3896 5
813 3823 969 3871 Ambo
986 3824 1228 3882 cumules]
1262 3823 1347 3871 Ita
1364 3839 1560 3886 quoque
1577 3825 1712 3874 Fasti
1775 3834 1878 3876 tere
1895 3828 2031 3887 sana
2059 3843 2209 3892 quum
2227 3831 2286 3877 in
2307 3830 2556 3878 condendo
2575 3831 2688 3880 urbo
2703 3832 2764 3880 di-

700 3886 957 3948 Tnumph.
999 3891 1253 3946 testantur,
1296 3887 1605 3936 Postumium
1647 3905 1710 3937 ex
1773 3893 1920 3950 citur,
1937 3893 2184 3954 siqnifioat
2203 3894 2307 3942 loca
2325 3895 2382 3941 in
2401 3895 2764 3956 oppidofumu-

700 3951 999 4000 Samnitibus
1032 3955 1083 3999 et
1126 3949 1361 4010 Etruscis,
1399 3951 1609 4000 Atilium
1648 3967 1710 4000 ex
1773 3969 1886 4003 rum
1899 3956 2140 4015 sanorum
2159 3958 2466 4006 constituere.
2497 3958 2654 4007 Cur.

702 4015 999 4064 Volsonibus
1018 4021 1068 4064 et
1090 4013 1391 4063 Samnitibus
1416 4016 1708 4077 tn'umphas-
1843 4031 1868 4080 7
1901 4021 1968 4068 In
1987 4021 2268 4082 alipium
2287 4023 2447 4081 venie]
2487 4021 2676 4085 Religio
2693 4039 2764 4070 ex·

698 4095 764 4128 se.
832 4079 969 4128 Voce
1002 4079 1293 4138 Vettonibus,
1321 4084 1409 4128 aut
1449 4081 1710 4140 Volcente-2,
1774 4097 1972 4143 poscere
1995 4084 2098 4132 visa
2117 4091 2205 4134 est.
2237 4085 2399 4134 θην.

698 4143 805 4189 infr.
840 4144 988 4192 xxvii.
1026 4157 1098 4205 15.
1136 4148 1222 4191 aut
1268 4145 1594 4192 Vulsinienses
1637 4144 1707 4192 in·
1837 4149 1868 4194 8
1899 4149 2210 4212 Plutet'eque]
2265 4149 2428 4198 Plutei
2449 4155 2566 4198 mut
2585 4151 2658 4199 vel
2677 4167 2762 4200 cn-

696 4205 1119 4315 ιείἐίςιὶῗξέἱὲἓῐιιαι
1142 4206 1346 4317 Νέἓῐιὶυὲ.
1369 4207 1433 4256 iii.
1458 4223 1509 4256 n.
1532 4206 1641 4320 ἧς.
1661 4275 1683 4318 I
1772 4211 2001 4321 ὑαξοτὶο
2033 4212 2184 4324 etri-udo
2215 4212 2556 4325 inte-ntae,de
2585 4217 2760 4264 tabulae

694 4329 896 4387 effatus]
926 4303 1128 4379 Fauiam·
1138 4287 1354 4392 ibituf'et'
1366 4337 1525 4394 aedos,
1540 4333 1578 4383 si
1597 4287 1706 4395 Ρξοῗ
1772 4288 1854 4333 qm
1889 4290 1947 4321 u.
1967 4289 2050 4336 qm
2107 4282 2422 4338 pmpstm⁰
2493 4291 2650 4327 mm·
