3000 4784
821 186 1010 253 LIB.
1068 186 1155 255 11.
1224 187 1447 286 CAP.
1504 192 1608 253 56.
2169 196 2288 257 137

178 321 450 387 lissimae
498 323 575 387 in
624 324 879 411 plebem
925 326 1301 403 Romanam,
1346 348 1624 401 exorsuS,
1671 348 1870 411 quum
1913 348 1953 389 a
1995 324 2288 391 Patribus
2311 342 2376 393 U.
2399 346 2458 394 c,
2483 348 2594 407 283.

178 432 307 472 non
336 410 706 489 consulem,
737 412 849 477 sed
882 413 1245 477 carnificem
1280 411 1363 477 ad
1391 411 1746 476 vexandam
1784 425 1852 477 et
1888 411 2288 479 lacerandam
2307 408 2368 457 A·
2401 410 2460 459 C·
2483 409 2598 472 4⁶9·

180 494 454 642 plebem,
488 511 787 563 creatum
816 522 951 563 esse
982 499 1433 575 contenderet3
1464 498 1640 563 rudis
1659 499 1730 561 in
1751 498 2007 563 militari
2029 498 2288 565 homine

200 582 397 668 ingua
456 607 603 647 non
666 587 1037 672 suppetebat
1093 586 1368 650 libertati
1418 586 1777 671 animoque.
1869 584 2116 673 Itaque,
2177 586 2292 651 de-

136 653 435 763 }ficiente
508 672 827 749 oratione,
903 680 924 711 ‘
950 672 1491 759 Quandoquidem
1565 695 1698 736 non
1768 672 1949 737 facile
2023 672 2288 759 loquor,’

180 754 409 841 inquit,
446 766 469 795 ⁶
492 757 812 835 Quirites,
836 780 1045 845 quam,
1072 758 1245 845 quod
1268 758 1514 823 locutus
1535 782 1696 835 sum,
1719 772 1989 845 praest0,
2013 760 2288 825 crastino

182 848 199 876 ‘
220 840 327 905 die
358 843 615 908 adeste.
710 844 851 931 Ego
880 846 987 909 hic
1026 859 1137 911 aut
1175 846 1245 909 in
1282 860 1628 933 conspectu
1657 858 1863 910 vestro
1893 845 2144 923 moriar,
2177 862 2288 913 aut

139 924 203 1029 ξ’
220 929 545 1013 perferam
578 930 829 1031 legem!
891 932 1227 1019 Occupant
1256 933 1493 997 tribuni
1523 932 1830 1019 templum
1859 945 2112 1032 postero
2141 934 2282 999 die:

136 1031 165 1081 6
180 1015 473 1081 consules
520 1018 951 1105 nobilitasque
990 1019 1075 1085 ad
1111 1018 1584 1105 impediendam
1623 1018 1830 1107 legem
1869 1042 1940 1082 ιιι
1977 1021 2288 1086 concione

145 1132 168 1179 7
183 1102 563 1168 consistunt.
666 1104 1061 1183 Summoveri
1092 1106 1224 1170 Lae
1232 1106 1423 1171 torius
1464 1106 1662 1183 iubet,
1692 1118 2134 1193 praeterquam
2221 1108 2288 1171 ui

181 1188 561 1276 suffragium
622 1191 858 1256 ineant.
975 1192 1430 1258 Adolescentes
1488 1192 1734 1256 nobiles
1797 1193 2068 1268 stabant,
2127 1194 2196 1257 ni
2247 1194 2290 1257 ‘l

144 1292 171 1339 8
185 1274 487 1341 cedentes
528 1278 779 1343 viatori.
871 1278 1043 1343 Tum
1088 1302 1173 1343 ex
1219 1278 1319 1341 his
1362 1277 1677 1364 prehendi
1716 1278 2024 1364 quosdam
2055 1279 2288 1345 Laeto-

184 1360 309 1424 rius
358 1362 570 1427 iubet.
671 1362 914 1429 Consul
963 1365 1215 1451 Appius
1266 1387 1518 1451 negare,
1571 1364 1670 1428 ius
1722 1386 1856 1428 esse
1909 1365 2164 1429 tribuno
2215 1366 2284 1429 in

144 1478 173 1524 9
188 1468 609 1535 quemquam,
672 1452 793 1515 nisi
850 1452 922 1515 in
978 1452 1315 1538 plebeium.
1430 1450 1586 1515 Non
1645 1449 1817 1515 enim
1874 1450 2114 1537 populi,
2174 1452 2290 1517 sed

188 1532 405 1616 plebis,
440 1559 601 1601 eum
632 1538 1061 1625 magistratum
1092 1560 1260 1603 esse:
1294 1560 1414 1601 nec
1443 1537 1624 1601 illum
1653 1537 1862 1625 ipsum
1891 1560 2288 1605 summovere

186 1640 297 1703 pro
340 1622 627 1709 imperio
672 1647 852 1711 posse
900 1647 1073 1689 more
1121 1624 1468 1700 maiorum3
1561 1624 1670 1687 uia
1711 1624 1802 1687 ita
1841 1624 2127 1689 dicatur:
2179 1634 2199 1663 ‘
2219 1625 2290 1691 Si

154 1732 173 1764 1
194 1712 213 1741 ‘
231 1708 406 1771 vobis
434 1710 719 1787 videtur,
752 1711 1076 1788 discedite,
1116 1710 1437 1786 Quirites?
1581 1710 1740 1775 acile
1776 1724 1844 1774 et
1871 1712 2290 1799 contemptim

191 1790 267 1889 de
296 1794 437 1859 iure
468 1796 845 1862 disserendo
874 1799 1238 1884 perturbare
1268 1796 1640 1862 Laetorium
1674 1808 1939 1884 poterat.
2033 1798 2289 1863 Ardens

195 1877 383 1963 lgitur
432 1882 533 1947 ira
586 1884 877 1949 tribunus
922 1886 1223 1951 viatorem
1274 1884 1471 1948 mittit
1524 1883 1607 1948 ad
1653 1883 2014 1949 consulem:
2067 1885 2291 1951 consul

156 1945 477 2053 {lictorem
502 1970 591 2034 ad
613 1970 957 2048 tribunum,
978 1972 1291 2058 privatum
1315 1993 1449 2035 esse
1471 1971 1820 2048 clamitanS,
1841 1970 1976 2036 sine
1998 1972 2286 2059 imperi0,

260 2166 285 2199 2
314 2154 579 2217 Oratione]
607 2158 759 2219 Apud
781 2157 938 2219 plebis
956 2159 1213 2207 concilium
1277 2158 1471 2207 lictores
1492 2158 1808 2219 apparebant.
1846 2155 2009 2207 Caav.

200 2212 373 2281 habita.
1032 2214 1043 2235 '
1339 2238 1370 2285 9
1404 2224 1523 2270 Non
1555 2223 1684 2270 enim
1711 2223 1910 2283 populi]
1955 2237 2019 2269 sc.
2058 2222 2288 2272 Patricio-

263 2293 289 2339 3
320 2283 437 2331 Non
459 2286 649 2345 facile]
695 2286 811 2333 Tam
838 2286 995 2345 facile
1028 2286 1212 2349 recepit
1276 2292 1401 2344 rum,
1424 2284 1463 2333 si
1488 2285 1728 2333 Niebuhr.
1756 2284 1786 2331 i.
1811 2301 1859 2347 p.
1885 2298 1992 2347 417.
2017 2286 2287 2337 audiamus.

204 2339 407 2395 Bekker.
475 2349 579 2397 Sed
604 2350 757 2397 Drak.
781 2350 879 2397 alia
904 2350 1048 2397 huius
1068 2350 1208 2413 ellip-
1274 2349 1373 2397 Alii
1396 2364 1560 2397 vocem
1580 2350 1818 2411 populum
1840 2355 2001 2411 patres
2023 2356 2073 2397 et
2091 2352 2288 2412 plebem

202 2418 299 2455 scos
319 2414 555 2474 exempla
574 2412 709 2461 citat.
1274 2412 1537 2475 complecti
1558 2413 1851 2474 intelligunt.
1887 2414 1948 2461 cf.
1971 2413 2034 2461 iv.
2061 2427 2138 2475 51.
2171 2432 2289 2466 xxv.

264 2488 293 2531 4
310 2474 575 2538 Perfer-am
591 2479 765 2539 leyem]
798 2478 947 2539 Apud
964 2477 1211 2539 plebeium
1282 2492 1353 2526 12.

205 2536 535 2605 epmitiatum3
570 2557 693 2602 quae
726 2547 909 2598 tamen,
942 2540 1033 2588 nisi
1066 2558 1099 2589 a
1131 2557 1211 2589 cu·
1348 2556 1367 2587 1
1404 2542 1673 2599 Discedite]
1701 2554 1766 2587 sc.
1789 2540 1850 2587 In
1873 2540 2114 2601 suffragia,
2132 2542 2169 2589 si
2188 2558 2288 2589 mo-

244 2597 253 2606 ’
1278 2606 1341 2652 do
1364 2620 1457 2651 vox
1476 2607 1694 2661 Quirites
1716 2604 1932 2664 plebeios
1953 2605 2188 2666 designat,
2205 2608 2290 2655 sed

1280 2668 1555 2716 Niebuhrio
1577 2669 1741 2729 placet
1763 2683 1930 2715 vocem
1953 2670 2176 2719 discedite
2206 2686 2290 2731 pa-

204 2610 278 2644 rus
292 2602 600 2663 confirmata,
618 2605 715 2651 vim
738 2605 857 2667 legis
876 2622 975 2653 non
996 2606 1211 2653 haberet.

266 2674 293 2723 5
327 2667 603 2730 Templum]
650 2668 751 2717 Ubi
785 2669 953 2717 concio
987 2669 1215 2719 habenda

208 2732 315 2775 erat.
347 2730 565 2781 Sraorn.
632 2732 713 2781 Sic
746 2734 882 2781 locus
914 2749 1002 2795 pro
1036 2734 1215 2791 rostris,

208 2790 284 2861 ubi
320 2796 579 2845 conciones
616 2796 937 2855 habebantur,
970 2798 1211 2859 templum

210 2852 375 2904 dicitur
402 2875 483 2923 ap.
512 2862 616 2910 Cic.
642 2862 783 2909 Verr.
804 2861 871 2909 iii.
894 2860 972 2927 96.
1018 2862 1079 2909 cf.
1102 2860 1211 2909 infr.

212 2916 297 2967 viii.
336 2936 407 2981 14.
478 2924 705 2984 Tribuni,
742 2941 895 2986 usque
932 2926 995 2973 ad
1036 2925 1211 2975 caium

212 2979 501 3047 Gracchum,
534 2990 673 3037 vultu
708 2989 759 3037 in
792 2989 1059 3039 Comitium
1098 3004 1211 3037 con-

214 3057 355 3107 verso,
375 3056 524 3101 verba
544 3054 801 3102 faciebant.
845 3053 976 3101 Plut.
1002 3053 1209 3102 Gracch.

270 3172 299 3222 6
330 3178 593 3240 Gonnione]
640 3198 707 3230 sc.
740 3180 923 3239 Plebis,
955 3196 1099 3242 quam
1132 3180 1213 3229 tri-

218 3234 362 3313 blfuus
396 3251 777 3294 convocaverat:
824 3249 874 3293 et
911 3245 962 3292 in
996 3261 1092 3306 qua
1130 3260 1212 3307 pa-

217 3301 328 3350 tncii
349 3306 511 3357 locum
534 3325 631 3357 non
653 3310 914 3358 habebant.

278 3378 301 3426 7
320 3370 614 3422 Snmmovcn’
628 3376 884 3423 Laetorius
904 3375 1051 3432 iubet,
1068 3390 1211 3435 prae·

216 3432 421 3492 &quam
458 3439 570 3500 qui]
624 3438 755 3485 Tum
794 3452 946 3499 quum
980 3436 1031 3484 in
1068 3438 1215 3485 Sacro

220 3502 371 3545 monte
386 3501 655 3563 composita
669 3501 797 3550 inter
811 3502 983 3549 Patres
999 3502 1214 3564 plebem-

218 3569 303 3613 que
326 3576 417 3621 pax
440 3566 615 3623 fuerat,
636 3580 917 3614 concessum
940 3570 1045 3613 erat
1065 3564 1217 3627 plebi,

222 3624 271 3665 ut
284 3628 465 3683 quoties
484 3630 665 3677 tribuni
686 3630 971 3678 concionem
986 3630 1215 3677 advocas-

222 3692 333 3757 ὓςξιῐ,
348 3692 459 3741 eise
476 3693 666 3755 patricii
688 3710 751 3742 ne
771 3692 1043 3742 miscerent.
1066 3692 1213 3741 Dion.

222 3760 292 3797 m.
314 3755 385 3812 58.
418 3758 579 3806 Cauv.

280 3814 307 3861 8
338 3818 541 3881 Viator-i]
584 3824 799 3871 Viatores
814 3825 952 3871 erant
968 3837 1029 3869 ex
1046 3836 1211 3869 eorum

224 3888 423 3943 numero,
465 3885 548 3947 qui
602 3885 959 3947 magistratibus
1008 3901 1211 3947 appare

224 3936 357 4003 hauh
386 3947 497 3997 inde
518 3950 589 3998 sic
610 3950 746 4008 dicti,
762 3956 885 3998 teste
903 3950 1066 4009 Festo,
1080 3950 1211 4011 quod

225 4016 360 4061 quum
388 4012 577 4062 assidue
608 4014 821 4062 Romani
851 4014 1210 4071 rusticarentur,

228 4070 414 4123 crebrior
451 4079 783 4140 apparitorum
826 4078 1021 4126 illorum
1064 4092 1212 4139 opera

228 4138 319 4207 emt
350 4137 397 4187 in
434 4144 515 4191 cia
550 4158 697 4203 quam
728 4141 780 4189 in
814 4144 949 4201 urbe,
980 4142 1111 4203 quod
1148 4156 1211 4188 ex

232 4208 339 4255 ”Bm
362 4202 577 4255 homines
604 4208 891 4269 plerumque
918 4208 1214 4255 vocabantur

232 4268 855 4396 ..mm
874 4276 1093 4391 εῑεεεὲὲς,

1279 2732 1441 2780 tricios
1460 2738 1696 2793 spectare,
1719 2736 1769 2779 et
1793 2730 1985 2781 Livium
2014 2748 2122 2781 eam
2157 2748 2289 2782 men-

1277 2797 1393 2844 dose
1423 2798 1486 2844 ad
1521 2796 1716 2857 plebem
1738 2796 2051 2845 transtulisse.
2096 2798 2156 2845 cf.
2179 2798 2288 2847 infr.

1275 2860 1341 2909 iii.
1367 2875 1437 2908 11.
1502 2862 1672 2909 Facile
1693 2865 1742 2908 et
1763 2860 1826 2907 ad
1848 2862 2137 2921 disserendo,
2153 2868 2202 2910 et
2224 2864 2288 2911 ad

1270 2932 1463 2987 poterat
1485 2924 1788 2973 referendum
1812 2931 1990 2974 censet.
2025 2927 2238 2975 Sraorfl.

1350 3004 1375 3036 2
1416 2990 1706 3048 Privatum]
1767 2988 1918 3036 Hunc
1961 2989 2124 3037 locum
2166 2990 2289 3038 mire

1276 3052 1486 3101 illustrat
1523 3053 1704 3101 allatus
1738 3069 1769 3099 a
1802 3052 1998 3115 Sigonio
2034 3054 2290 3102 Plutarchi

1275 3118 1411 3165 locus
1431 3132 1460 3164 e
1484 3117 1690 3172 Quaest.
1710 3118 1856 3165 Rom.
1881 3119 1956 3165 81.
2001 3120 2036 3143 ‘⁶
2045 3120 2199 3177 Cur‚”
2217 3118 2288 3167 in-

1278 3180 1402 3242 quit,
1434 3182 1469 3206 ‘⁶
1482 3196 1636 3240 quum
1659 3186 1914 3241 praetexta
1933 3181 2018 3227 alii
2041 3182 2288 3243 magistra-

1277 3252 1356 3292 tus
1369 3250 1587 3301 utantur,
1595 3242 1814 3291 tribunus
1827 3243 1982 3303 plebis
1995 3260 2091 3291 non
2107 3246 2258 3293 utitur
2267 3253 2290 3294 :³

1280 3310 1376 3366 An,
1398 3307 1514 3368 quia
1546 3307 1769 3354 tribunus
1797 3307 1954 3368 plebis
1983 3308 2290 3369 magistratus

1278 3388 1374 3419 non
1392 3376 1466 3419 est
1481 3376 1504 3419 Ρ
1550 3372 1728 3432 Neque
1744 3372 1873 3419 enim
1892 3387 1954 3419 ex
1970 3373 2092 3419 sella
2107 3374 2286 3423 tribuni

1279 3434 1355 3483 ius
1380 3435 1580 3483 dicunt:
1617 3450 1775 3495 neque
1808 3435 2045 3498 principio
2076 3438 2210 3496 anni,
2234 3446 2289 3486 ut

1278 3499 1453 3560 reliqui
1505 3498 1832 3560 magistratus,
1874 3498 2074 3548 ineunt:
2132 3518 2290 3563 neque

1280 3569 1443 3611 creato
1457 3562 1693 3611 dictatore
1711 3580 1761 3611 se
1777 3562 2024 3621 abdicant,
2040 3566 2123 3612 sed
2137 3570 2288 3613 trans-

1279 3630 1379 3676 lato
1402 3626 1536 3675 omni
1558 3628 1621 3675 ad
1645 3626 1931 3675 dictatorem
1954 3628 2174 3689 imperio,
2196 3630 2288 3692 ipsi

1278 3688 1443 3740 tainen
1458 3706 1594 3739 suam
1611 3696 1902 3752 potestatem
1915 3690 2140 3752 retinent,
2154 3696 2290 3754 quasi

1280 3756 1590 3818 magistratus
1625 3770 1722 3803 non
1759 3755 1856 3803 sint
1881 3791 1892 3804 .
1916 3792 1929 3804 .
1951 3790 1966 3805 .
1991 3756 2290 3807 Tribunatus

1276 3820 1630 3881 impedimento
1663 3820 1826 3881 potius
1860 3827 1934 3868 est
1970 3822 2290 3882 magistratui,

1276 3900 1423 3945 quam
1446 3884 1806 3946 magistratus.”
1838 3886 1998 3933 Cnav.

1350 3963 1377 4010 3
1416 3950 1652 4010 Imperio]
1711 3948 1930 3997 ‚Arbitrio
1963 3965 2068 4007 suo,
2101 3949 2207 3997 sola
2243 3950 2286 3997 vi

1275 4011 1463 4074 imperii
1486 4013 1579 4071 sui,
1600 4012 1783 4075 quippe
1799 4014 1892 4061 hoc
1910 4013 2168 4075 imperium
2185 4016 2288 4074 leye

1272 4079 1467 4125 curiata
1488 4077 1724 4125 dabatur:
1759 4084 1908 4139 atque
1937 4076 2085 4125 ctiam
2117 4092 2286 4123 consu·

1276 4142 1346 4189 les
1380 4140 1506 4189 intra
1519 4142 1700 4189 aurbem
1725 4157 1784 4189 eo
1806 4143 2051 4196 carebant,
2073 4154 2164 4186 nec
2197 4139 2288 4186 nisi

1276 4204 1517 4262 dictatori,
1539 4211 1590 4251 ct
1611 4204 1892 4253 consulibus
1922 4204 2054 4251 bella
2085 4202 2290 4263 gerenti.

1278 4270 1384 4328 bus,
1406 4268 1694 4331 permissum
1716 4274 1804 4317 est.
