3000 4784
719 216 851 277 464
1503 205 1732 271 ΤΙΤΙ
1785 202 2056 271 LIVII

391 360 681 424 U·C·4¹5·
720 357 899 411 catus
940 356 1057 422 est,
1104 344 1355 409 hostem
1403 342 1614 430 potiri,
1659 342 1752 406 fas
1801 364 1934 406 non
1985 353 2119 405 est:
2175 340 2228 403 si
2279 340 2578 440 potiatur,
2631 337 2828 402 Marri

388 427 451 478 A.
486 426 545 476 G·
571 438 681 488 337·
718 429 1247 497 suovetaurilibus
1294 427 1618 515 piaculum
1669 428 1828 493 fieri.
1937 426 2141 505 Haec,
2194 438 2313 491 etsi
2361 425 2570 490 omnis
2627 424 2830 489 divini

499 495 529 553 Ῑ
544 494 600 552 Ῑ·
718 517 1113 602 humanique
1171 515 1364 580 moris
1420 513 1729 579 memoria
1783 512 2080 590 abolevit,
2140 534 2306 576 nova
2359 510 2748 661 peregi-maa·
2749 534 2830 573 ue

718 603 935 668 omnia
962 602 1185 689 priscis
1214 624 1288 666 ac
1317 602 1538 687 patriis
1565 599 2002 686 praeferend0,
2025 599 2200 663 haud
2221 600 2304 663 ab
2321 620 2392 662 re
2413 597 2598 675 duxi,
2621 620 2710 661 ve
2785 598 2834 659 ‘s

720 710 977 777 quoque
1008 688 1179 774 ipsis,
1212 700 1287 751 ut
1314 686 1550 751 tradita
1577 708 1880 773 nuncupa
1989 708 2072 749 ue
2101 697 2270 761 sunt,
2301 682 2554 748 referre.

809 774 1119 839 Romanis
1146 785 1293 859 post
1318 771 1636 861 proelium
1667 772 1929 838 demum
2059 783 2197 835 tum
2230 769 2550 835 Samnites
2575 770 2834 834 ναίω

718 859 1021 937 subsidio,
1044 871 1411 946 exspectato
1440 872 1676 923 eventu
1703 882 1765 1008 Ῑῖ)
1883 881 1978 934 ae,
2003 857 2176 944 apud
2199 856 2514 943 quosdam
2535 868 2836 920 auctores

720 946 995 1011 invenio.
1089 944 1335 1010 Latinis
1378 967 1637 1032 quoque
1685 968 1724 1009 a
1875 944 2084 1008 avinio
2129 942 2458 1019 auxilium,
2509 942 2678 1006 dum
2725 942 2837 1005 de-

719 1032 1049 1097 liberando
1078 1042 1293 1096 terunt
1322 1042 1594 1116 tempu&
1625 1029 1808 1094 victis
1837 1029 2100 1094 demum
2129 1029 2281 1093 ferri
2309 1041 2636 1115 coeptum.
2729 1027 2834 1103 Et,

720 1141 925 1204 quum
953 1118 1081 1182 iam
1109 1116 1309 1205 portis
1342 1117 1550 1203 prima
1583 1117 1764 1202 signa
1791 1128 1859 1180 et
1885 1136 2032 1203 pars
2059 1115 2332 1202 agminis
2358 1128 2528 1179 esset
2557 1136 2835 1200 egr-em,

720 1205 949 1269 nuntio
990 1202 1180 1267 allato
1227 1202 1309 1267 de
1356 1202 1537 1267 clade
1581 1201 1978 1278 Iatinorum,
2021 1222 2223 1287 quum
2269 1200 2592 1265 conversis
2637 1222 2838 1349 siffis

720 1304 893 1355 retro
943 1290 1013 1353 in
1060 1290 1284 1353 urbem
1328 1288 1662 1365 rediretur,
1707 1300 2066 1374 praetorem
2115 1307 2336 1351 eorum
2382 1286 2654 1351 nornine
2785 1286 2838 1333 '-

720 1375 989 1441 lionium
1012 1375 1245 1439 dixisse
1267 1374 1499 1451 ferunt,
1536 1382 1555 1411 6
1571 1396 1688 1461 pro
1715 1372 2000 1459 paullula
2018 1373 2121 1437 via
2141 1394 2439 1458 magnam
2459 1371 2838 1436 mercedem

723 1471 744 1500 ‘
769 1462 1077 1526 Romanis
1106 1484 1241 1524 esse
1270 1459 1679 1523 solvendam?
1751 1459 1885 1533 Qui
1916 1458 2295 1522 Latinorum
2322 1480 2582 1543 pugnae
2610 1479 2838 1544 super-

719 1548 991 1623 fuerant,
1024 1545 1239 1609 multis
1280 1544 1613 1609 itineribus
1651 1543 1956 1630 dissipati,
1989 1566 2192 1630 quum
2234 1566 2298 1607 se
2338 1544 2408 1605 in
2441 1566 2650 1607 unum
2683 1566 2838 1607 oon-

720 1632 1097 1719 globassent,
1130 1630 1363 1695 Vescia
1402 1630 1552 1694 urbs
1592 1630 1670 1693 iis
1707 1628 2182 1715 receptaculum
2207 1628 2349 1693 fuit.
2442 1627 2550 1693 Ibi
2577 1630 2652 1692 in
2681 1652 2838 1693 con-
2851 1650 2882 1690 4

720 1718 875 1781 siliis
913 1715 1247 1781 Numisius
1291 1716 1635 1815 imperator
1675 1736 1916 1791 eorum,
1957 1713 2330 1779 affirmando
2375 1722 2397 1751 ‘
2415 1736 2834 1778 communem
2851 1729 2878 1776 ⁵

724 1812 743 1839 6
766 1825 911 1865 vere
937 1802 1219 1865 Martem
1246 1800 1398 1865 belh
1428 1813 1765 1887 utramque
1795 1801 1998 1865 aciem
2101 1801 2157 1863 ri
2179 1799 2376 1863 caede
2398 1800 2832 1885 prostravisse,

724 1896 745 1925 ‘
766 1887 1194 1971 victoriaeque
1224 1907 1463 1949 nomen
1494 1899 1744 1951 tantum
1771 1908 1968 1973 penes
2065 1908 2327 1951 omanos
2357 1906 2516 1962 esse,
2549 1898 2832 1950 ceteram
2851 1895 2880 1943 6

724 1981 743 2010 ‘
764 1994 881 2059 pro
910 1972 1093 2036 victis
1122 1970 1437 2035 fortunam
1468 1984 1536 2036 et
1563 1972 1706 2037 illos
1739 1994 1998 2059 gerere:
2045 1972 2299 2035 fimesta
2325 1971 2458 2035 duo
2495 1972 2834 2036 consulum

724 2067 745 2098 6
766 2058 1096 2145 praetoria,
1126 2056 1399 2121 alterum
1442 2058 1782 2144 parricidio
1815 2058 1953 2135 filii,
1991 2056 2263 2121 alterum
2301 2056 2584 2122 consulis
2613 2057 2834 2121 devoti

724 2153 746 2183 ‘
766 2144 1002 2221 caede3
1074 2142 1461 2208 trucidatum
1513 2144 1865 2209 exercitum
1917 2166 2216 2219 omnem3
2283 2164 2502 2207 caesos
2551 2142 2834 2208 hastatos

724 2239 746 2269 ‘
766 2232 1248 2318 principesque3
1295 2242 1570 2317 stragem
1599 2243 1666 2295 et
1695 2242 1842 2295 ante
1873 2229 2054 2317 signa
2079 2242 2150 2293 et
2173 2242 2320 2317 post
2347 2230 2532 2316 signa
2558 2228 2792 2293 factam
2807 2252 2828 2303 ;

726 2325 748 2355 6
768 2316 1013 2380 triarios
1046 2330 1366 2402 postremo
1401 2338 1538 2379 rem
1573 2316 1937 2381 restituisse.
2029 2315 2408 2381 Latinorum
2435 2315 2560 2379 etsi
2593 2316 2834 2403 pariter

636 2451 642 2457 .
728 2410 747 2441 6
766 2402 1007 2466 accisae
1052 2402 1271 2489 copiae
1318 2402 1464 2479 sint,
1496 2414 1713 2467 tamen
1755 2425 1832 2466 su
1874 2402 2199 2489 plemento
2237 2401 2341 2466 vel
2376 2400 2640 2466 Latium
2686 2422 2834 2487 pro—

728 2497 747 2526 ‘
768 2487 911 2590 pius
940 2510 1095 2565 esse,
1126 2488 1229 2553 vel
1258 2486 1544 2564 Volscos,
1577 2510 1770 2573 quam
1869 2510 2096 2552 omam.
2173 2486 2422 2574 Itaque,
2455 2486 2511 2551 si
2537 2486 2836 2551 videatur

727 2583 748 2614 ‘
770 2576 866 2652 iis,
898 2598 987 2653 se,
1018 2596 1101 2639 ex
1131 2574 1381 2638 Latinis
1410 2587 1477 2638 et
1511 2596 1595 2637 ex
1624 2572 1872 2637 Volscis
1905 2572 2159 2660 populis
2193 2572 2526 2637 iuventute
2561 2594 2834 2660 propere

730 2670 751 2700 ‘
770 2662 998 2737 excita,
1030 2660 1383 2725 rediturum
1427 2659 1658 2723 infesto
1703 2660 1990 2723 exercitu
2028 2657 2316 2746 Capuam
2363 2682 2543 2737 esse3
2594 2658 2838 2724 Roma-

731 2756 752 2786 ‘
772 2770 1036 2834 nosque,
1060 2745 1222 2810 nihil
1245 2758 1382 2810 tum
1405 2746 1616 2809 minus
1637 2768 1830 2832 quam
1851 2744 2168 2832 proelium
2189 2758 2651 2833 exspectantes,
2681 2767 2834 2809 nec-

400 2844 603 2895 Novum
631 2860 713 2892 ex·
732 2841 753 2871 ‘
772 2832 1033 2917 opinato
1084 2832 1365 2896 adventu
1412 2831 1890 2918 perculsumm)
2007 2830 2360 2896 Fallacibus
2411 2832 2614 2895 literis
2663 2832 2836 2895 eirea

399 2909 606 2983 ercituxp
733 2917 993 2979 Latium
1044 2938 1408 3005 nomenque
1450 2915 1758 2981 Volscum
1798 2917 2022 2994 missis,
2064 2917 2235 3004 quia,
2289 2918 2402 3017 qui
2451 2940 2588 2981 non
2636 2918 2834 2981 inter-

402 2972 709 3083 ‹1:233th
730 3002 982 3065 fuerant
1012 3022 1294 3099 pugnae,
1326 3002 1407 3065 ad
1448 3002 1842 3067 credendum
1879 3016 2118 3067 temere
2153 3002 2464 3067 facihores
2498 3015 2703 3079 erant,
2735 3014 2836 3065 m-

732 3085 1108 3151 multuanus
1136 3086 1425 3172 undique
1456 3090 1776 3153 exercitus
1802 3088 2034 3176 raptim
2073 3090 2466 3176 conscriptus
2512 3090 2832 3153 convenit.

734 3171 911 3238 Huic
1098 3172 1191 3236 ini
1226 3172 1592 3259 Torquatus
1636 3174 1858 3239 consul
1900 3174 1984 3239 ad
2021 3174 2358 3242 Trifanum
2431 3175 2604 3239 inter
2647 3173 2834 3240 Sinu-

730 3282 933 3325 essam
1046 3260 1459 3346 inturnasque
1500 3259 1556 3323 is
1598 3260 1774 3324 locus
1825 3260 1950 3346 est)
2001 3262 2292 3325 occurrit.
2443 3260 2594 3337 riuS,
2641 3282 2836 3348 quam

730 3346 947 3410 castris
985 3344 1163 3410 locus
1202 3357 1551 3432 caperetur,
1583 3346 1840 3410 sarcinis
1875 3346 2197 3433 utrimque
2239 3348 2310 3411 in
2349 3368 2650 3411 acervum
2685 3368 2837 3411 con-

736 3430 934 3508 iectiS,
964 3444 1320 3518 pugnatum
1349 3430 1866 3518 debellatumque
1897 3445 2030 3496 est:
2065 3430 2227 3497 adeo
2256 3433 2430 3496 enim
2459 3432 2704 3496 accisae
2739 3453 2838 3495 res

406 3520 596 3594 &¹¹:⁸¹ss
730 3528 898 3595 sunt,
932 3530 1003 3582 ut
1032 3518 1294 3595 consuli,
1319 3518 1624 3581 victorem
1654 3518 2008 3581 exercitum
2037 3517 2118 3581 ad
2141 3516 2629 3617 depopulandos
2657 3540 2836 3603 agros

403 3588 527 3693 ἓξὲξ
542 3582 624 3694 (ἐξ
732 3625 954 3666 eorum
997 3602 1277 3679 ducenti,
1315 3602 1630 3666 dederent
1671 3624 1737 3666 se
1783 3624 2004 3666 omnes
2040 3601 2278 3678 Latim,
2309 3602 2836 3687 deditionemque

731 3708 874 3749 eam
908 3686 1222 3785 Campani
1264 3700 1698 3774 sequerentur.
1791 3685 2052 3750 Latium
2086 3686 2440 3775 Capuaque
2675 3687 2838 3751 mul-

734 3769 864 3833 tati.
958 3770 1227 3836 Latmus
1270 3795 1439 3858 ager,
1486 3772 1844 3837 Privernati
1895 3770 2115 3836 addito
2166 3794 2340 3857 agro,
2387 3785 2456 3837 et
2563 3772 2836 3849 alemus,

798 4014 829 4057 4
872 3997 1038 4048 Vescia
1060 3996 1203 4055 urbs]
1242 3996 1377 4043 Hod.
1399 3998 1560 4044 Senta
1581 3999 1748 4057 Agyata
1812 3996 1876 4045 rii:
1897 3996 2006 4045 infr.
2031 3997 2163 4047 xxvi.
2195 4012 2266 4047 12.
2301 3999 2465 4048 Cluv-

731 4064 783 4109 ἀπ’
806 4062 933 4110 Goti.
972 4060 1021 4109 N
1026 4059 1177 4108 iebhr.
1201 4058 1268 4107 iii.
1292 4074 1339 4108 n.
1360 4071 1467 4121 253.
1876 4060 1908 4110 6
1942 4062 2163 4111 Ceteram
2195 4078 2292 4123 pro
2328 4064 2470 4111 vietis
2490 4064 2764 4123 fortun-n
2791 4070 2838 4112 σί

808 4138 835 4187 5
875 4126 1162 4184 Numisius]
1243 4122 1591 4171 Nominativus
1632 4138 1749 4186 quo-
1813 4126 1922 4175 illos
1947 4127 2146 4187 verm]
2187 4126 2418 4174 Ceteram
2453 4126 2660 4174 illorum
2691 4128 2837 4176 fortu-

734 4188 997 4241 dammodo
1052 4188 1289 4249 pendens,
1332 4202 1494 4248 neque
1548 4188 1749 4236 verbum
1813 4202 1928 4236 nam
1959 4189 2112 4236 talem
2143 4204 2266 4247 esse,
2287 4195 2344 4237 ut
2373 4195 2424 4237 et
2449 4188 2543 4251 ipsi
2576 4204 2671 4250 pro
2705 4190 2840 4238 victis

734 4251 863 4299 finiti
916 4251 1069 4311 modi,
1122 4252 1201 4299 cui
1256 4250 1509 4309 innitatur,
1550 4251 1749 4300 habens.
1814 4250 1984 4303 haberi
2005 4252 2234 4301 debeant.

733 4313 906 4362 Simile
926 4316 1075 4375 plane
1096 4315 1382 4376 exemplum
1404 4330 1566 4363 rursus
1587 4329 1748 4362 occur-
