3000 4784
720 216 845 275 208
1484 206 1712 274 ΤΙΤΙ
1773 206 2046 273 LIVII
2933 200 2935 259 !

486 364 545 413 0.
572 362 681 428 306.
722 354 743 385 ‘
764 360 963 433 tergo,
987 346 1280 433 sanguini
1310 346 1548 411 civium
1571 344 1856 421 infestus),
1879 345 2085 431 virgas
2111 366 2492 430 securesque
2521 340 2830 409 omnibus
2935 282 2938 455 Ι

488 428 546 477 0·
570 428 681 491 446-
722 440 744 469 ‘
762 432 1083 509 minitanS,
1113 432 1379 496 deorum
1426 431 1890 517 hominumque
1937 442 2359 517 contemptor,
2397 429 2827 505 camificibiis,
2935 456 2937 483 ᾗ

721 526 744 556 ‘
764 540 895 582 non
924 517 1269 595 lictoribus,
1301 518 1587 604 stipatuS,
1619 518 1748 581 iam
1785 517 1865 581 ab
1900 516 2138 603 rapinis
2167 528 2236 579 et
2267 515 2568 580 caedibus
2601 516 2830 579 animo

722 612 743 641 ‘
763 602 846 669 ad
884 601 1218 668 libidinem
1257 625 1457 680 vers0,
1490 602 1803 689 vixginem
1849 602 2196 689 ingenuam
2241 601 2312 665 in
2354 600 2554 666 oculis
2595 600 2832 701 populi

722 698 744 727 ‘
766 688 1064 767 Romani,
1124 687 1299 753 velut
1356 688 1528 753 bello
1587 700 1856 775 captam,
1917 689 1998 753 ab
2055 687 2398 775 complexu
2455 698 2650 775 patris
2717 688 2834 750 ab-

721 783 742 813 ‘
761 788 1027 862 reptam,
1060 774 1348 839 ministro
1392 774 1670 839 cubiculi
1708 773 1806 838 sui
1845 772 2066 838 clienti
2107 773 2280 838 dono
2319 772 2588 837 dederit.
2689 770 2832 836 Ubi
2937 810 2939 835 1

721 870 742 899 ‘
762 860 1005 925 crudeli
1052 860 1309 925 decreto
1355 860 1776 946 nefandisque
1821 859 2116 924 vindiciis
2161 858 2458 925 dextram
2503 858 2706 946 patris
2759 857 2832 921 in

721 956 740 985 ‘
761 946 957 1010 filiam
988 946 1359 1010 armaveritz
1404 947 1537 1023 ubi,
1564 946 1855 1011 tollentes
1884 967 2112 1032 corpus
2140 945 2512 1010 semianime
2533 943 2830 1031 virginis,
2939 981 2941 1069 1

719 1041 738 1070 ⁶
759 1054 1061 1119 sponsum
1092 1031 1605 1118 avunculumque
1635 1032 1704 1095 in
1733 1052 2049 1096 carcerem
2078 1030 2230 1095 duci
2258 1030 2550 1095 iusserit:
2598 1043 2830 1117 stupro
2845 1065 2878 1112 9
2939 1078 2941 1101 2

718 1127 739 1155 ‘
761 1118 894 1182 inte
1008 1118 1160 1183 llato
1190 1118 1407 1203 magis,
1439 1140 1634 1204 quam
1673 1117 1887 1194 caede,
1919 1130 2146 1181 motus,
2239 1116 2328 1181 Et
2367 1115 2460 1179 illi
2499 1138 2830 1181 carcerem

720 1212 739 1243 ‘
760 1203 906 1269 aedi
952 1217 1165 1269 catum
1195 1226 1350 1281 esse,
1375 1204 1554 1291 quod
1582 1203 1976 1267 domicilium
2003 1202 2208 1290 plebis
2231 1201 2564 1267 Romanae
2592 1224 2828 1267 vocare
2851 1230 2868 1261 1

720 1299 741 1327 ‘
762 1292 844 1355 sit
876 1290 1114 1355 solitus,
1204 1290 1507 1367 Proinde,
1541 1303 1612 1353 ut
1649 1288 1758 1353 ille
1803 1289 2035 1353 iterum
2079 1311 2152 1353 ac
2197 1288 2448 1375 saepius
2492 1302 2828 1375 provocet,
2942 1331 2943 1373 ³

721 1385 741 1413 ‘
760 1378 851 1440 sic
880 1399 948 1441 se
978 1376 1207 1441 iterum
1248 1398 1321 1440 ac
1362 1376 1610 1462 saepius
1649 1374 1926 1439 iudicem
1965 1374 2060 1438 illi
2086 1374 2270 1451 ferre,
2301 1374 2370 1437 ni
2398 1374 2715 1438 vindicias
2744 1375 2828 1438 ab

721 1470 742 1500 ‘
761 1462 1051 1527 libertate
1096 1462 1163 1526 in
1208 1462 1578 1526 servitutem
1621 1460 1904 1525 dederit:
1959 1460 2015 1524 si
2061 1460 2145 1524 ad
2189 1459 2470 1524 iudicem
2511 1482 2650 1524 non
2695 1474 2826 1535 eat,

722 1556 742 1586 ‘
762 1568 879 1633 pro
905 1548 1207 1611 damnato
1236 1547 1305 1609 in
1332 1547 1591 1611 vincula
1624 1546 1773 1611 duci
1813 1546 2074 1611 iubere.’
2161 1544 2258 1610 Ut
2285 1544 2459 1609 haud
2488 1568 2828 1647 quoquam

718 1634 1140 1720 improbante,
1184 1632 1275 1696 sic
1322 1655 1385 1696 m
1515 1656 1554 1697 o
1595 1645 1775 1697 motu
1823 1632 2198 1709 animorum,
2241 1653 2442 1719 quum
2489 1644 2656 1697 tanti
2702 1633 2826 1695 viri

394 1733 457 1781 In
480 1747 639 1808 earce-
720 1718 1030 1805 supplicio
1056 1729 1306 1783 suamet
1330 1718 1433 1805 ple
1480 1719 1504 1781 i
1543 1718 1670 1783 iam
1699 1718 1898 1783 nimia
1924 1718 2178 1784 libertas
2205 1716 2548 1795 videretur,
2579 1719 2650 1784 in
2681 1740 2828 1782 car-

389 1796 706 1847 remaneatur.
720 1825 933 1869 cerem
988 1816 1087 1868 est
1140 1804 1504 1869 coniectus:
1569 1804 1862 1870 tribunus
1910 1804 1973 1869 ei
2023 1805 2197 1869 diem
2245 1803 2545 1891 prodixit.
2637 1803 2828 1869 Inter
2845 1833 2870 1865 2

396 1898 401 1903 “
721 1889 880 1955 haec
909 1890 988 1954 ab
1018 1888 1264 1954 Latinis
1293 1901 1362 1954 et
1391 1888 1694 1955 Hernicis
1731 1890 1927 1978 legati
1953 1890 2337 1977 gratulatum
2363 1889 2446 1955 de
2475 1890 2830 1956 concordia

720 1975 987 2042 Patrum
1010 1998 1084 2041 ac
1110 1975 1315 2063 plebis
1337 1975 1614 2040 Romam
1630 1989 1946 2043 venerunt
1967 2000 1985 2054 3
2017 1976 2390 2063 donumque
2411 1977 2494 2041 ob
2511 1998 2658 2041 eam
2679 1976 2824 2042 Iovi

720 2062 964 2150 optimo
986 2062 1264 2127 maximo
1286 2084 1585 2127 coronam
1607 2085 1864 2128 auream
1892 2062 1962 2127 in
1983 2060 2376 2150 Capitolium
2405 2062 2610 2127 tulere
2637 2062 2824 2151 pmvi

719 2148 1037 2236 ponderis,
1081 2161 1273 2238 prout
1318 2170 1419 2213 res
1464 2148 1640 2213 haud
1687 2149 2027 2237 opulentae
2075 2162 2274 2226 erant,
2313 2146 2612 2214 colebant
2741 2171 2826 2213 ue

718 2235 1055 2322 religiones
1092 2236 1198 2323 pie
1238 2235 1457 2322 magiS,
1499 2257 1693 2322 quam
1731 2234 2084 2322 magnifice.
2177 2232 2414 2299 Iisdem
2451 2236 2702 2300 auctori
2747 2258 2826 2299 us

719 2322 1049 2407 cognitum
1098 2332 1215 2405 est,
1264 2320 1530 2408 Aequos
1577 2321 1970 2409 Volscosque
2015 2342 2263 2386 summa
2305 2322 2370 2385 vi
2413 2318 2658 2386 bellum
2709 2344 2826 2423 ap-

900 2428 955 2471 e.
1047 2406 1275 2494 Itaque
1428 2407 1532 2471 tiri
1613 2408 1920 2473 rovincias
1954 2405 2244 2473 consules
2278 2406 2448 2471 iussi.
2541 2406 2822 2472 Horatio

805 2494 960 2571 bini,
998 2492 1261 2559 Valerio
1300 2430 1425 2557 Xe:
1449 2493 1518 2557 ui
1555 2430 1904 2580 Uolscique
1955 2514 2245 2558 evenere.
2341 2490 2566 2568 Quum
2611 2492 2700 2557 ad
2745 2516 2824 2559 ea

716 2579 883 2643 bella
910 2579 1230 2645 delectum
1260 2579 1627 2657 edixissent,
1657 2578 1869 2644 favore
1898 2578 2102 2666 plebis
2129 2600 2260 2643 non
2289 2577 2570 2643 iuniores
2599 2580 2818 2656 modu,

715 2664 829 2727 sed
874 2666 1155 2729 emeritis
1200 2666 1393 2730 etiam
1438 2664 1791 2751 stipendiis,
1832 2686 1977 2752 pars
2023 2686 2255 2753 magna
2291 2664 2819 2742 voluntariorum,

715 2749 798 2813 ad
840 2750 1103 2814 nomina
1143 2750 1357 2815 danda
1396 2764 1650 2851 praesto
1689 2751 1905 2816 fuere:
1957 2772 2164 2837 eoque
2204 2773 2338 2815 non
2375 2750 2561 2838 copia
2599 2753 2817 2829 mod0,

715 2834 831 2898 sed
857 2856 1091 2921 genere
1122 2836 1311 2899 etiam
1344 2834 1638 2914 militum,
1669 2837 1984 2901 veteranis
2012 2837 2329 2914 admixtiS,
2359 2836 2604 2902 firmior
2631 2860 2822 2903 exer-

714 2919 877 2982 eitus
916 2920 1053 2982 finit.
1144 2919 1258 2983 Pri
1380 2943 1528 2984 uam
1571 2924 1796 2987 urbem
1840 2922 2312 3039 egrederentur,
2343 2921 2517 3009 leges
2555 2922 2819 2989 decem·

388 3029 615 3077 Tabulae
716 3002 960 3080 virales,
985 3004 1219 3089 quibus
1250 3010 1271 3043 ‘
1287 3018 1354 3069 ta
1396 3004 1516 3069 ulis
1539 3006 1879 3073 duodecim
1935 3021 2035 3073 est
2061 3030 2318 3085 nomen,
2349 3009 2419 3072 in
2449 3030 2556 3073 aes
2585 3010 2820 3075 incisas

394 364 463 413 U.

392 429 455 477 A.

392 3092 527 3142 XII·
709 3088 786 3153 in
836 3086 1092 3191 publico
1150 3105 1634 3191 proposuerunt.
1761 3092 1942 3171 Sunt,
2003 3094 2117 3182 qui
2175 3095 2351 3158 iussu
2409 3092 2820 3161 tribunorum

716 3174 953 3241 aediles
978 3174 1231 3241 functos
1260 3196 1339 3241 eo
1368 3176 1720 3244 mimsterio
1747 3180 2042 3246 scribant.

492 3272 596 3331 58.
806 3258 885 3327 C.
912 3260 1243 3340 Claudius,
1275 3264 1408 3364 qui,
1438 3284 1700 3352 perosus
1727 3264 2232 3331 decemvirorum
2269 3267 2525 3344 scelera,
2557 3280 2628 3331 et
2666 3282 2816 3333 ante

714 3368 935 3445 omnes
972 3346 1187 3447 §ratris
1229 3348 1347 3413 filu
1393 3372 1465 3415 su
1551 3350 1724 3416 rbiae
1770 3352 2055 3430 infestus,
2090 3350 2436 3439 Regillum,
2481 3352 2817 3440 antiquam

714 3452 785 3493 m
829 3445 1116 3531 patriam,
1165 3456 1231 3498 se
1280 3448 1475 3499 contu
1500 3449 1656 3513 erat,
1705 3436 1759 3500 is
1804 3458 2036 3524 magno
2081 3438 2210 3502 iam
2256 3450 2431 3515 nam,
2479 3458 2684 3525 quum
2735 3439 2818 3505 ad

713 3516 997 3602 pericula
1036 3518 1175 3583 eius
1216 3520 1620 3607 deprecanda
1663 3522 1945 3603 redisset,
1982 3524 2162 3589 cuius
2191 3524 2348 3589 vitia
2371 3522 2643 3611 fugerat,
2681 3544 2818 3590 sor-

777 3734 809 3784 9
838 3724 905 3769 In
925 3724 1191 3783 carcerem]
1218 3726 1473 3775 Oaroerm
1492 3727 1730 3777 „indiam
1796 3738 1874 3789 55.
1913 3727 2000 3775 uhi
2033 3742 2197 3777 career
2232 3730 2319 3778 ille
2361 3730 2494 3791 apud
2531 3730 2568 3779 S

714 3784 1017 3844 mariarum
1032 3800 1091 3835 ao
1110 3789 1479 3849 manifestorum
1496 3790 1732 3839 walorum
1797 3790 2110 3850 Lautumias,
2145 3791 2452 3842 domicilium
2493 3792 2676 3842 civium
2711 3796 2818 3845 Ro-

714 3850 919 3896 maion-ee
954 3862 1055 3897 mc
1090 3852 1365 3901 noluemus.
1400 3850 1507 3902 cie.
1534 3852 1646 3902 Cat.
1679 3852 1730 3903 ii.
1795 3868 2053 3903 manorum
2091 3854 2284 3906 dicitur.
2338 3856 2400 3906 cl.
2435 3856 2488 3905 N
2489 3856 2642 3907 iebhr.
2677 3858 2730 3908 ii.
2765 3876 2816 3909 n.

722 3924 793 3959 η.
827 3910 912 3957 ubi
954 3911 1151 3971 vindex,
1182 3914 1267 3975 qui
1306 3914 1399 3963 sibi
1437 3916 1621 3965 amerit.
1665 3917 1728 3966 cf.
1792 3914 1904 3981 649.

716 3974 907 4033 Festus,
930 3990 973 4022 v.
1007 3975 1205 4026 Vindex.
1265 3978 1515 4040 Ulpianus
1534 3994 1730 4041 quoque
1859 3994 1886 4027 α
1921 3982 2176 4043 Prodi-rit]
2217 3982 2366 4032 Diem
2397 3982 2664 4045 longiorem
2687 3984 2815 4035 iudi-

713 4037 940 4096 affimat,
982 4050 1224 4113 carcerem
1278 4042 1342 4089 ad
1392 4041 1728 4101 continendos,
1793 4042 1870 4091 cio
1905 4044 2048 4104 dixit,
2079 4045 2316 4095 iudicium
2351 4046 2537 4095 remisit
2567 4048 2621 4095 in
2659 4048 2818 4099 diam

714 4115 811 4148 non
832 4101 895 4149 ad
919 4103 1193 4162 puniendos
1212 4116 1320 4152 reos
1340 4104 1509 4153 haberi
1533 4107 1724 4155 debere.
1791 4106 1922 4155 diem
1961 4108 2284 4160 remotiorem.
2349 4110 2432 4159 Sic
2468 4124 2603 4174 supr.
2641 4112 2694 4161 ii.
2733 4112 2815 4163 61.

715 4164 776 4213 es.
800 4162 1079 4239 Niebhr3ii.
1104 4180 1151 4212 n.
1176 4166 1284 4214 818.
1787 4177 1846 4218 ue
1877 4173 2006 4221 diem
2041 4172 2140 4233 ipen·
2175 4190 2268 4223 wa
2305 4175 2560 4225 volun-'me
2591 4176 2816 4239 prodiet*

782 4241 801 4273 1
838 4228 1175 4285 Domteols'um]
1221 4230 1281 4276 ef.
1306 4230 1410 4278 Cic.
1438 4230 1489 4279 in
1515 4232 1654 4281 Verr.
1681 4248 1723 4282 v.
1788 4242 1914 4283 rene.
1948 4236 2110 4284 Caav.
