3000 4784
863 244 1057 311 LIB.
1121 246 1245 311 111.
1310 246 1534 313 CAP.
1598 252 1656 313 3.
2099 242 2108 259 “
2174 256 2297 317 149

203 390 439 443 curant.
534 378 671 445 Ubi
712 380 925 446 illuxit
966 394 1220 469 postero
1258 382 1384 461 die,
1430 383 1605 483 prior
1645 382 1970 470 aliquanto
2013 384 2297 452 constitit
2316 396 2384 447 U.
2409 398 2466 448 C.
2492 400 2600 463 289.

205 461 491 529 Romana
544 466 751 543 acies;
814 468 1075 549 tandem
1126 481 1193 534 et
1237 469 1454 555 Aequi
1547 492 1877 533 recessere.
1971 469 2295 535 Proelium
2313 464 2374 511 A.
2409 462 2469 513 c·
2493 460 2602 525 4⁶3·

200 548 315 613 fuit
362 551 693 639 utrimque
734 554 1117 631 vehemens3
1179 556 1353 641 quod
1396 569 1464 619 et
1500 492 1838 620 Romanus
1881 557 1976 619 ira
2019 556 2294 643 odioque

198 638 539 722 pugnabat,
572 652 641 703 et
663 639 930 725 Aequos
952 640 1339 705 conscientia
1366 642 1672 705 contracti
1703 641 2206 728 culpa'periculi‚
2231 655 2298 707 et

200 720 552 809 desperatio
582 725 831 790 futurae
862 727 983 791 sibi
1022 739 1242 813 postea
1270 727 1443 803 fidei,
1476 728 1702 791 ultima
1730 728 1964 792 audere
2007 741 2072 792 et
2099 750 2296 815 expe-

198 808 301 869 riri
359 811 651 897 cogebat.
773 810 929 875 Non
988 825 1199 877 tamen
1258 814 1614 878 sustinuere
1672 815 1874 877 aciem
1939 814 2294 879 Romanam

198 893 409 993 Aequi
434 921 449 959 ε
496 896 799 983 pulsique
830 920 1031 983 quum
1070 899 1139 961 in
1178 899 1339 963 fines
1374 922 1522 963 suos
1550 922 1616 963 se
1657 899 2061 986 recepissent,
2093 900 2296 965 nihilo

196 980 699 1047 inchnatioribus
728 983 810 1047 ad
848 1006 1071 1071 pacem
1112 986 1335 1049 animis
1364 985 1542 1049 ferox
1583 985 1928 1050 multitudo
1967 986 2142 1049 incre
2188 1009 2292 1051 are

196 1065 403 1143 duces,
431 1069 615 1154 quod
645 1070 711 1131 in
733 1070 954 1146 aciem,
980 1093 1110 1156 qua
1136 1071 1465 1159 pugnandi
1484 1083 1618 1135 arte
1652 1070 1980 1135 Romanus
2003 1094 2158 1135 exce
2187 1072 2292 1149 lat,

194 1155 527 1218 commissa
548 1177 651 1218 res
680 1156 778 1219 sit.
868 1156 1136 1242 Aequos
1170 1157 1684 1244 populationibus
1705 1158 2294 1243 incursionibusque

196 1238 483 1304 meliores
545 1262 719 1317 esse3
782 1254 849 1305 et
905 1242 1135 1306 multas
1180 1244 1411 1330 passim
1464 1264 1709 1318 manus,
1760 1265 1951 1329 quam
1999 1265 2293 1329 magnam

196 1324 422 1389 molem
445 1328 643 1390 unius
664 1329 997 1406 exercitus»,
1022 1330 1255 1393 rectius
1284 1328 1451 1393 bella
1470 1350 1708 1415 gerere.
1805 1328 2058 1392 Relicto
2078 1329 2294 1414 itaque
2436 1326 2496 1385 3-

196 1412 405 1474 castris
432 1414 777 1498 praesidiO,
810 1415 1041 1501 egressi
1086 1428 1265 1479 tanto
1305 1437 1451 1478 cum
1488 1413 1770 1478 tumultu
1809 1414 2094 1477 invasere
2134 1414 2294 1478 fines

198 1494 537 1575 RomanOS‚
574 1512 650 1563 ut
678 1500 761 1563 ad
790 1502 1013 1564 urbem
1043 1523 1301 1587 quoque
1328 1514 1630 1564 terrorem
1659 1499 2052 1586 pertulerint.
2119 1500 2292 1565 Nec-

196 1583 448 1666 opinata
468 1586 669 1649 etiam
694 1608 794 1649 res
823 1585 967 1672 plus
996 1586 1433 1675 trepidationis
1462 1585 1632 1662 fecit,
1666 1586 1840 1672 quod
1867 1585 2031 1650 nihil
2061 1587 2290 1663 minua,

197 1690 381 1753 quam
418 1692 503 1733 ne
546 1672 755 1735 victus
783 1696 855 1735 ac
890 1694 1092 1771 prope
1133 1674 1201 1736 in
1238 1673 1453 1738 castris
1488 1674 1776 1736 obsessus
1815 1672 2010 1736 hostis
2051 1695 2295 1737 memor

196 1754 623 1839 populationis
652 1771 835 1835 esset,
861 1760 1067 1823 timeri
1186 1772 1381 1835 terat3
1430 1772 1853 1845 agrestesque,
1886 1758 2100 1844 pavidi
2131 1758 2292 1822 inci-

196 1838 415 1905 dentes
472 1843 695 1929 portiS,
741 1866 889 1907 non·
922 1867 1096 1931 popu
1121 1846 1417 1922 ationem,
1464 1868 1584 1909 nec
1629 1845 2024 1932 praedonum
2070 1866 2292 1931 parvas

198 1946 433 2004 manus,
466 1929 605 2005 sed,
638 1931 853 1993 omnia
878 1953 1043 1994 vano
1072 1944 1376 2017 augentes
1414 1932 1661 2008 timore,
1695 1932 2010 1995 exercitus
2039 1944 2106 1994 et
2134 1931 2292 2018 legi-

199 2034 343 2075 ones
390 2014 613 2083 adesse
661 2015 958 2093 hostium‚
1006 2028 1071 2081 et
1114 2016 1341 2082 infesto
1388 2018 1638 2103 agmine
1683 2040 1866 2081 ruere
1913 2016 1994 2079 ad
2046 2017 2290 2094 urbem,

164 2117 181 2149 ι
200 2097 567 2165 clamabant.
662 2101 772 2167 Ab
800 2102 899 2166 his
927 2103 1201 2190 proximi
1242 2104 1461 2167 audita
1488 2105 1746 2180 incerta,
1779 2125 1984 2189 eoque
2011 2104 2290 2180 vaniora,

200 2184 353 2248 ferre
382 2187 465 2251 ad
506 2187 698 2251 alios:
747 2210 963 2253 cursus
998 2187 1359 2289 clamorque
1395 2189 1758 2253 vocantium
1789 2190 1870 2253 ad
1911 2210 2086 2252 arma
2118 2188 2292 2253 haud

200 2270 464 2335 multum
511 2297 553 2337 a
594 2296 824 2361 pavore
869 2298 943 2339 ca
990 2288 1089 2339 tae
1142 2277 1315 2339 urbis
1361 2276 1594 2339 abesse.
1687 2274 1877 2339 Forte
1925 2276 2004 2339 ab
2050 2274 2292 2361 Algido

206 2354 544 2429 Quinctius
590 2360 808 2423 consul
853 2298 1131 2425 redierat
1174 2361 1464 2425 Romam.
1559 2360 1638 2425 Id
1683 2360 2034 2425 remedium
2080 2360 2292 2424 timori

200 2440 351 2505 fuit:
414 2445 825 2531 tumultuque
873 2447 1111 2524 sedate,
1163 2448 1367 2510 victos
1412 2447 1622 2510 timeri
1668 2447 2002 2533 increpans
2059 2445 2291 2523 hostes,

202 2530 505 2611 praesidia
548 2533 749 2618 portis
788 2534 1103 2619 imposuit.
1196 2532 1443 2596 Vocato
1478 2531 1630 2594 dein
1669 2544 1914 2607 senatu,
1952 2553 2172 2618 quum,
2211 2554 2293 2595 ex

162 2629 185 2662 2
202 2617 569 2681 auctoritate
612 2617 876 2682 Patrum
920 2619 1159 2683 iustitio
1203 2617 1464 2693 indict0,
1556 2615 1826 2680 rofectus
1869 2616 1950 2679 ad
1998 2616 2296 2681 tutandos

202 2699 353 2764 fines
395 2716 585 2779 esset,
638 2703 719 2778 Q.
766 2704 1030 2769 Servilio
1120 2703 1391 2767 raefecto
1438 2639 1610 2766 urbis
1653 2701 1892 2779 relict0‚
1936 2701 2182 2766 hostem
2224 2702 2295 2766 in

204 2787 359 2871 agris
386 2812 525 2853 non
554 2790 814 2854 invenit.
907 2790 1015 2855 Ab
1040 2813 1077 2854 a
1101 2803 1237 2854 tero
1266 2788 1526 2853 consule
1555 2810 1654 2853 res
1681 2798 1862 2874 gesta
1883 2789 2136 2875 egregie
2166 2800 2290 2853 est:

204 2874 327 2957 qui,
412 2898 498 2939 ua
532 2888 871 2939 venturum
907 2877 1153 2940 hostem
1198 2876 1453 2953 sciebat,
1490 2896 1746 2962 gravem
1791 2874 2044 2962 praeda,
2088 2896 2295 2961 eoque

202 2898 599 3045 impeditiore
668 2963 919 3049 agmine
978 2962 1381 3026 incedentem
1441 2982 1788 3048 aggressuS,
1848 2961 2162 3025 funestam
2233 2960 2295 3025 ei
2385 3020 2388 3023 .

204 3046 673 3131 populationem
731 3049 897 3113 fecit.
990 3048 1189 3112 Pauci
1246 3049 1526 3112 hostium
1576 3070 1826 3115 evasere
1879 3070 1961 3111 ex
2011 3048 2289 3111 insidiis:

206 3133 431 3213 praeda
468 3134 679 3197 omnis
706 3157 850 3199 rece
898 3148 963 3198 ta
991 3147 1102 3198 est.
1198 3132 1301 3198 Sic
1330 3135 1526 3198 finem
1557 3134 1817 3210 iustitie,
1849 3134 2024 3220 quod
2053 3134 2294 3246 quatri·-

204 3215 397 3281 duum
414 3220 557 3295 fuit,
582 3220 823 3285 reditus
850 3158 1140 3294 &uinctii
1162 3220 1435 3284 consulis
1458 3220 1525 3282 in
1549 3221 1772 3284 urbem
1794 3219 1961 3283 fecit.
2043 3219 2294 3283 Census

207 3300 431 3369 deinde
481 3319 677 3383 actua,
722 3320 787 3371 et
831 3306 1159 3371 conditum
1207 3308 1287 3370 ab
1340 3305 1648 3380 Quinctio
1694 3304 1976 3369 lustrum.
2082 3302 2295 3369 censa

168 3404 193 3451 3
208 3388 432 3455 civium
464 3392 675 3479 capita
706 3404 965 3457 centum
996 3396 1297 3479 quattuo'r
1326 3390 1526 3455 millia
1558 3402 1626 3455 et
1661 3390 1939 3455 ducenta
1966 3403 2294 3476 quattuor-

282 3606 303 3639 i
337 3596 527 3642 Audita
564 3596 771 3652 imm-ta,
798 3609 947 3657 eoque
980 3596 1211 3655 vaniora]
1280 3599 1367 3642 aut
1412 3592 1740 3656 propinquum
1783 3594 1932 3642 muris
1967 3596 2172 3656 bellum,
2209 3602 2298 3645 aut

214 3654 419 3717 Incerta,
440 3659 557 3719 quia
588 3658 843 3705 audierant
876 3661 1086 3716 tantum,
1118 3672 1217 3705 non
1282 3658 1499 3705 violenta
1549 3658 1677 3705 intra
1717 3659 1888 3705 urbem
1932 3659 2123 3719 sediti0‚
2167 3659 2297 3709 cives

216 3720 427 3769 viderant
450 3742 465 3779 3
494 3724 715 3783 adeoque
744 3722 1013 3770 mendaciis
1034 3721 1218 3769 auct-io-
1284 3736 1453 3769 omnes
1490 3736 1522 3767 a
1559 3721 1854 3782 privatarum
1892 3736 2052 3771 rerum
2086 3739 2202 3771 curs.
2232 3726 2297 3772 ad

219 3796 280 3830 ra.
1288 3785 1536 3848 publicam
1561 3786 1810 3834 avocabat.

282 3861 307 3894 2
340 3850 533 3898 Iustitia
554 3851 758 3908 indicto]
811 3848 987 3897 Fusius
1008 3848 1223 3911 explicat
1354 3864 1380 3911 3
1413 3851 1642 3898 Daseusa
1663 3852 2066 3913 quattuordecim]
2093 3852 2300 3901 Centum

222 3920 377 3959 noster
397 3914 513 3975 quid
546 3915 609 3962 sit
640 3916 897 3973 iustitium,
919 3914 1024 3961 infr.
1051 3924 1125 3975 27.
1150 3912 1226 3961 his
1288 3915 1668 4023 glanum-decim
1712 3914 1916 3962 Niebhr.
1967 3916 2050 3976 qui
2093 3914 2142 3963 in
2189 3916 2297 3963 cod.

226 3976 401 4025 verbis:
450 3980 691 4027 iustitium
728 3979 904 4026 edicit.-
954 3978 1117 4025 claudi
1154 3984 1224 4024 tco-
1342 3984 1408 4025 at.
1444 3976 1670 4040 Dionysii
1703 3994 1814 4025 ann.
1849 3978 1915 4027 U.
1938 3980 1997 4028 C.
2024 3980 2134 4036 280,
2157 3994 2302 4027 censa

226 4037 393 4088 beruas
424 4049 519 4089 tota
552 4045 673 4091 urhe
702 4043 835 4090 iubet
851 4061 867 4089 .·
906 4048 1035 4091 vetat
1066 4056 1225 4104 quem-
1290 4041 1468 4089 civium
1496 4042 1660 4105 capita
1687 4048 1878 4091 centum
1911 4044 2115 4105 eriyinta
2145 4043 2304 4089 millia

226 4116 361 4161 quam
395 4108 621 4167 privatae
663 4108 918 4169 quicquam
955 4107 1029 4154 rei
1066 4120 1224 4165 ωροτε.
1290 4120 1341 4153 se
1365 4106 1536 4167 legisse
1557 4106 1694 4163 dicit,
1715 4112 1766 4153 et
1791 4104 2163 4153 diminutionem
2195 4108 2302 4151 tan-

228 4162 488 4216 Dicebatur
522 4172 759 4217 iustitium
797 4185 855 4217 ex
892 4184 951 4217 eo
982 4170 1113 4230 quod
1146 4172 1227 4216 ius
1291 4174 1391 4215 tam
1416 4168 1477 4216 dc
1498 4184 1702 4216 numero
1733 4169 1910 4216 civium
1944 4170 1995 4216 in
2027 4168 2120 4214 hoc
2155 4181 2302 4215 censu

224 4228 481 4291 sisteretur,
508 4234 611 4281 sive
639 4232 906 4281 iurisdictio
936 4231 1224 4281 intermitte·
1288 4232 1469 4280 factam
1492 4232 1658 4291 misse,
1680 4232 1794 4293 quia
1822 4237 1896 4279 tot
1929 4230 2194 4291 municipia
2216 4234 2304 4277 aut

225 4300 361 4342 retur.
428 4296 540 4345 Hoc
570 4298 621 4345 in
644 4297 957 4345 tumultuosis
978 4312 1036 4345 ac
1058 4297 1225 4344 turbu·
1290 4296 1621 4355 descivissent,
1661 4301 1748 4343 aut
1790 4296 1854 4342 ab
1894 4294 2114 4341 hostibus
2157 4300 2303 4357 capta

225 4354 363 4407 lentis
381 4362 679 4424 temporibus
692 4362 879 4410 solebat
894 4360 1062 4420 indici,
1074 4374 1225 4422 quum
1291 4364 1465 4408 essent.
