3000 4784
869 182 1059 247 LIB.
1117 182 1203 247 11.
1279 180 1502 246 CAP.
1557 188 1662 247 31.
2207 188 2326 248 105

198 332 465 386 creant.
558 319 809 395 Plebes,
852 319 971 383 etsi
1022 318 1317 381 adversus
1368 340 1435 381 se
1486 330 1766 382 creatum
1818 318 2190 383 dictatorem
2235 319 2330 382 vi·-
2351 332 2416 383 U.
2439 334 2499 383 c,
2525 330 2640 385 2605

204 407 443 483 debat,
492 418 728 482 tamen,
828 428 983 469 uum
1032 404 1542 492 provocationem
1592 404 1796 469 fratris
1846 405 1986 491 lege
2046 405 2326 483 haberet,
2349 400 2407 471 4·
2442 399 2515 511 cd}
2525 413 2634 511 Ἓξ·

206 494 393 557 nihil
422 516 509 557 ex
538 516 617 557 ea
644 493 679 556 f
774 494 787 505 '
820 492 881 555 'a
908 492 1083 556 triste
1122 514 1243 555 nec
1282 492 1625 578 superbum
1655 492 1933 556 timebat.
2027 490 2328 555 Edictum
2345 477 2445 577 ᾖξ’
2517 479 2544 510 ⁰

208 579 489 655 deinde,
522 603 563 643 a
586 579 891 645 dictatore
921 580 1331 665 propositum,
1365 578 1759 643 confirmavit
1785 580 2046 656 animos,
2083 577 2331 643 Servilii

210 666 361 731 fere
392 666 671 731 consulis
700 666 909 730 edicto
939 666 1355 731 conveniens:
1404 665 1518 729 sed
1559 678 1624 729 et
1663 665 1906 729 homini
1943 677 2021 731 et*
2037 666 2332 752 potestati

212 752 463 818 melius
490 753 609 817 rati
638 751 835 829 credi,
864 752 1093 817 omisso
1122 752 1463 817 certamine
1494 753 1756 817 nomina
1783 752 2036 817 dedere.
2108 753 2332 828 Quan-

160 874 197 917 4
215 852 335 905 tus
362 861 698 925 nunquam
738 853 885 903 ante
925 839 1259 916 exercituS,
1288 838 1570 925 legiones
1609 838 1832 904 decem
1860 840 2156 904 effectae:
2203 854 2330 905 ter-

214 948 353 991 nae
406 926 560 991 inde
612 924 795 991 datae
848 925 1226 1003 consulibus,
1272 939 1574 1013 quattuor
1615 926 1886 991 dictator
1927 948 2091 991 usus.
2183 925 2252 989 N
2253 950 2328 991 ec
2435 960 2444 970 ·

218 1025 484 1100 poterat
526 1012 653 1076 iam
695 1012 935 1078 bellum
976 1012 1231 1077 differri.
1322 1011 1540 1099 Aequi
1570 1011 1872 1093 Latinum
1902 1036 2124 1100 agrum
2149 1014 2329 1078 inva-
2347 1024 2546 1073 Beuum

218 1112 461 1165 serant.
557 1098 857 1164 Oratores
907 1098 1283 1164 Latinorum
1340 1121 1380 1163 a
1434 1112 1660 1164 senatu
1717 1100 2038 1187 petebant,
2089 1112 2164 1164 ut
2219 1114 2329 1166 aut
2345 1104 2458 1201 ’ἔξω
2492 1154 2504 1165 .

218 1187 565 1251 mitterent
589 1186 961 1263 subsidium,
992 1198 1103 1251 aut
1142 1209 1211 1250 se
1254 1185 1423 1272 ipsos
1464 1184 1847 1251 tuendorum
1889 1186 2116 1250 finium
2143 1210 2331 1252 causa
2345 1155 2656 1267 5331.ae

222 1296 461 1361 capere
498 1294 675 1337 arma
708 1272 1005 1337 sinerent.
1098 1272 1330 1337 Tutius
1366 1272 1573 1335 visum
1616 1284 1730 1349 est,
1771 1271 2030 1337 defendi
2059 1272 2330 1339 inermes
2347 1298 2506 1332 musa·

226 1359 523 1436 Latinos,
546 1382 739 1445 quam
767 1359 901 1446 pati
927 1371 1263 1424 retractare
1291 1380 1481 1423 arma.
1529 1357 1832 1423 Vetusius
1859 1358 2080 1423 consul
2107 1358 2330 1426 missus

226 1460 365 1511 est:
414 1446 469 1509 is
510 1445 657 1510 finis
698 1445 1211 1533 populationibus
1252 1445 1391 1509 fuit.
1488 1444 1752 1510 Cessere
1795 1445 2012 1532 Aequi
2055 1446 2325 1546 campis:

226 1532 506 1619 locoque
536 1533 755 1620 magis,
788 1556 977 1618 quam
1008 1532 1213 1610 armis,
1243 1531 1408 1609 freti,
1438 1532 1700 1597 summis
1727 1555 1793 1597 se
1823 1532 1988 1619 iugis
2016 1545 2328 1597 montium

230 1620 623 1683 tutabantur.
714 1618 903 1684 Alter
930 1618 1169 1697 consul,
1198 1618 1269 1683 in
1298 1617 1562 1683 Volscos
1600 1618 1936 1719 profectuS,
1965 1641 2049 1684 ne
2089 1633 2157 1684 et
2192 1620 2327 1707 ipse
2348 1635 2552 1685 Bellum

232 1718 469 1771 tereret
512 1720 779 1792 tempus,
819 1706 1134 1771 vastandis
1175 1706 1453 1771 maxime
1496 1728 1660 1793 agris
1702 1706 1948 1771 hostem
1991 1706 2074 1770 ad
2117 1704 2332 1771 confe-
2348 1716 2462 1750 cum
2509 1765 2520 1777 .

234 1792 439 1857 reuda
463 1793 723 1880 propius
752 1806 952 1858 castra
978 1792 1538 1893 dimicandumque
1583 1793 1716 1857 acie
1761 1793 2011 1858 excivit.
2104 1791 2331 1885 Medio
2349 1766 2562 1815 Volsca.

234 1880 405 1944 inter
434 1894 633 1943 castra
660 1902 799 1943 cam
886 1928 905 1957 ,
936 1893 1082 1946 ante
1122 1902 1309 1944 suum
1350 1902 1621 1966 qmsque
1651 1878 1904 1957 vallum,
1935 1880 2178 1945 infestis
2207 1881 2332 1967 sig-

235 1966 339 2029 nis
368 1966 722 2031 constitere.
798 1903 1227 2031 fflultitudine
1260 1966 1656 2053 aliquantum
1692 1966 1902 2031 Volsci
1932 1968 2328 2055 superabant.

146 2038 191 2071 “
238 2050 467 2138 Itaque
507 2052 691 2117 effusi
733 2065 801 2117 et
843 2053 1257 2139 contemptim
1295 2076 1578 2139 pugnam
1609 2053 1825 2118 iniere.
1922 2052 2168 2118 Consul
2198 2053 2334 2119 Ro-

236 2161 463 2203 manus
506 2162 629 2204 nec
673 2140 987 2227 promovit
1036 2140 1255 2217 aciem,
1304 2162 1425 2205 nec
1476 2139 1816 2204 clamorem
1863 2140 2046 2205 reddi
2135 2163 2328 2219 assuS,

192 2254 223 2303 5
239 2226 469 2290 defixis
495 2226 641 2314 pilis
668 2240 830 2291 stare
860 2248 1005 2290 suos
1032 2226 1247 2291 iussit:
1280 2226 1393 2290 ubi
1422 2226 1506 2290 ad
1534 2249 1794 2291 manum
1815 2227 2092 2292 venisset
2159 2228 2328 2306 ostis,

242 2325 379 2377 tum
421 2326 669 2377 coortos
710 2325 843 2378 tota
882 2312 947 2377 vi
988 2312 1215 2399 gladiis
1258 2335 1394 2377 rem
1436 2336 1672 2400 gerere.
1763 2312 2000 2390 Volsci,
2041 2336 2226 2379 cursu
2266 2328 2333 2381 et

240 2398 511 2463 clamore
548 2400 713 2476 fessi,
744 2422 945 2485 quum
988 2422 1055 2463 se
1093 2398 1269 2464 velut
1310 2400 1712 2486 stupentibus
1754 2414 1932 2464 metu
1971 2398 2334 2466 intulissent

245 2485 570 2563 Romanis,
600 2498 937 2572 postquam
978 2486 1455 2573 impressionem
1498 2508 1747 2549 sensere
1788 2508 1870 2549 ex
1909 2486 2170 2550 adverso
2203 2486 2333 2551 fac-

246 2586 393 2649 tam,
423 2585 491 2637 et
517 2586 663 2637 ante
694 2572 909 2637 oculos
939 2573 1169 2637 micare
1204 2570 1464 2657 gladioe,
1496 2570 1672 2635 haud
1710 2592 1908 2648 secus,
1939 2595 2132 2659 quam
2171 2572 2223 2636 si
2263 2573 2332 2637 in

244 2658 499 2723 insidias
538 2658 924 2737 incidissent,
954 2659 1189 2731 turbati
1216 2670 1472 2725 vertunt
1500 2671 1711 2745 terga3
1759 2670 1826 2722 et
1867 2681 1948 2723 ne
1993 2658 2076 2722 ad
2117 2658 2331 2745 fugam

292 2744 505 2810 uidem
554 2746 703 2810 satis
749 2746 978 2810 virium
1025 2746 1165 2823 fuit,
1208 2746 1359 2831 quia
1403 2768 1592 2810 cursu
1635 2745 1705 2809 in
1755 2744 2068 2832 proelium
2110 2745 2327 2811 ierant.

246 2768 525 2897 illumani
574 2845 821 2909 contra,
864 2832 1016 2919 quia
1068 2832 1273 2933 princi
1320 2832 1381 2896 io
1438 2856 1690 2919 pugnae
1749 2832 1952 2919 quieti
2009 2844 2330 2910 steterant,

249 2918 529 3005 vigentes
570 2919 953 3006 corporibuS,
983 2919 1167 2983 famle
1293 2919 1427 3006 epti
1471 2919 1686 2997 fessos,
1730 2933 1798 2985 et
1843 2932 2044 2985 castra
2089 2920 2332 3006 impetu

248 3018 571 3091 ceperunt,
603 3020 687 3083 et,
720 3005 935 3070 castris
964 3020 1229 3071 exutum
1259 3005 1505 3070 hostem
1535 3004 1808 3071 Velitras
1836 3006 2170 3094 persecuti,
2203 3028 2332 3071 uno

247 3091 493 3178 agmine
521 3092 789 3156 victores
816 3114 961 3156 cum
991 3093 1171 3157 victis
1210 3092 1277 3155 in
1320 3093 1538 3156 urbem
1580 3093 1895 3179 irrupere:
1943 3093 2212 3181 plusque
2241 3092 2331 3157 ibi

248 3178 584 3265 sanguiniS,
608 3178 962 3265 promiscua
988 3180 1273 3243 omnium
1302 3200 1608 3265 generum
1638 3178 1852 3256 caede,
1877 3202 2070 3265 quam
2100 3180 2168 3243 in
2197 3180 2336 3266 ipsa

250 3263 673 3342 dimicatione,
716 3264 969 3329 factum.
1062 3265 1287 3329 Paucis
1334 3265 1484 3329 data
1526 3266 1730 3343 venia,
1777 3266 1890 3351 qui
1941 3266 2216 3331 inermes
2263 3265 2332 3329 in

250 3350 635 3416 deditionem
664 3366 991 3416 venerunt.

335 3437 513 3501 Dum
564 3438 719 3502 haec
770 3439 837 3502 in
890 3437 1137 3502 Volscis
1185 3450 1518 3525 geruntur,
1567 3437 1836 3502 dictator
1891 3439 2173 3517 Sabinos,
2223 3440 2333 3504 ubi
2455 3446 2557 3505 31.

252 3526 433 3612 longe
494 3524 837 3611 plurimum
886 3524 1044 3604 =belli
1095 3524 1318 3602 fuerat,
1368 3524 1602 3602 fundit,
1653 3524 1974 3612 fugatque,
2028 3527 2332 3613 exuitque
2353 3529 2552 3578 Bellum

250 3612 479 3677 castris
594 3610 905 3697 Equitatu
962 3612 1245 3676 immisso
1304 3610 1582 3675 mediam
1642 3612 2000 3676 turbaverat
2055 3612 2333 3678 hostium
2351 3609 2558 3708 gffini&

252 3822 381 3878 anni,
414 3826 655 3869 servatmn
695 3820 745 3868 in
785 3836 1023 3868 marmore
1060 3821 1193 3868 edito
1226 3836 1259 3867 a
1322 3820 1459 3879 liam,
1480 3826 1676 3869 centum
1709 3820 1888 3869 abhinc
1909 3836 2078 3882 annos,
2101 3838 2200 3870 non
2223 3824 2336 3886 plus

252 3885 479 3939 Motellio
520 3886 583 3932 de
626 3885 739 3933 stilo
781 3884 995 3946 inscript.
1041 3900 1089 3947 p.
1140 3883 1242 3932 162.
1322 3890 1553 3945 quattuor
1601 3884 1816 3947 legiones
1867 3885 1916 3933 in
1968 3887 2074 3935 acie
2123 3889 2330 3935 stabant.

256 3952 315 3999 cf.
338 3948 457 3998 Gori
494 3948 721 4009 Inscript.
764 3948 957 3997 Etrusc.
989 3949 1040 3997 ii.
1065 3964 1113 4011 p.
1148 3960 1257 4011 235,
1327 3950 1511 3997 Verum
1550 3949 1713 3997 adhuc
1745 3950 1916 3998 similis
1946 3951 2176 4013 phalangi
2204 3950 2333 3998 acies

256 4014 453 4061 Niebhr.
476 4014 507 4061 i.
532 4028 580 4075 p.
606 4026 633 4074 5
640 4027 713 4073 30.
738 4026 845 4076 590.
1324 4013 1553 4061 Romana
1593 4016 1880 4063 struebatur.
1939 4016 2142 4065 Niebhr.
2193 4015 2225 4062 i.
2281 4029 2330 4075 p.

316 4096 347 4139 4
374 4080 608 4139 Leyicmes
626 4078 811 4135 decem]
840 4076 1143 4140 Exaggerata
1158 4092 1260 4125 orar-
1327 4091 1435 4141 590.

254 4143 337 4199 tio,
366 4156 493 4203 quae
527 4140 727 4189 Valerio
760 4141 947 4189 Antiati
982 4144 1139 4189 forsan
1179 4142 1259 4189 de-
1398 4154 1425 4204 5
1466 4144 1660 4205 Deficit
1701 4144 1840 4204 pilis]
1919 4142 2123 4191 Rectius
2165 4142 2334 4199 hastis,

254 4210 407 4264 betur,
438 4205 522 4267 qui
559 4205 819 4253 immodice
851 4205 1067 4254 omnium
1100 4222 1259 4253 rerum
1324 4222 1475 4269 quum
1522 4222 1618 4255 non
1673 4212 1788 4254 ante
1831 4206 2052 4255 Gallicos
2095 4204 2336 4253 tumultus

257 4284 505 4382 magnenlun
518 4274 678 4344 auget.
695 4269 803 4382 {¹}st-
818 4269 989 4394 κξζίίἰ.
1005 4284 1075 4318 ιο.
1096 4270 1262 4383 {⁴3st
1320 4274 1439 4335 pilis
1460 4273 1722 4321 utebantur
1745 4269 1972 4319 Romani.

258 4352 303 4383 m
354 4350 411 4383 oc
448 4349 537 4382 oco
550 4348 695 4382 mcau
716 4348 881 4396 iusagi
934 4348 1084 4395 quum
1241 4363 1259 4371 -
