3000 4784
803 202 993 269 LIB.
1052 202 1177 273 HL
1248 201 1469 269 CAP.
1533 207 1631 268 10.
2141 207 2260 273 157

142 347 167 377 ‘
184 340 407 427 redigi
439 340 638 405 mala:
688 364 899 427 neque
930 340 1111 406 illum
1140 364 1207 407 se
1236 341 1586 428 deprecari,
1618 364 1748 441 quo
1779 342 1988 409 minus
2017 356 2258 431 pergat,
2283 363 2350 413 U.
2375 364 2434 414 c,
2459 379 2568 429 292.

144 435 169 463 ‘
190 442 275 491 ut
302 428 604 514 coeperit.
698 427 869 503 Vos,’
898 428 1111 514 inquit
1142 428 1391 505 Fabius,
1429 436 1661 492 ‘ceteri
1699 428 1955 507 tribuni,
1989 454 2258 509 oramus,
2279 428 2340 477 A·
2375 429 2434 478 0·
2489 427 2569 479 ⁶0·

145 522 167 550 ‘
192 528 273 577 ut
304 514 585 600 primum
616 514 903 579 omnium
933 537 968 577 c
1055 514 1241 591 ‘tetis‚
1278 526 1658 614 potestatem
1697 515 1882 579 istam
1927 516 2008 581 ad
2043 518 2263 604 singu-

146 600 411 663 ‘lorum
442 600 773 676 auxilium,
798 622 931 663 non
1072 601 1419 687 perniciem
1450 602 1906 678 universorum,
1936 626 2264 703 compara-

144 694 167 723 ‘
192 699 333 751 tam
366 708 537 751 essex
580 686 1099 773 tribunos'plebis
1119 710 1229 751 vos
1258 700 1526 763 creatos&
1548 710 1680 752 non
1709 688 1921 752 hostes
1945 688 2258 754 PatnbuS.

144 781 166 809 ‘
192 771 415 837 Nobis
460 773 778 849 miserum,
818 773 1200 837 invidiosum
1237 773 1413 837 vobis
1458 787 1572 850 est,
1605 774 1919 839 desertam
1964 777 2262 862 rempub-

146 859 391 921 ‘licam
422 859 655 922 invadi.
749 857 817 922 N
818 882 905 923 on
932 858 1032 923 ius
1062 872 1359 935 vestrum,
1384 859 1497 923 sed
1528 860 1851 936 invidiam,
1883 861 2258 925 minueritiS.

142 954 167 983 ‘
188 946 403 1030 Agite
434 968 582 1008 cum
612 944 873 1030 collega,
908 957 978 1008 ut
1008 967 1141 1009 rem
1176 946 1488 1031 integram
1535 946 1602 1009 in
1646 945 1990 1010 adventum
2033 971 2263 1012 consu·

145 1031 337 1093 ‘lum
389 1031 658 1095 differat.
752 1030 857 1095 Ne
904 1032 1121 1117 Aequi
1166 1032 1429 1117 quidem
1476 1054 1550 1096 ac
1599 1031 1837 1109 Volsci,
1885 1035 2106 1098 morbo
2153 1035 2263 1099 ab·

145 1117 471 1203 ‘sumptis
510 1118 719 1203 priore
762 1140 929 1181 anno
958 1118 1341 1195 consulibua,
1372 1117 1616 1182 crudeli
1647 1119 1920 1204 superbo
1969 1142 2046 1183 ue
2077 1120 2263 1185 nobis

144 1214 165 1241 ‘
184 1202 373 1267 bello
402 1204 729 1268 institere.’
800 1204 1025 1289 Agunt
1056 1226 1202 1268 cum
1226 1203 1581 1268 Terentillo
1613 1205 1890 1269 tribuni:
1921 1144 2262 1292 {nataque

140 1290 221 1352 in
268 1290 551 1389 speciem
595 1290 863 1366 actione,
896 1312 963 1353 re
1008 1290 1145 1376 ipsa
1186 1289 1452 1366 sublata,
1486 1290 1778 1354 consules
1807 1291 2131 1378 extemplo
2163 1315 2264 1355 ar-

140 1388 391 1439 cessitl.

247 1461 591 1527 Lucretius
626 1485 772 1526 cum
811 1461 1058 1549 ingenti
1100 1462 1357 1549 praeda,
1388 1462 1625 1527 maiore
1670 1462 1874 1527 multo
1917 1462 2119 1563 gloria
2160 1485 2262 1527 re-
2385 1478 2482 1538 10,

142 1548 317 1611 diit:
370 1560 437 1611 et
464 1562 657 1635 auget
689 1548 953 1635 gloriam
986 1548 1347 1625 advenienS,
1381 1549 1672 1634 exposita
1701 1549 1877 1613 omni
1921 1572 1986 1612 ln
2034 1571 2259 1635 campo

144 1633 405 1697 {Martio
434 1635 686 1719 praeda,
720 1649 793 1698 ut
820 1657 1005 1698 suum
1036 1636 1305 1721 quisque
1338 1657 1453 1721 per
1482 1635 1764 1699 triduum
1795 1634 2122 1721 cognitum
2152 1636 2262 1699 ab-

90 1734 125 1777 4
144 1720 443 1783 duceret.
540 1720 819 1820 Reliqua
855 1720 1133 1797 vendita,
1176 1722 1407 1807 quibus
1457 1721 1704 1785 domini
1755 1744 1888 1785 non
1939 1721 2257 1786 exstitere.

146 1806 541 1870 Debebatur
569 1829 853 1871 omnium
886 1829 1199 1871 consensu
1220 1806 1465 1871 consuli
1491 1807 1885 1907 triumphus:
1927 1808 2042 1872 sed
2065 1807 2264 1871 dilata

142 1915 261 1956 res
290 1904 407 1967 est,
442 1892 697 1957 tribuno
725 1892 807 1957 de
850 1893 989 1979 lege
1020 1907 1299 1979 agente.·
1358 1891 1437 1957 Id
1472 1893 1796 1979 antiquius
1840 1894 2084 1958 consuli
2117 1894 2257 1957 fuit.

144 1978 403 2043 lactata
431 2000 548 2064 per
574 1977 818 2065 aliquot
846 1978 983 2043 dies
1012 2002 1209 2078 quum
1254 1979 1326 2041 in
1367 1992 1593 2043 senatu
1622 2002 1739 2055 rea,
1773 1992 1910 2042 tum
1941 1979 2022 2044 ad
2057 2002 2264 2065 popu-

142 2064 293 2128 lum
342 2078 455 2127 est.
549 2062 761 2129 Cessit
802 2064 887 2129 ad
932 2065 1228 2128 ultimum
1274 2065 1585 2129 maiestati
1628 2065 1903 2131 consulis
1949 2065 2260 2141 tribunuS,

143 2164 223 2215 et
256 2149 539 2214 destitit:
588 2164 726 2215 tum
755 2151 1119 2237 imperatori
1149 2150 1588 2249 exercituique
1631 2151 1834 2215 honos
1867 2174 2019 2215 suus
2049 2150 2264 2214 reddi-

98 2246 125 2293 5
146 2251 279 2300 tus.
326 2242 337 2255 “
377 2235 823 2323 Triumphavit
870 2237 951 2301 de
1000 2235 1248 2300 Volscis
1290 2237 1705 2322 Aequisque:
1763 2236 2260 2323 triumphantem
2286 2254 2544 2303 Lucretius

96 2326 129 2375 6
146 2334 415 2387 secutae
446 2345 595 2387 suae
626 2323 923 2409 legiones,
1012 2322 1223 2388 Alteri
1252 2322 1496 2388 consuli
1526 2323 1766 2399 datum,
1799 2334 1873 2387 ut
1902 2344 2096 2388 ovans
2125 2323 2260 2387 sine
2279 2318 2566 2381 triumphat.

148 2408 471 2473 militibus
513 2410 737 2473 urbem
782 2410 987 2473 iniret.
1081 2408 1279 2473 Anno
1322 2408 1558 2472 deinde
1605 2409 1968 2494 insequenti
1996 2408 2103 2472 lex
2135 2408 2264 2471 Te-

104 2493 433 2571 7rentilla,
465 2496 545 2559 ab
576 2508 710 2560 toto
740 2496 937 2561 relata
965 2494 1250 2580 collegio,
1282 2516 1479 2558 novos
1662 2516 1800 2557 essa
1828 2493 2118 2558 consules
2147 2506 2257 2558 est.

150 2580 368 2645 Erant
418 2581 708 2645 consules
752 2582 823 2645 P.
872 2580 1278 2656 Volumnius,
1333 2578 1465 2643 Ser.
1515 2578 1604 2642 Su
1629 2580 1850 2666 picius.
1945 2578 2044 2643 Eo
2095 2602 2265 2643 anno
2285 2594 2351 2644 U.
2375 2596 2434 2646 0.
2460 2610 2568 2661 293·

146 2667 415 2731 coelum
468 2667 689 2732 ardere
735 2668 974 2743 visum3
1030 2680 1201 2731 terra
1249 2665 1496 2750 ingenti
1547 2687 1852 2729 concussa
1901 2679 2080 2729 motu
2131 2678 2258 2729 est:
2283 2659 2340 2770 ⁸1⁴³:
2369 2660 2575 2772 gagg:

148 2754 394 2817 bovem
424 2751 721 2830 locutam,
754 2754 859 2817 cui
887 2754 981 2817 rei
1014 2753 1225 2839 priore
1255 2773 1425 2815 anno
1453 2750 1615 2815 fides
1643 2774 1778 2815 non
1805 2752 2028 2829 filerat,
2059 2751 2266 2815 credi·
2281 2786 2380 2845 nio,
2403 2788 2507 2836 Ser.

100 2852 319 2903 stum.
412 2838 593 2903 Inter
618 2838 743 2903 alia
768 2838 1060 2925 prodigia
1101 2852 1168 2902 et
1210 2858 1467 2901 carnem
1510 2836 1709 2923 pluit:
1758 2860 1952 2924 quem
1995 2837 2264 2902 imbrem
2282 2850 2508 2965 {ql-{icio

222 3064 255 3107 4
286 3047 529 3109 Reliqua]
566 3060 633 3094 sc.
658 3046 893 3103 Praedae,
920 3043 973 3093 in
1004 3050 1179 3093 neutro
1224 3044 1535 3106 ·quibusdam
1558 3045 1848 3108 scriptorem
1879 3048 1964 3095 sed
1998 3046 2123 3095 haee
2152 3048 2262 3109 plu-

150 3110 363 3174 plurali,
384 3116 443 3157 ut
462 3112 655 3173 reliqua
676 3111 803 3159 belli.
820 3108 887 3157 ix.
912 3107 985 3157 16.
1010 3109 1177 3157 Dosa.
1244 3108 1369 3157 rium
1432 3110 1722 3159 auctoritate
1785 3110 2042 3159 firmantur
2065 3128 2078 3159 ε
2147 3125 2264 3159 eum

222 3188 253 3237 5
294 3175 663 3235 Triumphauit]
708 3173 859 3221 Hunc
893 3188 997 3221 esse
1028 3187 1057 3219 e
1092 3187 1179 3219 nu—
1246 3187 1440 3233 nempe,
1464 3173 1544 3220 cui
1567 3174 1728 3221 ovatio
1750 3175 1947 3222 decreta
1975 3176 2156 3231 fuerat,
2181 3190 2264 3235 pe-

152 3254 297 3287 mero
320 3238 554 3285 falsorum
586 3237 787 3285 istorum
818 3236 1179 3297 triumphorum
1244 3236 1388 3283 dibus
1409 3238 1581 3283 urbem
1611 3236 1876 3297 ingressum
1902 3252 2004 3285 esse
2027 3256 2040 3295 3
2071 3252 2170 3285 non
2193 3242 2264 3285 to-

152 3318 285 3363 quos
308 3302 412 3351 Cic.
435 3302 485 3349 in
520 3301 643 3349 libro
675 3315 763 3347 suo
792 3301 855 3347 de
884 3300 1015 3349 Clar.
1041 3300 1179 3347 Orat.
1242 3314 1305 3361 ga
1336 3298 1471 3360 picta
1502 3314 1663 3361 neque
1695 3302 1879 3359 trabea,
1901 3302 1986 3348 sed
2009 3305 2266 3361 praetexta

159 3364 238 3414 16.
274 3365 573 3427 perstringit,
606 3368 771 3413 censet
806 3364 1010 3411 Niebhr.
1044 3362 1094 3410 ii.
1128 3377 1178 3423 p.
1243 3368 1437 3411 tantum
1466 3362 1732 3421 indutum3
1769 3370 2053 3413 coronatum
2087 3370 2266 3427 myrto,

155 3443 271 3490 25²·
323 3430 499 3485 Quum
520 3427 651 3477 enim
674 3427 811 3475 Fasti
833 3426 1183 3489 Triumphales
1244 3440 1343 3473 non
1376 3426 1516 3473 lauro
1539 3445 1554 3485 ς
1587 3433 1638 3475 et
1668 3426 1852 3489 ingenti
1883 3427 2078 3489 agmine
2109 3428 2264 3475 tibici-

152 3494 383 3551 tandem,
408 3494 633 3553 Augusto
666 3491 955 3552 imperante,
989 3506 1018 3539 e
1054 3506 1179 3537 morh
1244 3504 1365 3537 num
1388 3490 1621 3540 cinctum.
1671 3490 1786 3539 vid.
1803 3492 1946 3552 plura
1961 3494 2095 3553 apud
2113 3491 2264 3540 Dion.

153 3562 359 3605 tuorum
384 3555 745 3604 laudationibus
777 3553 1033 3616 compositi
1065 3553 1179 3613 sint,
1245 3570 1289 3603 v.
1322 3564 1398 3615 47.
1436 3554 1572 3602 Plut.
1605 3554 1656 3601 in
1691 3554 1916 3603 Marcell.
1951 3555 2014 3603 A.
2050 3554 2182 3603 Gell.
2219 3572 2264 3603 v.

154 3618 209 3667 in
234 3619 331 3677 his,
348 3626 402 3667 ut
422 3619 577 3668 verbis
590 3618 839 3668 Ciceronis
860 3624 988 3678 utar,
1005 3618 1038 3643 ‘⁶
1052 3619 1179 3666 mul·
1244 3614 1291 3667 6.
1348 3616 1546 3665 Primus
1565 3632 1717 3665 ovans
1738 3618 1908 3665 urbem
1931 3616 2171 3679 ingressus
2192 3624 2266 3667 est

154 3690 213 3731 ta
233 3683 419 3745 scripta
444 3689 560 3731 sunt
581 3698 708 3744 quae
740 3682 872 3731 facta
902 3698 1002 3731 non
1034 3686 1178 3731 sunt:
1249 3681 1307 3729 P.
1333 3680 1618 3729 Postumius
1639 3680 1903 3739 Tubertus,
1929 3696 2058 3729 anno
2087 3684 2150 3729 ab
2183 3698 2266 3730 ex-

156 3748 269 3795 falsi
304 3746 563 3809 triumphi,
586 3748 753 3807 plures
784 3748 1083 3805 consulatus,
1100 3760 1181 3807 ge-
1245 3744 1367 3792 actis
1398 3744 1594 3807 regibus
1625 3744 1850 3805 septimo.
1883 3744 1945 3793 cf.
1967 3744 2118 3795 Dion.
2145 3744 2265 3795 ibid.

156 3827 277 3859 nera
300 3810 451 3859 stiam
474 3811 650 3859 falsa.”
1248 3808 1409 3859 cuv.

231 3874 265 3925 6
308 3876 499 3935 Ovem]
568 3873 765 3933 ovatio,
814 3871 969 3923 minor
1013 3872 1183 3921 trium·
1329 3882 1355 3933 7
1398 3874 1688 3932 Tarentilla]
1761 3874 2045 3931 Terentilia,
2103 3872 2267 3921 littera

159 3938 307 4013 phus.
355 3940 610 3989 Orationis
630 3952 809 3985 nomen
827 3937 1025 3987 deducit
1044 3938 1181 3985 Plut.
1246 3935 1431 3998 quippe
1446 3938 1468 3983 Ι
1484 3934 1809 3985 Lombardiea
1825 3936 2066 3998 scriptura
2086 3936 2266 3985 mirum

159 4017 213 4049 m
236 4002 495 4061 Marcello,
516 4003 581 4049 ab
602 4018 689 4051 ove
709 4016 837 4062 quae
862 4007 969 4049 tum
996 4006 1181 4048 macta·
1247 4000 1542 4061 quantulum
1556 3999 1748 4049 distata
1765 4000 1932 4047 littera
1941 4002 1976 4049 i.
2001 4001 2062 4049 cf.
2071 4015 2200 4061 supr.
2211 4014 2260 4063 9.

158 4068 323 4123 batur,
342 4082 497 4127 quum
530 4064 583 4113 in
614 4065 801 4114 maiore
820 4064 1073 4126 triumpho
1092 4062 1183 4111 im·
1312 4064 1343 4113 8
1377 4066 1586 4115 Carnem
1603 4065 1760 4125 pluit]
1801 4063 1940 4111 Num
1977 4078 2164 4111 vermes
2195 4078 2266 4109 es-

160 4130 429 4177 malm-etur
452 4135 651 4177 taurus:
689 4128 866 4177 Festus
897 4128 961 4175 ab
993 4142 1053 4177 eo
1087 4128 1185 4175 ela-
1248 4132 1373 4186 sent,
1394 4133 1530 4189 rogat
1555 4126 1606 4175 N
1610 4127 1764 4175 iebhr.
1785 4126 1840 4175 ii.
1858 4142 1909 4175 n.
1932 4125 2044 4187 631.
2076 4126 2268 4185 Ξαρκόν

160 4207 299 4240 more
318 4208 467 4254 quem
488 4192 679 4241 fuciunt
698 4194 957 4241 redeuntes
976 4206 1039 4241 ex
1063 4206 1185 4253 pug-
1251 4188 1531 4252 θρόυσμοτα.
1565 4206 1646 4251 ap.
1673 4190 1824 4238 Dion.
1851 4204 1900 4238 x.
1937 4204 1981 4236 ο.
2020 4189 2184 4259 θον-ῳ
2215 4186 2266 4235 in

160 4270 229 4308 na
274 4255 479 4305 victores
520 4254 703 4305 milites
742 4254 991 4317 geminata
1025 4255 1071 4303 Ο
1106 4254 1183 4303 lit-
1250 4260 1441 4303 textum
1482 4252 1704 4313 reposuit
1740 4252 1954 4305 Bekker.
2021 4250 2268 4311 Equidem

162 4326 283 4370 tera.
358 4320 423 4368 In
460 4334 522 4369 en
555 4316 872 4367 describenda
908 4317 1096 4369 variant
1133 4316 1185 4365 in
1250 4332 1349 4367 non
1369 4315 1608 4377 intelligo,
1619 4312 1746 4375 quid
1757 4314 1876 4363 velit
1891 4314 2058 4362 camb
2075 4314 2269 4375 pluvia,
