3000 4784
671 207 754 272 72
1072 204 1270 271 ΤΙΤΙ
1310 204 1549 271 LIVII
1592 203 2018 272 EPITOME
2062 204 2235 271 LIB.
2282 203 2371 270 Π.

677 351 768 404 est
809 345 1028 406 virtute
1072 352 1133 405 et
1173 367 1357 428 opera
1396 343 1464 408 C'.
1497 343 1753 419 Marcii,
1790 347 1899 428 qui
1935 343 2006 405 ob
2044 344 2155 406 hoc
2194 342 2552 408 Coriolanus
2596 363 2779 404 voea-

681 438 781 491 tus
816 439 918 492 est.
1025 431 1123 492 Ti.
1155 431 1424 508 Atinius,
1453 435 1551 493 vir
1588 432 1661 492 de
1682 431 1872 515 plebe,
1913 451 2097 514 quum
2143 433 2209 493 in
2254 431 2387 491 visu
2432 429 2783 492 admonitus

681 525 846 592 esset,
888 526 960 580 ut
993 517 1066 578 de
1102 519 1458 601 quibusdam
1497 517 1875 602 reliqionibus
1919 517 2008 579 ad
2048 526 2321 579 senatum
2356 517 2681 599 perferret,
2723 525 2785 578 et

683 603 1042 686 neqlexzsset,
1101 607 1322 668 amisso
1361 605 1531 685 filio,
1600 605 1806 668 debilis
1844 605 2085 687 sactus,
2134 612 2479 688 postquam,
2538 603 2781 664 delatus

683 689 772 750 ad
811 700 1083 753 senatum
1131 691 1354 766 lectica,
1403 692 1607 753 eadem
1654 691 1763 752 illa
1807 691 2199 765 indicano-at,
2248 711 2361 752 usu
2402 689 2633 772 pedum
2682 711 2782 752 re-

683 786 866 860 cepto,
903 777 1142 840 domum
1188 800 1457 840 reversus
1502 786 1603 840 est.
1708 777 1912 854 Quum
1964 776 2030 840 C'.
2064 777 2351 840 Marcius
2394 776 2778 851 Coriolanus,

683 866 792 1010 {ui
836 866 932 1013 izo
945 866 1216 1014 egsilium
1237 874 1398 1012 ὦναξ
1428 865 1701 1012 pulsuZl
1716 865 1853 966 dux·
1897 863 2241 1012 &obitorum
2266 863 2505 1012 scizas,
2554 865 2781 964 exerci-

711 972 810 1012 um
931 973 962 1012 s
1013 973 1113 1014 um
1159 974 1238 1014 ur
1334 951 1568 1012 Romae
1696 972 1940 1013 movisse
2024 973 2055 1012 e
2126 971 2291 1012 mzsst
2464 971 2600 1014 eum
2748 983 2780 997 -

683 1057 847 1099 mum
899 1038 1097 1122 leqati,
1139 1047 1354 1122 postea
1409 1037 1741 1100 sacerdotes
1778 996 2035 1119 frustra
2092 1038 2395 1121 deprecati
2448 971 2783 1113 essmgpze

683 1123 898 1188 bellum
934 1127 1182 1208 patriae
1227 1125 1479 1208 inferret
1491 1147 1518 1199 ,·
1596 1124 1845 1187 Veturia
1890 1133 2084 1186 mater
2127 1133 2188 1186 et
2245 1123 2565 1187 Volumnia
2624 1145 2781 1186 uxor

682 1211 1154 1293 impetraverunt
1178 1213 1256 1274 ab
1284 1233 1367 1288 e0,
1401 1220 1471 1274 ut
1495 1211 1801 1273 recederet.
1876 1209 2011 1274 Lex
2046 1212 2303 1294 ayraria
2330 1211 2605 1293 primum
2646 1209 2780 1272 lata

681 1306 783 1359 est.
881 1297 990 1382 Sp.
1033 1298 1282 1362 Cassius
1311 1297 1643 1360 consularis
1682 1299 1851 1381 reyni
1888 1299 2134 1359 crimine
2177 1297 2503 1359 damnans
2540 1306 2632 1360 est
2674 1318 2781 1360 ne-

681 1393 981 1469 catusque.
1062 1386 1283 1468 Oppia,
1315 1388 1485 1468 viryo
1525 1384 1796 1456 Vestalis,
1828 1383 1897 1446 ob
1926 1385 2213 1446 incestum
2234 1385 2373 1444 viva
2400 1383 2641 1465 defossa
2669 1392 2777 1446 est.

694 1470 898 1546 Quum
939 1474 1125 1533 vicini
1160 1473 1352 1534 hostes
1396 1471 1658 1534 Veientes
1696 1471 2051 1534 incommodi
2076 1472 2288 1553 maqis,
2324 1491 2508 1554 quam
2530 1491 2778 1552 yraves,

680 1567 885 1632 essent,
904 1559 1164 1638 familia
1193 1559 1525 1622 Fabiorum
1554 1557 1622 1618 id
1650 1557 1863 1619 bellum
1884 1557 2211 1640 qen-endum
2238 1557 2615 1640 depoposcit3
2662 1559 2781 1618 mi-

680 1644 871 1726 sitque
897 1645 963 1706 in
991 1644 1060 1705 id
1085 1653 1366 1705 trecentos
1393 1665 1495 1704 sex
1522 1651 1808 1718 armatos,
1840 1645 1947 1727 qui
1982 1643 2071 1704 ad
2106 1642 2448 1706 Cremeram
2475 1643 2564 1704 ad
2588 1665 2781 1706 unum

679 1729 758 1790 ab
815 1730 1077 1793 hostibus
1133 1732 1293 1792 caesi
1345 1738 1506 1803 sunt,
1568 1751 1685 1792 uno
1742 1729 2041 1813 impubere
2096 1729 2260 1792 domi
2313 1729 2533 1792 relicto.
2645 1730 2777 1814 Ap.

693 1813 988 1880 Claudius
1016 1817 1238 1892 consul,
1267 1837 1453 1900 quum
1480 1815 1771 1879 adversus
1816 1815 2053 1884 Volscos
2081 1819 2458 1878 contumacia
2485 1819 2782 1882 exercitus

681 1901 836 1963 male
870 1913 1215 1987 puynatum
1261 1911 1424 1978 esset,
1471 1903 1763 1966 decimum
1809 1924 2093 1986 quemque
2137 1902 2395 1966 militum
2418 1903 2596 1985 suste
2627 1925 2783 1988 per·-

681 1990 878 2051 cussit.
999 1989 1124 2052 Res
1183 1999 1503 2074 praeterea
1574 1989 1891 2052 adversum
1966 1989 2220 2064 Volscos,
2280 1998 2340 2052 et
2392 1989 2654 2074 Aequos,
2722 2000 2787 2054 et

685 2073 976 2152 Veientes,
1007 2087 1067 2139 et
1090 2077 1398 2142 seditiones
1425 2077 1583 2140 inter
1610 2075 1832 2142 Patres
1850 2075 2193 2160 plebemque
2221 2077 2492 2140 continet.
