3000 4784
715 178 841 239 268
1490 172 1719 241 ΤῙΤΙ
1779 173 2053 242 LIVII

385 320 456 371 U.
479 321 538 371 c.
565 335 674 385 334·
716 333 946 399 magno
975 312 1252 377 consulis
1279 312 1547 378 decore:
1596 314 1812 401 itaque
1844 312 2203 400 triumphus
2238 324 2529 413 negatur.
2650 310 2861 377 Cete-

481 386 540 435 c·
564 388 674 447 4¹⁸·
714 420 856 462 rum
887 399 970 464 ob
1003 398 1498 487 Sempronianae
1530 399 1725 465 cladis
1754 400 2024 465 levatam
2053 400 2490 486 ignomimam,
2520 410 2620 463 ut
2654 420 2861 463 ovans

715 485 938 549 urbem
968 484 1250 563 intraret,
1283 508 1655 551 concessum
1686 499 1800 552 est.

807 571 1369 646 Quemadmodum
1397 572 1639 638 bellum
1663 574 1928 650 minore,
1948 594 2143 660 quam
2164 572 2527 648 timuerant,
2558 571 2869 635 dimica·

713 658 889 723 tione
931 671 1066 723 erat
1103 658 1478 745 perfectum,
1510 661 1601 724 sic
1636 660 1706 743 in
1734 661 1891 725 urbe
1932 682 2016 725 ex
2052 658 2397 745 tranquillo
2438 659 2871 744 necopinata

713 743 912 809 moles
971 745 1428 810 discordiarum
1480 746 1649 810 inter
1704 745 1959 833 plebem
2012 768 2085 810 ac
2138 746 2363 810 Patres
2420 758 2675 811 exorta
2744 758 2869 819 est,

387 836 688 901 Duplicatus
713 844 940 918 coepta
985 832 1064 895 ab
1121 831 1511 918 duplicando
1559 845 1963 919 quaestorum
2016 854 2302 897 numero.
2399 830 2637 905 Quam
2692 852 2869 904 rem,

383 908 694 1017 {w
711 917 834 1005 (ut,
880 931 1130 1005 praeter
1179 919 1340 984 duos
1383 920 1657 983 urbanos
1698 931 2083 1006 quaestoreS,
2130 918 2261 982 duo
2314 917 2723 982 consulibus
2784 915 2915 985 ads
2959 960 2960 971 κ

711 1005 1060 1069 ministeria
1090 1004 1240 1069 belli
1271 1018 1519 1092 praesto
1550 1016 1813 1093 essent,)
1842 1028 1881 1071 a
1908 1004 2273 1070 consulibus
2302 1004 2595 1080 relatam,
2634 1024 2869 1089 quum

711 1104 780 1155 et
805 1090 1028 1156 Patres
1049 1114 1298 1156 summa
1325 1114 1446 1179 ope
1469 1094 1939 1180 approbassent,
1964 1090 2330 1156 consulibus
2353 1090 2605 1155 tribuni
2630 1088 2868 1175 plebis
2959 1102 2960 1173 ᾗ

709 1191 1032 1243 certamen
1056 1177 1430 1255 intulerunt,
1455 1191 1528 1242 ut
1554 1201 1701 1265 pars
1717 1190 2126 1266 quaestorum
2144 1177 2325 1261 (nam
2356 1176 2438 1241 ad
2468 1176 2538 1239 id
2570 1190 2911 1261 tempus9
2959 1198 2960 1235 3

708 1265 960 1351 patricii
989 1265 1184 1329 creati
1215 1264 1428 1351 erant)
1457 1288 1541 1330 ex
1568 1264 1756 1351 plebe
1788 1265 1987 1331 fieret.
2080 1262 2408 1327 Adversus
2436 1284 2653 1349 quam
2690 1261 2865 1326 acti-
2959 1320 2960 1331 .

712 1374 902 1416 onem
975 1352 1138 1416 rimo
1167 1362 1234 1415 et
1261 1350 1551 1416 consules
1579 1363 1648 1415 et
1675 1351 1897 1416 Patres
1940 1372 2187 1415 summa
2224 1372 2347 1437 ope
2380 1349 2595 1413 annisi
2644 1358 2858 1412 sunt:

711 1460 908 1502 conce
951 1438 1124 1502 ⁴endo
1159 1437 1414 1515 deinde,
1447 1450 1541 1515 ut,
1584 1436 2127 1524 quemadmodum
2166 1438 2237 1500 in
2282 1435 2557 1500 tribunis
2594 1455 2863 1499 consu-
2959 1490 2960 1499 2

710 1523 824 1587 lari
871 1536 1184 1609 potestate
1227 1523 1520 1588 creandis
1560 1525 1663 1589 usi
1702 1537 1872 1601 sunt,
1918 1523 2203 1610 adaeque
2249 1523 2315 1586 in
2374 1522 2861 1609 quaestoribus
2959 1504 2960 1587 ἕ

709 1608 982 1673 liberum
1023 1621 1191 1674 esset
1233 1610 1560 1674 arbitrium
1604 1610 1847 1698 populi,
1892 1632 2095 1697 quum
2137 1630 2365 1697 parum
2407 1608 2855 1695 proficerent,

711 1708 908 1759 totam
938 1718 1073 1760 rem
1101 1695 1185 1759 de
1217 1696 1513 1783 augendo
1544 1710 1953 1797 quaestorum
1982 1719 2252 1760 numero
2275 1695 2605 1759 omittunt.
2702 1693 2853 1758 Ex·
2959 1732 2960 1779 3

711 1780 960 1867 cipiunt
1007 1782 1300 1846 omissam
1349 1783 1609 1861 tribum,
1656 1783 1943 1870 aliaeque
1992 1781 2284 1859 subinde,
2331 1782 2500 1845 inter
2543 1804 2731 1867 quas
2782 1791 2855 1843 et

711 1867 987 1953 agrariae
1032 1867 1208 1953 legiS,
1245 1868 1583 1934 seditiosae
1629 1869 1910 1934 actiones
1952 1869 2302 1933 exsistunt:
2350 1881 2622 1955 propter
2722 1886 2853 1931 uos

709 1965 920 2017 motus
941 1976 1142 2041 quum
1173 1966 1426 2020 senatus
1455 1956 1765 2033 consuleS,
1787 1978 1981 2043 quam
2004 1956 2312 2032 tribunoS,
2345 1954 2547 2018 creari
2576 1976 2699 2019 ma
2754 1966 2846 2027 et,

709 2062 922 2141 neque
941 2054 1155 2128 posset
1257 2065 1291 2105 r
1305 2042 1788 2107 intercessiones
1808 2041 2177 2105 tribunicias
2194 2041 2845 2105 senatusconsultum

709 2127 848 2191 fieri
871 2150 888 2203 3
935 2128 1167 2214 respub
1192 2150 1292 2193 lca
1319 2150 1358 2192 a
1377 2128 1746 2193 consulibus
1775 2128 1857 2192 ad
1886 2128 2345 2213 interregnum,
2374 2149 2590 2214 neque
2625 2127 2703 2191 id
2736 2126 2847 2213 ip-

709 2236 851 2277 sum
875 2212 1055 2299 (nam
1073 2215 1242 2280 coire
1260 2215 1557 2302 patricios
1576 2214 1817 2279 tribuni
1838 2214 2296 2301 prohibebant)
2312 2213 2449 2277 sine
2467 2213 2842 2277 certamine

708 2300 974 2386 ingenti,
1027 2300 1209 2365 redit.
1307 2300 1529 2375 Quum
1663 2322 1725 2364 rs
1776 2300 1978 2364 maior
2033 2300 2433 2386 insequentis
2488 2300 2649 2363 anni
2710 2320 2840 2387 per

709 2408 906 2451 novos
937 2387 1224 2452 tribunos
1249 2386 1426 2474 plebi
1454 2401 1520 2452 et
1551 2410 1587 2451 a
1616 2387 1797 2473 'quot
1834 2387 2184 2473 interreges
2218 2386 2681 2451 certaminibus
2710 2408 2841 2451 ex-

711 2485 912 2537 tracta
937 2486 1120 2550 esset,
1153 2474 1344 2538 modo
1373 2473 1861 2561 prohibentibus
1890 2473 2161 2537 tribunis
2190 2473 2487 2560 patricios
2528 2473 2709 2539 coire
2744 2470 2835 2536 ad

709 2560 1111 2645 prodendum
1141 2560 1545 2647 interregem,
1578 2560 1770 2624 modo
1810 2559 2193 2645 interregem
2242 2558 2830 2645 interpellantibus

709 2667 792 2708 ne
824 2645 1442 2711 senatusconsultum
1482 2646 1566 2711 de
1595 2645 1869 2711 comitiis
1908 2644 2345 2709 consularibus
2379 2644 2655 2721 faceret3
2702 2668 2835 2732 po-

709 2744 945 2795 stremo
993 2730 1070 2795 L.
1105 2732 1201 2796 Pa
1245 2734 1399 2796 irius
1459 2730 1877 2819 MugillanuS,
1926 2731 2216 2818 proditus
2273 2732 2576 2807 interrex,
2630 2731 2831 2796 casti-

708 2817 920 2902 gando
959 2838 1133 2881 nune
1178 2756 1419 2896 lystres,
1461 2840 1635 2883 nunc
1683 2818 1967 2882 tribunos
1995 2817 2190 2906 plebi,
2230 2826 2251 2857 ‘
2271 2818 2588 2882 desertam
2624 2818 2830 2881 omis—

713 2911 731 2939 ‘
752 2924 1012 2989 samque
1058 2904 1138 2967 ab
1181 2904 1546 2969 hominibus
1586 2904 2063 2991 rempublicam,
2106 2904 2373 2969 deorum
2411 2904 2829 2990 providentia

711 2996 732 3025 ‘
751 3009 1030 3074 curaque
1083 2992 1453 3076 exceptam,’
1499 2991 1908 3067 memorabat,
1966 2998 1986 3028 ‘
2004 2990 2385 3055 Veientibus
2436 2989 2711 3055 indutiis
2756 3002 2825 3055 et

710 3081 730 3111 ‘
748 3074 1152 3139 cunctatione
1185 3074 1563 3161 Aequorum
1594 3089 1776 3141 stare.
1872 3076 2066 3141 Unde
2098 3077 2151 3140 si
2181 3076 2341 3164 quid
2370 3076 2664 3163 increpet
2692 3091 2824 3142 ter-

711 3169 730 3199 ‘
747 3162 922 3239 roris,
940 3242 954 3256 „
969 3162 1106 3227 sine
1148 3162 1416 3250 patricio
1466 3163 1839 3250 magistratu
1886 3162 2139 3249 placere
2193 3162 2657 3249 rempublicam
2706 3186 2823 3251 op-

711 3256 732 3285 ‘
752 3248 991 3335 primi?
1049 3272 1180 3313 non
1229 3249 1602 3326 exercitum,
1654 3271 1788 3313 non
1838 3248 2070 3313 ducem
2118 3248 2452 3314 scribendo
2498 3250 2819 3314 exercitui

709 3342 728 3371 ‘
752 3356 887 3399 esse
905 3336 936 3399 ἰ’
980 3335 1092 3399 An
1120 3334 1290 3401 bello
1320 3336 1623 3400 intestino
1652 3333 1891 3398 bellum
1922 3346 2258 3399 externum
2288 3333 2819 3422 propulsamros?

711 3428 732 3457 ‘
753 3419 938 3494 Quae
983 3422 1037 3485 si
1087 3421 1156 3485 in
1203 3443 1403 3486 unum
1447 3419 1848 3498 conveniant,
1895 3420 2004 3487 vix
2046 3420 2315 3485 deorum
2358 3421 2608 3507 opibus,
2656 3424 2816 3509 quin

770 3649 801 3695 8
841 3650 922 3707 Ut,
949 3654 1148 3709 praeter
1179 3648 1300 3696 duos
1331 3648 1545 3696 urbanos
1576 3662 1719 3710 quae—
1785 3644 2001 3694 militurn
2024 3660 2109 3695 aes
2129 3652 2420 3709 erogaretur.
2490 3646 2709 3697 Maximi
2730 3664 2813 3698 au-

703 3716 870 3770 steres,
891 3713 988 3758 duo
1015 3712 1319 3772 consulibus]
1371 3713 1584 3760 Praeter
1602 3712 1723 3759 duos
1787 3716 1889 3758 tem
1910 3710 2149 3758 momenti
2171 3710 2267 3758 fuit
2289 3710 2441 3772 plebi,
2454 3716 2512 3758 ut
2533 3726 2649 3773 pm
2664 3728 2813 3774 quae-

703 3776 918 3823 urbanos
938 3780 1230 3837 quaestores,
1245 3782 1302 3823 ut
1316 3776 1413 3823 duo
1431 3775 1725 3833 oonsulibus,
1786 3779 1973 3821 storum
2007 3790 2069 3822 ex
2102 3774 2202 3823 suia
2234 3775 2391 3834 fieret,
2418 3789 2483 3822 ne
2512 3774 2724 3839 vectigal
2756 3778 2811 3825 il-

707 3853 770 3886 ex
791 3838 984 3885 emend.
1009 3837 1171 3900 Sigon.
1198 3838 1250 3887 in
1283 3844 1476 3886 textum
1508 3837 1725 3899 reposuit
1788 3838 1876 3885 lud
1894 3838 2094 3886 nomine
2110 3844 2304 3887 tantum
2322 3838 2607 3901 impositum
2623 3839 2811 3903 fixisset,

708 3901 922 3950 Bekker.
987 3902 1099 3950 Hos
1121 3917 1234 3950 vero
1255 3916 1406 3950 novos
1427 3906 1723 3963 quaestores,
1788 3916 1841 3949 re
1874 3916 1989 3950 vera
2020 3916 2119 3949 non
2154 3903 2461 3964 penderetur.
2506 3902 2569 3951 ef.
2603 3903 2811 3954 Niebhr.

707 3965 792 4026 qui
833 3967 898 4013 ad
950 3966 1074 4021 belli
1125 3964 1394 4013 ministeria
1442 3964 1725 4013 consulibus
1788 3964 1837 4013 ii.
1862 3980 1909 4028 p.
1934 3977 2044 4028 427.
2084 3966 2341 4016 Wachsm.
2366 3980 2415 4028 p.
2441 3976 2549 4029 373.

707 4033 900 4091 praesto
937 4034 1116 4089 essent,
1151 4035 1337 4078 creatos
1373 4028 1523 4077 fixisse
1556 4028 1720 4077 existi·
1850 4042 1881 4093 9
1916 4031 2177 4079 Certamen
2208 4032 2512 4090 intulerunt]
2566 4046 2636 4080 se.
2661 4032 2809 4092 Rem,

705 4098 810 4141 mat
839 4092 1157 4151 Niebuhr-ius,
1191 4096 1450 4154 propterea
1475 4093 1610 4154 quod
1642 4107 1721 4141 ve-
1784 4108 1818 4141 a
1860 4092 2079 4155 patribus
2120 4096 2461 4155 approbatam,
2499 4094 2564 4143 ad
2612 4096 2808 4145 comitis

705 4156 852 4219 etigal
874 4157 1225 4219 pomi-ibus
1239 4156 1340 4218 agri
1357 4156 1545 4219 publici
1558 4170 1723 4204 rursus
1784 4154 1991 4205 tributa*
2024 4172 2077 4205 se
2129 4158 2367 4206 relaturos
2418 4165 2682 4221 neg-arunt,
2716 4160 2805 4209 nisi

705 4220 990 4283 impositum
1027 4220 1203 4279 fuerat,
1237 4224 1296 4267 ut
1332 4218 1384 4268 in
1421 4218 1721 4281 stipendium
1787 4234 1899 4283 pars
1920 4226 2232 4283 quaestorum
2256 4236 2321 4272 ex
2343 4222 2489 4283 plebe
2513 4222 2675 4275 fieret.
