3000 4784
826 233 1019 302 LIB.
1067 233 1191 303 IX.
1258 234 1482 302 CAP.
1531 240 1592 303 5.
2145 242 2272 303 505

80 368 343 433 enim
376 382 491 435 aut
528 372 935 458 sponsoribus
978 372 1047 437 in
1068 372 1323 438 foedere
1354 395 1393 437 o
1438 396 1516 437 us
1557 384 1744 451 esset,
1775 384 1887 438 aut
1929 372 2272 453 obsidibus,
2295 386 2363 437 U.
2385 384 2446 435 c,
2471 396 2584 446 433·

84 457 247 520 ubi
312 457 693 543 precatione
736 480 837 523 res
882 459 1282 546 transigitur:
1332 467 1353 499 ⁶
1430 480 1502 523 er
1552 481 1746 547 quem
1873 458 2098 547 pulum
2141 461 2274 539 flat,
2293 452 2356 503 A.
2387 452 2448 501 0·
2472 462 2586 511 3¹9·

90 551 119 581 ‘
146 564 349 628 quo
378 542 591 607 minus
617 542 865 630 legibus
903 544 1091 609 dictis
1118 558 1338 624 stetur,
1368 558 1444 611 ut
1482 568 1634 611 eum
1661 546 1753 610 ita
1830 546 2042 633 upiter
2067 546 2274 625 feriat,

48 658 69 706 )
94 638 121 667 ‘
150 628 760 715 quemadmodum
778 652 817 694 a
831 629 1149 696 fetialibus
1162 654 1393 719 porcus
1407 631 1709 697 feriatur.’
1779 630 2280 720 Spoponderam:

90 714 487 793 consules,
530 714 741 817 legati,
787 729 1171 804 quaestores,
1218 718 1457 783 tribuni
1512 717 1826 795 militum3
1887 718 2276 807 nominaque

48 834 69 867 ι
98 800 487 879 omn‘ium,
510 824 623 888 qm
643 803 1141 889 spoponderunt,
1172 816 1457 869 exstant:
1507 804 1638 882 ubi,
1669 805 1724 869 si
1751 827 1833 869 ex
1854 804 2111 871 foedere
2137 818 2282 871 acta

100 910 245 952 res
312 900 509 965 esset,
559 901 1003 977 praeterquam
1054 889 1328 955 duorum
1373 890 1706 968 fetialium,
1752 912 1887 955 non
1936 904 2276 958 exstarent.

49 1005 81 1038 α
106 974 235 1038 Et
286 986 569 1061 propter
608 976 1021 1040 necessariam
1061 974 1335 1041 foederis
1376 974 1749 1041 dilationem
1791 977 2044 1043 obsides
2085 980 2279 1045 etiam

108 1060 465 1125 sexcenti
503 1082 539 1124 e
584 1061 751 1125 uites
793 1062 1105 1163 imperati,
1136 1063 1249 1148 qui
1288 1062 1499 1149 capite
1528 1062 1798 1139 luerent,
1829 1062 1882 1127 si
2035 1076 2102 1129 to
2147 1086 2282 1129 non

111 1158 468 1211 staretur.
620 1168 845 1235 empus
872 1148 1023 1212 inde
1053 1159 1362 1213 statutum
1392 1147 1717 1213 tradendis
1745 1149 1882 1213 obsi
1933 1150 2072 1214 ‘bus
2097 1172 2282 1215 exer-

116 1234 443 1320 cituque
482 1232 712 1298 inermi
740 1232 1071 1299 mittendo·
1164 1233 1652 1335 Redintegravit
1693 1234 1938 1299 luctum
1965 1235 2036 1299 in
2063 1237 2282 1300 castris

118 1318 514 1385 consulum
534 1318 865 1398 adventus,
887 1333 965 1385 ut
982 1320 1095 1385 vix
1116 1320 1197 1386 ab
1226 1321 1305 1385 iis
1322 1321 1712 1387 abstinerent
1737 1342 1982 1399 manus,
2007 1344 2282 1423 quorum

128 1405 537 1471 temeritate
583 1406 655 1470 in
688 1428 839 1471 eum
866 1406 1079 1472 locum
1119 1406 1381 1473 deducti
1420 1420 1668 1484 essent3
1761 1430 1990 1472 uorum
2029 1430 2048 1471 ι
2177 1408 2284 1474 via

126 1492 433 1557 foedius
473 1492 647 1569 inde,
692 1515 887 1579 quam
927 1492 1267 1571 venissent,
1312 1493 1559 1560 abituri.
1653 1501 1678 1533 ⁶
1777 1494 1834 1559 is
1873 1516 2006 1559 non
2097 1516 2284 1559 ucem

138 1588 162 1617 ⁶
188 1579 531 1657 locorum,
556 1601 687 1644 non
706 1577 1169 1667 exploratorem
1188 1580 1415 1644 fuisse:
1462 1579 1822 1646 belluarum
1841 1579 2035 1646 modo
2063 1602 2286 1646 caecos

140 1675 163 1703 ‘
186 1666 285 1729 in
342 1664 589 1730 foveam
636 1666 893 1731 missos?
981 1666 1119 1730 Alii
1164 1665 1321 1731 alios
1363 1666 1620 1744 intueri,
1661 1678 1914 1732 contem
1960 1666 2078 1731 lari
2111 1689 2288 1733 arma

140 1773 337 1816 mox
407 1750 733 1829 tradenda,
792 1764 861 1817 et
914 1752 1191 1817 inermes
1246 1753 1489 1818 futuras
1546 1752 1821 1831 dextras,
1881 1777 1922 1819 o
1963 1753 2286 1841 noxiaque

145 1858 449 1925 corpora
489 1838 693 1904 hosti:
738 1859 1091 1925 proponere
1138 1839 1389 1905 sibimet
1435 1839 1560 1928 ipsi
1605 1852 1753 1905 ante
1799 1839 2016 1905 oculos
2061 1840 2286 1928 iugum

146 1924 431 2001 hostile,
462 1936 528 1989 et
554 1923 830 1989 ludibria
852 1924 1125 2003 victoris,
1156 1937 1224 1990 et
1249 1925 1463 1991 vultus
1490 1928 1815 2014 superbos,
1845 1938 1913 1992 et
1939 1950 2058 2015 per
2083 1950 2288 1992 arma·-

155 2024 277 2075 tos
322 2010 666 2075 inermium
709 2010 863 2075 iter:
912 2011 1063 2076 inde
1107 2011 1278 2077 foedi
1318 2013 1590 2098 agminis
1632 2013 2053 2078 miserabilem
2095 2014 2286 2091 viam,

152 2120 297 2183 per
337 2098 654 2163 sociorum
698 2097 887 2162 urbes
927 2097 1204 2163 reditum
1250 2099 1319 2162 in
1366 2098 1636 2185 patriam
1679 2098 1762 2163 ad
1805 2111 2118 2185 parentes,
2155 2122 2290 2185 quo

158 2206 283 2249 sae
400 2184 523 2271 ipsi
552 2184 945 2271 maioresque
976 2206 1197 2249 eorum
1237 2183 1700 2269 triumphantes
1727 2184 2065 2249 venissent.
2156 2194 2176 2225 ‘
2201 2184 2288 2249 Se

162 2279 187 2308 ‘
212 2292 297 2335 so
324 2291 397 2334 os
448 2270 586 2335 sine
628 2270 909 2348 vulnere,
940 2271 1077 2335 sine
1119 2270 1307 2348 ferro,
1338 2268 1475 2334 sine
1523 2270 1658 2335 acie
1707 2269 1938 2335 victos:
1987 2270 2108 2335 sibi
2153 2292 2289 2335 non

166 2357 537 2444 ‘stringere
556 2356 807 2421 licuisse
835 2354 1098 2443 gladios&
1120 2379 1254 2421 non
1282 2378 1546 2421 manum
1568 2377 1716 2421 cum
1743 2356 1926 2421 hoste
1955 2356 2279 2423 conferre:

166 2452 191 2481 ‘
216 2443 349 2508 sibi
404 2465 487 2507 ne
536 2443 832 2529 uicquam
889 2464 1082 2520 arma,
1134 2443 1565 2531 nequicquam
1612 2443 1796 2520 vires,
1855 2444 2284 2543 nequicquam

167 2538 193 2567 ‘
214 2529 471 2594 animos
592 2528 727 2594 tos?
816 2527 999 2594 Haec
1026 2529 1441 2595 sternentibus
1466 2528 1626 2594 hora
1651 2527 1857 2594 fatalis
1895 2528 2282 2617 ignominiae
2299 2542 2402 2617 Sub
2423 2541 2592 2602 iugum

170 2615 463 2693 advenit,
514 2614 732 2681 omnia
788 2614 1062 2680 tristiora
1104 2615 1504 2703 experiundo
1557 2616 1819 2693 factura,
1872 2638 2066 2703 quam
2117 2638 2284 2703 quae
2299 2612 2562 2721 {munau-

170 2714 639 2802 praeceperant
656 2701 901 2766 animis.
992 2700 1131 2766 Iam
1148 2702 1427 2789 primum
1443 2723 1594 2766 cum
1614 2702 1878 2790 singulis
1894 2702 2287 2768 vestimentis
2353 2684 2536 2721 omnm.

174 2810 463 2852 inermes
505 2800 686 2853 extra
712 2786 947 2851 vallum
991 2788 1167 2853 exire
1212 2788 1383 2867 iussi,
1414 2800 1481 2853 et
1523 2788 1714 2875 primi
1757 2789 1972 2854 traditi
2014 2788 2286 2867 obsides,

176 2888 383 2961 atque
412 2874 483 2937 in
526 2872 877 2939 custodiam
910 2873 1189 2939 abducti.
1281 2874 1455 2940 Tum
1496 2898 1538 2939 a
1564 2874 1930 2941 consulibus
1971 2876 2144 2941 abire
2171 2874 2290 2941 lic-

181 2974 359 3025 tores
396 2960 549 3025 iussi
595 2958 1173 3047 paludamentaque
1216 2960 1537 3039 detracta3
1601 2974 1844 3027 tantam
1885 2962 2055 3028 inter
2095 2963 2287 3051 ipsos,

180 3046 323 3133 qui,
362 3045 579 3134 paullo
624 3060 771 3113 ante
815 3070 925 3112 eos
969 3059 1391 3128 exsecrantes,
1422 3048 1753 3115 dedendos
1793 3048 2288 3137 lacerandosque

183 3273 392 3337 publica
421 3278 578 3323 ratam
602 3274 813 3324 ficeret:
847 3272 897 3323 in
920 3273 1117 3322 foedere
1138 3271 1205 3321 fe—
1271 3272 1460 3320 eribrmi
1488 3272 1696 3320 militum
1721 3286 1790 3320 ex
1819 3271 1988 3320 ordine
2009 3276 2188 3332 essent,
2209 3273 2292 3325 hic

184 3340 334 3387 tiales
378 3338 577 3387 nomine
624 3337 798 3401 populi
840 3336 1056 3388 Romani
1102 3350 1207 3385 rem
1272 3336 1594 3383 deduodecim
1607 3336 1948 3383 tantummodo
1961 3335 2136 3397 agitur.
2172 3338 2290 3387 Gla-

184 3403 417 3465 agebant,
440 3401 514 3451 ita
542 3408 601 3451 ut
634 3404 849 3465 populus
878 3401 985 3465 ipse
1015 3400 1207 3449 univer·
1270 3400 1384 3448 dem
1406 3404 1574 3447 autem
1597 3400 1878 3448 Romanam
1899 3404 2142 3449 testantur
2159 3400 2290 3452 Con-

186 3482 274 3515 sus
294 3466 460 3515 statim
482 3472 743 3516 teneretur.
1270 3462 1530 3521 stantium,
1553 3462 1638 3525 qui
1669 3465 1752 3525 Ap
1787 3463 1954 3511 ianum
1988 3464 2208 3525 sequitur
2239 3480 2291 3527 p.

254 3546 288 3594 9
311 3530 711 3593 Spoponderam]
762 3529 977 3592 Appian.
1000 3526 1206 3578 Samnit.
1273 3525 1353 3588 46,
1376 3526 1594 3575 Zonaras
1615 3526 1695 3575 vii.
1719 3540 1746 3573 2
1784 3562 1796 3574 .
1819 3525 1904 3589 qui
1933 3526 2146 3576 Dionem
2171 3529 2289 3579 Cas—

191 3611 239 3657 p.
268 3606 294 3656 5
300 3608 343 3655 3.
372 3594 667 3657 Dionysium
688 3595 815 3643 forte
838 3595 1065 3653 referens,
1085 3594 1210 3640 duos
1272 3590 1400 3639 sium
1421 3590 1586 3649 refert,
1607 3591 1711 3640 Cic.
1731 3592 1794 3638 de
1816 3590 1914 3640 off.
1933 3590 2000 3638 iii.
2019 3605 2098 3654 30.
2119 3593 2182 3643 de
2205 3594 2290 3644 Se-

190 3659 434 3717 mnsules,
476 3660 601 3707 duos
642 3663 937 3720 quaestores,
978 3662 1211 3719 quattuor
1274 3662 1403 3703 nect.
1430 3668 1505 3702 η.
1540 3655 1602 3704 cf.
1627 3653 1834 3703 Niebhr.
1857 3654 1930 3705 iii.
1950 3670 1998 3703 n.
2025 3654 2134 3717 361.

192 3724 395 3805 legatos,
426 3721 687 3771 duodecim
721 3722 941 3771 tribunos
976 3721 1211 3779 militum,
1344 3734 1364 3767 ι
1408 3721 1457 3769 U
1456 3718 1522 3778 bi,
1541 3720 1584 3767 εἰ
1613 3736 1676 3769 es·
1694 3720 1921 3779 foedere]
1964 3720 2064 3770 Sed
2085 3738 2216 3785 supr.
2238 3722 2292 3775 ii.

192 3803 483 3846 συμπαντας,
504 3792 562 3834 ut
588 3786 779 3835 Graece
799 3786 988 3848 loquar,
1010 3784 1113 3832 ὅσοι
1131 3800 1209 3843 με-
1276 3796 1357 3845 ·23,
1377 3782 1523 3831 aliter
1547 3782 1734 3831 factum
1767 3782 1977 3845 videtur,
1998 3785 2084 3833 ubi
2111 3802 2292 3837 nomen

192 3850 256 3897 τὰ
280 3848 391 3899 τοὺς
415 3848 769 3913 διεφθαρμένους
800 3846 969 3911 ἦρχον,
995 3847 1211 3912 sponsio-
1276 3846 1489 3895 eonsulis
1511 3847 1596 3909 Sp.
1619 3846 1794 3908 Cassii,
1812 3863 1846 3896 a
1866 3864 1964 3911 quo
1983 3850 2156 3900 foedus
2177 3866 2292 3900 cum

192 3930 309 3964 nem
330 3914 503 3963 fecisse
522 3914 704 3965 scribit.
762 3914 931 3963 Huius
949 3920 1101 3975 atque
1120 3911 1207 3961 ali-
1276 3910 1465 3959 Latinis
1509 3910 1662 3960 ictum
1705 3918 1797 3973 est,
1829 3912 1888 3961 in
1929 3930 2084 3963 aenea
2121 3916 2293 3965 tabula

195 3994 335 4027 orum
378 3978 665 4041 scriptorum
710 3975 1000 4027 auctoritate
1042 3977 1211 4033 fretus,
1274 3975 1481 4025 foederis
1502 3973 1790 4039 inscriptum
1811 3976 1959 4025 fuisse
1979 3976 2172 4025 dicitur.

198 4042 500 4091 Niebuhrius
534 4043 806 4102 Romanos,
836 4056 935 4090 non
969 4040 1061 4089 nisi
1101 4046 1212 4103 post
1318 4102 1323 4107 β
1348 4054 1377 4087 a
1414 4040 1612 4090 Obsides
1654 4042 1801 4089 etiam
1841 4042 2080 4100 sexenni]
2133 4040 2293 4100 Quos,

194 4122 297 4155 rem
319 4105 467 4155 armis
486 4111 727 4155 tentatam
759 4112 809 4155 et
840 4120 1056 4169 pugnam
1082 4104 1213 4152 male
1276 4108 1512 4164 tanquam
1543 4103 1745 4165 pignora
1765 4102 1988 4161 foederis,
2008 4104 2166 4150 donec
2190 4104 2291 4152 Ro-

196 4170 523 4229 commissam,
554 4172 645 4219 sub
690 4170 859 4233 iugum
902 4169 1073 4218 missos
1106 4182 1211 4216 esse
1275 4166 1411 4215 mani
1442 4168 1506 4214 ab
1537 4183 1653 4229 agro
1675 4165 1966 4215 Samnitium
1999 4166 2294 4215 decederent

199 4240 363 4283 censet
384 4254 399 4293 ς
432 4234 617 4297 quippe
640 4249 792 4295 quum
818 4240 1049 4297 quattuor
1069 4234 1211 4293 leyio-
1277 4237 1329 4279 et
1360 4228 1576 4278 colonias
1607 4232 1918 4290 deducerent,
1940 4228 2186 4281 Samnites
2209 4246 2292 4287 cu-

199 4301 340 4349 nibus
364 4300 588 4361 inauris,
609 4299 803 4347 duobus
823 4297 1011 4346 scilicet
1030 4294 1212 4345 exerci—
1278 4292 1439 4344 stedia
1458 4296 1730 4344 servabant.

199 4364 326 4415 tibus
346 4362 699 4423 coamantibus,
713 4369 946 4428 quattuor
964 4366 1017 4411 et
1038 4360 1216 4425 viginti
