3000 4784
629 131 757 195 284
1395 122 1619 191 ΤῙΤΙ
1681 120 1955 191 LIVII

305 276 374 333 U.
397 278 457 330 c.
484 291 592 339 349·
631 263 910 327 lumnius
937 260 1236 336 dedisset,
1267 238 1635 345 responderi
1671 258 1866 325 iussit.
1962 256 2044 322 Id
2069 256 2295 323 Patres
2328 277 2521 341 aegre
2564 251 2763 341 passi

304 342 595 453 ss'egkffig'
631 349 984 424 decrevere,
1011 360 1084 411 ut
1112 345 1350 411 tribuni
1381 346 1655 410 militum
1684 345 1766 411 de
1796 345 1963 409 bello
1984 342 2328 409 indicendo
2349 340 2765 407 Veientibus

305 476 500 517 senatus
522 469 584 518 de
631 435 836 521 primo
871 457 1130 521 quoque
1167 433 1270 497 die
1311 433 1394 497 ad
1438 432 1749 519 populum
1786 432 2039 497 ferrent.
2136 429 2335 503 Quod
2378 429 2488 491 ubi
2572 428 2763 491 rimo

304 532 566 607 indiceqdo
631 521 1100 607 promulgatum
1133 532 1246 595 est,
1284 519 1551 583 fremere
1587 520 1901 594 iuventuS,
1950 526 1968 553 ‘
1992 515 2061 579 N
2062 515 2305 614 ondum
2338 514 2507 579 debe
2532 600 2547 613 ·
2598 527 2761 577 tum

304 597 596 706 &xlc->nubas
635 616 652 645 6
673 630 821 673 cum
843 606 1092 673 Volscis
1120 628 1288 669 esse:
1337 604 1531 669 modo
1558 604 1688 669 duo
1754 603 2023 669 raesidia
2050 602 2380 667 occidione
2410 623 2651 677 occisa,
2688 608 2815 661 et6
2919 636 2920 643 κ

341 675 366 705 e
407 670 451 708 α
632 702 651 731 6
673 716 820 757 cum
871 692 1154 779 periculo
1206 690 1484 756 retineri.
1580 690 1648 755 N
1650 691 1717 754 ul
1742 712 1851 755 um
1902 712 2144 755 annum
2196 710 2351 765 esse,
2407 710 2541 773 quo
2602 708 2767 751 non

631 789 649 818 ⁶
679 779 814 845 acie
875 780 1251 843 dimicetur:
1317 792 1402 854 et,
1458 790 1763 863 tanquam
1815 777 2138 863 poeniteat
2187 774 2437 849 laboris,
2494 794 2763 837 novum
2790 792 2817 839 ‘a'
2919 812 2920 825 κ

631 875 649 903 6
672 864 908 931 bellum
955 888 1103 929 cum
1150 864 1422 929 finitimo
1467 863 1705 949 populo
1754 876 1821 927 et
1866 861 2304 949 potentissimo
2348 860 2579 946 parari,
2620 858 2767 945 qui
2919 866 2920 883 ³

631 959 651 989 ‘
671 974 928 1017 omnem
989 950 1312 1017 Etruriam
1369 950 1450 1014 sit
1508 949 1973 1015 concitaturus’
2090 946 2275 1011 Haec
2332 968 2448 1011 sua
2504 959 2763 1045 sponte

631 1038 880 1125 agitata.
981 1036 1252 1123 Insuper
1303 1036 1543 1103 tribuni
1592 1035 1794 1121 plebis
1844 1034 2220 1101 accendunt.
2325 1041 2346 1071 ‘
2367 1031 2763 1097 Maximum

634 1134 651 1162 ‘
675 1124 910 1189 bellum
941 1122 1234 1189 Patribus
1275 1145 1426 1187 cum
1467 1120 1652 1208 plebe
1696 1123 1861 1187 esse’
1898 1120 2231 1185 dictitant:
2283 1127 2304 1157 ‘
2324 1142 2464 1183 eam
2504 1118 2591 1183 de
2636 1119 2759 1183 in-

635 1220 654 1249 ‘
675 1210 918 1276 dustria
945 1210 1301 1275 vexandam
1329 1208 1557 1272 militia
1585 1208 2152 1293 trucidandamque
2181 1206 2469 1270 hostibus
2500 1204 2751 1270 obiici:

633 1307 651 1334 6
673 1320 814 1361 eam
844 1297 1064 1384 procul
1093 1297 1248 1363 urbe
1278 1295 1497 1360 haberi
1526 1307 1718 1380 atque
1750 1292 2040 1381 ablegari,
2066 1316 2147 1357 ne
2176 1292 2351 1357 domi
2382 1314 2499 1391 per
2528 1292 2755 1357 otium

634 1393 652 1420 ‘
675 1406 920 1451 memor
946 1383 1253 1447 libertatis
1277 1380 1819 1466 coloniarumque,
1852 1394 1965 1445 aut
1998 1380 2131 1466 agri
2168 1378 2431 1465 publici,
2461 1391 2577 1443 aut
2604 1376 2757 1443 suf-

636 1479 654 1507 ‘
677 1469 860 1554 firagfi
909 1469 1106 1533 libere
1157 1467 1404 1533 ferendi
1453 1468 1716 1533 consilia
1764 1467 1963 1553 agitet
1984 1467 2023 1529 :’
2072 1477 2575 1552 prensantesque
2628 1488 2755 1529 ve-

635 1570 904 1629 teranos,
929 1554 1248 1653 stipendia
1275 1554 1583 1639 cuiusque
1614 1566 1680 1617 et
1702 1553 1963 1619 vulnera
1982 1575 2056 1621 ac
2084 1552 2407 1617 cicatrices
2434 1573 2755 1615 numera-

633 1642 824 1707 bant=
895 1649 914 1678 6
935 1640 1092 1725 quid
1139 1640 1264 1705 iam
1315 1639 1547 1725 integri
1598 1662 1734 1703 esse
1794 1640 1863 1703 in
1920 1660 2183 1725 corpore
2240 1636 2367 1701 loci
2424 1636 2509 1703 ad
2568 1660 2753 1701 nova

635 1736 652 1765 6
676 1726 938 1793 vulnera
981 1726 1399 1812 accipienda?
1451 1725 1612 1811 quid
1656 1748 1846 1812 super
1891 1725 2233 1811 sanguiniS,
2272 1724 2388 1809 qui
2432 1722 2575 1789 dari

635 1821 656 1849 6
675 1811 1000 1897 republica
1027 1824 1238 1897 posset
1257 1812 1312 1874 ?'
1341 1835 1411 1876 ro
1457 1813 1701 1877 itanteS.
1796 1811 1977 1877 Haec
2006 1834 2209 1897 quum
2238 1811 2305 1874 in
2334 1746 2751 1875 sermoniffi

633 1898 1044 1963 concionibus
1091 1921 1171 1963 ue
1223 1835 1548 1962 interffum
1588 1899 1900 1984 agitantes
1946 1898 2319 1961 avertissent
2356 1895 2613 1983 plebem
2656 1898 2747 1961 ab

631 1985 1034 2070 suscipiendo
1045 1922 1260 2061 qbeUO,
1292 1984 1607 2073 profertur
1646 1999 1897 2070 tempus
1924 1983 2229 2048 ferundae
2269 1982 2464 2069 legisz
2514 2006 2741 2069 quam,
2766 2002 2800 2049 8

633 2072 686 2137 si
715 2072 996 2137 subiecta
1024 2071 1300 2139 invidiae
1331 2084 1514 2147 esset,
1544 2071 1861 2157 antiquari
1890 2070 2248 2156 apparebat.
2919 2090 2920 2161 ξ

409 2166 513 2226 59.
720 2157 988 2223 Interim
1049 2157 1334 2221 tribunos
1393 2157 1667 2221 militum
1726 2158 1795 2221 in
1848 2156 2155 2221 volscum
2212 2178 2436 2243 agrum
2494 2156 2741 2222 ducere
2919 2166 2920 2191 ³

309 2248 508 2299 Bonum
632 2244 980 2309 exercitum
1033 2243 1286 2329 placuit,
1383 2243 1507 2307 Cu.
1553 2242 1889 2307 Cornelius
1940 2264 2107 2307 unus
2154 2242 2399 2307 Romae
2452 2242 2739 2309 relictus.
2919 2206 2920 2265 l

304 2328 416 2423 εἰῇ-’ζ’
445 2313 563 2362 νοῙ·
632 2328 794 2397 Tres
837 2330 1095 2405 tribuni,
1131 2343 1466 2416 postquam
1510 2328 1691 2393 nullo
1732 2328 1871 2393 loco
1914 2342 2119 2393 castra
2150 2329 2531 2393 Volscorum
2574 2352 2741 2407 esse,

402 2413 413 2424 '
631 2439 750 2481 nec
795 2416 1234 2482 commissuros
1285 2438 1350 2479 se
1403 2413 1644 2501 proelio
1694 2414 2005 2500 apparuit,
2052 2415 2367 2501 tripartito
2410 2416 2495 2479 ad
2539 2415 2792 2483 devm-9

631 2503 890 2567 standos
918 2504 1077 2567 fines
1105 2502 1462 2567 discessere.
1557 2500 1853 2567 Valerius
1878 2501 2149 2565 Antium
2180 2502 2361 2586 petit,
2392 2500 2745 2567 Cornelius

633 2587 908 2653 Ecetras.
1007 2589 1408 2675 Quacunque
1461 2587 1791 2664 incessere,
1842 2586 1969 2651 late
2026 2586 2312 2673 populati
2362 2600 2513 2651 sunt
2566 2602 2745 2654 tecta

630 2696 958 2758 agrosque,
1005 2686 1078 2739 ut
1129 2674 1507 2739 distinerent
1558 2672 1857 2737 Volscos:
1922 2672 2172 2749 Fabius,
2222 2672 2405 2759 quod
2450 2674 2739 2739 maxime

629 2760 982 2843 petebatur,
1021 2759 1105 2821 ad
1143 2762 1376 2823 Anxur
1420 2759 1920 2845 oppugnandum
1966 2760 2101 2823 sine
2146 2759 2274 2823 ulla
2314 2758 2737 2846 populatione
2764 2786 2783 2819 1

629 2844 904 2907 accessit.
997 2844 1232 2909 Anxur
1276 2844 1414 2919 fuit,
1461 2868 1628 2929 quae
1676 2869 1850 2910 nunc
1896 2846 2273 2911 Tarracinae
2325 2857 2517 2921 sunt3
2583 2848 2741 2911 urbs

628 2950 828 3013 prona
884 2930 952 2993 in
1057 2928 1312 2993 aludesx
1379 2930 1458 2993 ab
1518 2954 1595 2993 ea
1650 2945 1831 3017 parte
1898 2931 2129 2995 Fabius
2186 2954 2315 3018 opp
2486 2931 2739 2997 tionem

627 3013 920 3077 ostendit.
996 2951 1484 3078 gircummissae
1517 3029 1819 3101 quattuor
1846 3018 2139 3083 cohortes
2166 3040 2315 3083 cum
2410 3064 2426 3081 .
2458 3016 2739 3083 Servilio

627 3099 838 3167 Ahala
866 3122 1066 3186 quum
1111 3100 1553 3167 imminentem
1600 3104 1743 3167 urbi
1786 3104 2011 3167 collem
2056 3104 2413 3190 cepissent3
2458 3126 2545 3169 ex
2590 3104 2739 3170 loco

691 3344 720 3393 6
755 3347 904 3394 Modo
939 3349 1035 3395 duo
1065 3348 1342 3409 praesidia]
1393 3346 1642 3397 Videlicet
1770 3364 1803 3413 9
1840 3351 2131 3411 Tripartito]
2184 3350 2351 3398 Prima
2372 3350 2497 3400 haec
2520 3356 2737 3414 occasio,

624 3408 758 3468 apud
805 3408 1126 3471 Verruginem
1185 3410 1341 3471 priore
1395 3428 1543 3470 anno,
1591 3418 1642 3460 et
1708 3427 1805 3472 qua
1827 3414 2071 3461 exerc-itus
2089 3413 2301 3461 Romani
2325 3429 2424 3461 non
2446 3415 2737 3467 incursione

624 3474 758 3533 apud
780 3486 942 3520 arcem
965 3476 1325 3523 Carventanam
1347 3476 1504 3523 tribus
1524 3480 1641 3523 ante
1704 3475 1867 3523 mbita
1892 3483 1943 3524 et
1978 3492 2131 3539 prope
2152 3478 2493 3537 tumultuaria,
2516 3482 2611 3531 ted
2632 3498 2737 3531 eer-

624 3536 778 3583 annis.
848 3538 999 3591 Quod
1033 3544 1200 3585 autem
1233 3538 1429 3585 additur
1457 3546 1505 3587 et
1532 3556 1643 3587 cum
1707 3539 1770 3586 tis
1812 3539 2067 3588 itineribus
2121 3548 2173 3589 et
2226 3542 2428 3589 consilio
2474 3547 2735 3595 communi

621 3600 840 3658 periculo
871 3604 1091 3659 retineri,
1114 3616 1172 3647 eo
1202 3600 1444 3649 indicatur
1474 3618 1637 3649 arcem
1703 3603 1893 3650 bellum
1916 3606 2163 3664 gerebant.

625 3663 988 3709 Carventanam
1012 3669 1260 3725 receptam
1277 3680 1397 3723 esse,
1410 3667 1542 3726 quod
1566 3672 1636 3713 ta-
1760 3681 1781 3713 1
1802 3670 2013 3727 Ana-m]
2028 3668 2229 3719 Nomen
2244 3669 2337 3717 hoc
2354 3668 2601 3719 Volscum
2616 3688 2652 3719 a
2668 3674 2733 3720 vi—

627 3738 738 3771 men
765 3740 1002 3784 nusquam
1027 3734 1346 3775 memoratum
1373 3734 1460 3777 est.
1520 3730 1635 3777 Por·
1703 3730 1916 3781 ctoribus
1934 3730 2128 3781 Volscis
2150 3732 2461 3790 Tarracinae,
2474 3734 2587 3781 urbi
2608 3736 2733 3799 Tyr-

625 3802 679 3833 ro
704 3803 797 3835 vox
815 3790 1064 3847 praesidia
1099 3789 1178 3837 hic
1211 3791 1452 3853 accipitur
1479 3792 1638 3855 primo
1703 3792 1901 3853 rhenae,
1916 3794 2199 3856 impositum
2222 3802 2339 3843 erat.
2406 3795 2683 3848 Terracina
2700 3816 2733 3852 a

623 3865 722 3923 pro·
739 3851 1058 3923 praesidiariis
1079 3853 1334 3915 militibus,
1351 3854 1529 3905 deinde
1551 3872 1639 3919 pro
1705 3858 1896 3907 Graeco
1924 3860 2160 3907 vocabulo
2188 3856 2436 3921 Τραχεινά,
2460 3860 2513 3907 N
2516 3862 2675 3912 iebhr.
2698 3864 2731 3913 i.

625 3915 816 3961 arcibus
836 3914 966 3975 ipsis.
1001 3916 1161 3965 Cnav.
1702 3936 1751 3969 n.
1768 3920 1903 3972 1026.
1942 3925 2227 3985 Impositum
2243 3926 2377 3971 saxis
2398 3924 2497 3973 lace
2512 3928 2727 3977 canden-

693 3988 718 4038 7
743 3980 996 4041 Tanquam
1011 3982 1259 4053 poeniteat
1275 3982 1480 4045 laboris]
1508 3984 1635 4034 Tan-
1702 3986 1830 4033 tibus
1849 3988 2049 4034 Anxur.
2086 3986 2211 4037 Hor.
2236 3988 2336 4037 Sat.
2368 3986 2399 4036 i.
2436 4000 2482 4047 5.
2582 3990 2598 4009 ¹
2668 3990 2729 4040 tis

615 4055 773 4099 quam
803 4057 900 4089 non
931 4049 1047 4091 satis
1080 4044 1258 4092 laboris
1285 4060 1318 4092 a
1347 4046 1494 4106 plebe
1518 4048 1636 4095 tole—
1702 4048 1995 4109 Tarracinis,
2011 4049 2141 4123 regio
2162 4050 2249 4099 illa
2272 4050 2445 4109 omnis,
2454 4066 2586 4111 quae
2606 4069 2639 4101 o
2658 4055 2725 4103 im

625 4104 718 4151 rati
741 4110 931 4165 putent.
966 4108 1127 4154 (ἷκεν.
1702 4113 1791 4161 sub
1835 4112 2027 4173 regibus
2068 4128 2121 4165 m
2159 4112 2343 4165 ditione
2378 4114 2721 4166 Romanorum

663 4168 720 4237 ‘8
751 4170 918 4228 Leqis]
965 4170 1046 4217 De
1079 4170 1212 4217 bello
1243 4170 1536 4219 Veientibus
1564 4174 1633 4223 in-
1702 4175 1874 4233 suerat,
1914 4178 2113 4225 tandem
2158 4184 2357 4241 recepta
2392 4184 2483 4227 est.
2532 4180 2594 4230 cf.
2631 4182 2721 4231 Po-

625 4228 846 4277 dlcendo.
885 4232 1055 4279 Smos.
1704 4239 1800 4298 lyb.
1827 4238 1891 4287 iii.
1920 4254 1993 4288 22.
2023 4240 2097 4289 26.
