3000 4784
702 223 832 284 550
1469 212 1698 282 ΤΙΤῙ
1759 213 2034 282 LIVII

378 371 446 421 U.
469 371 528 422 C.
554 383 664 432 44⁷-
704 365 913 418 motus
956 353 1177 417 exorti.
1272 350 1524 416 Calatia
1565 365 1631 416 et
1681 351 1856 429 Sora,
1897 351 2363 439 praesidiaque,
2409 375 2582 438 quae
2627 352 2699 415 in
2745 352 2824 416 iis

375 437 437 486 A.
471 438 529 486 C·
558 449 666 499 305·
707 439 1003 505 Romana
1032 451 1231 516 erant,
1262 451 1662 525 expugnata:
1711 451 1777 503 et
1809 440 1875 502 in
1908 462 1984 502 ca
2026 439 2302 503 tivorum
2349 459 2624 525 corpora
2647 438 2826 502 mili-

705 539 843 591 tum
865 525 1051 590 foede
1074 525 1400 590 saevitum.
1492 523 1722 611 Itaque
1753 547 1832 590 eo
1860 524 1936 589 P.
2027 524 2308 589 ornelius
2336 546 2492 589 cum
2519 525 2824 588 exercitu

379 617 579 692 Bella-m
702 613 947 676 missus·
1038 610 1288 677 Marcio
1311 611 1461 677 novi
1480 610 1696 675 hostes
1717 611 1874 698 (iam
1901 611 2074 675 enim
2095 611 2461 698 Anagninis
2479 610 2828 676 Hernicis-

378 681 671 732 Hermcum.
704 721 831 785 que
891 697 1032 763 aliis
1086 697 1327 763 bellum
1384 698 1627 761 iussum
1683 696 1850 782 erat)
1905 697 2356 762 decernuntur.
2447 696 2684 762 Primo
2733 697 2826 761 ita

704 783 923 850 omnia
949 796 1309 871 opportuna
1334 782 1477 848 loca
1503 783 1716 848 hostes
1744 784 1913 848 inter
1939 783 2274 848 consulum
2301 795 2513 848 casu-a
2537 784 2825 849 interce-
2863 815 2870 820 ·

704 883 957 959 petunt,
988 883 1063 934 ut
1106 869 1448 957 pervadere
1478 869 1820 956 expeditus
1865 868 2130 934 nuntius
2155 892 2290 934 non
2315 883 2556 969 posset,
2590 885 2666 934 et
2705 891 2828 956 per

706 956 951 1044 aliquot
988 956 1125 1021 dies
1167 955 1395 1020 incerti
1438 977 1652 1020 rerum
1691 955 2002 1034 omnium,
2047 977 2466 1043 suspensique
2513 956 2604 1020 de
2649 970 2822 1021 statu

706 1043 985 1121 alteriuS,
1017 1055 1285 1130 uterque
1330 1042 1553 1107 consul
1597 1054 1831 1129 ageret,
1875 1041 2280 1128 Romamque
2322 1043 2380 1106 is
2419 1055 2644 1107 metus
2687 1065 2826 1106 ma-

706 1143 916 1206 naret3
956 1129 1115 1194 adeo
1132 1144 1206 1194 ut
1221 1151 1443 1193 omnes
1460 1127 1742 1194 iuniores
1757 1142 2152 1193 sacramento
2169 1127 2610 1216 adigerentur,
2623 1143 2822 1215 atque

706 1216 791 1280 ad
820 1216 1028 1282 subita
1055 1237 1269 1281 rerum
1296 1215 1427 1280 duo
1456 1215 1608 1279 iusti
1629 1214 2052 1280 scriberentur
2068 1213 2399 1279 exercitus.
2497 1213 2822 1279 Ceterum

708 1301 1068 1367 Hernicum
1124 1301 1365 1366 bellum
1420 1323 1632 1388 nequa
1679 1323 1830 1366 uam
1885 1323 2004 1387 pro
2059 1301 2376 1387 praesenti
2433 1313 2690 1366 terrore
2747 1323 2822 1366 ac
2837 1326 2862 1374 5

704 1401 956 1454 vetusta
980 1389 1187 1476 gentis
1208 1387 1409 1474 gloria
1426 1387 1566 1452 fuit.
1636 1325 1846 1451 (blihil
1868 1409 2138 1487 usquam
2163 1386 2340 1452 dictu
2363 1385 2648 1473 dignum
2663 1387 2822 1464 ausi,

706 1475 891 1540 trinis
919 1475 1137 1540 castris
1173 1474 1344 1538 intra
1369 1496 1605 1561 paucos
1633 1473 1769 1538 dies
1807 1485 2007 1550 exuti,
2041 1473 2300 1560 triginta
2339 1472 2601 1538 dierum
2631 1473 2828 1538 indu-

708 1561 846 1639 tias,
866 1561 957 1626 ita
984 1573 1059 1625 ut
1085 1560 1168 1626 ad
1196 1573 1486 1625 senatum
1517 1560 1793 1625 Romam
1819 1559 2062 1646 legatos
2091 1559 2434 1636 mitterent,
2459 1560 2642 1646 pacti
2671 1575 2824 1624 sunt

707 1647 993 1712 bimestri
1057 1647 1379 1734 stipendio
1432 1645 1904 1732 frumentoque,
1964 1660 2032 1710 et
2087 1645 2352 1732 singulis
2409 1645 2482 1709 in
2539 1645 2822 1712 militem

706 1733 957 1796 tunicis·
1049 1733 1159 1796 Ab
1180 1745 1405 1797 senatu
1426 1732 1512 1796 ad
1530 1732 1850 1798 Marcium
1873 1731 2111 1809 reiecti,
2135 1732 2240 1796 cui
2261 1733 2822 1798 senatusconsulto

705 1817 1077 1905 permissum
1109 1817 1193 1882 de
1226 1816 1526 1882 Hernicis
1555 1831 1723 1883 erat:
1771 1819 1950 1905 isque
1974 1841 2116 1882 eam
2187 1831 2404 1882 entem
2431 1819 2510 1882 in
2539 1819 2822 1884 deditio-

705 1925 856 1968 nem
896 1903 1157 1990 aecepit.
1251 1901 1339 1968 Et
1368 1903 1439 1966 in
1482 1903 1745 1969 Samnio
1775 1905 1935 1970 alter
1975 1927 2170 1969 consu
2233 1903 2528 1991 superior
2553 1906 2814 1983 viribus,

706 1989 863 2053 locis
904 1989 1271 2077 impeditior
1299 2005 1451 2054 crat.
1549 1989 1790 2056 Omnia
1830 1991 2060 2056 itinera
2086 1992 2534 2078 obsaepserant
2577 1991 2813 2068 hostes,

708 2075 1027 2164 saltusque
1057 2076 1305 2164 pervios
1333 2089 1652 2164 ceperant,
1683 2100 1766 2141 ne
1797 2099 1926 2164 qua
1953 2077 2220 2142 subvehi
2247 2091 2650 2143 commeatus
2677 2101 2816 2166 pos-

710 2176 887 2228 sent:
935 2186 1147 2251 ncque
1178 2185 1308 2241 eoS,
1337 2185 1541 2250 quum
1570 2163 1858 2250 quotidie
1887 2164 2068 2251 signa
2090 2164 2158 2228 in
2185 2164 2390 2228 aciem
2417 2165 2651 2230 consul
2673 2187 2814 2254 pro-

708 2249 919 2327 ferret,
944 2250 1171 2314 elicere
1204 2249 1287 2313 ad
1314 2262 1638 2314 certamen
1667 2262 1954 2337 poterat:
2002 2250 2278 2336 satisque
2308 2251 2684 2337 apparebat,
2705 2275 2812 2316 ne-

709 2356 837 2420 que
866 2336 1217 2399 Samnitem
1235 2347 1557 2400 certamen
1574 2357 1888 2423 praesens,
1908 2359 2030 2401 nec
2051 2335 2418 2402 Romanum
2437 2335 2811 2402 dilationem

707 2420 863 2485 belli
908 2421 1202 2486 laturum.
1298 2421 1634 2486 Adventus
1682 2421 1936 2499 Marcii,
1983 2423 2118 2509 qui,
2169 2421 2468 2487 Hernicis
2517 2425 2810 2498 subactis

708 2509 1046 2573 maturavit
1088 2507 1365 2595 collegae
1395 2509 1613 2572 venire
1657 2507 1917 2586 auxilio,
1947 2531 2188 2574 moram
2233 2509 2606 2573 certaminis
2649 2511 2810 2575 hosti

708 2595 965 2660 exemit.
1058 2593 1249 2671 Nam,
1270 2605 1343 2658 ut
1372 2595 1485 2681 qui
1515 2617 1597 2658 ne
1621 2593 1802 2658 alteri
1831 2595 2097 2682 quidem
2125 2595 2434 2659 exercitui
2461 2618 2534 2660 se
2563 2596 2654 2662 ad
2683 2619 2810 2662 cer·

708 2693 925 2745 tamen
947 2680 1364 2745 credidissent
1436 2703 1592 2757 areS,
1617 2681 1920 2767 coniungi
1949 2681 2172 2768 utique
2201 2681 2368 2768 passi
2395 2681 2564 2747 duos
2585 2705 2806 2748 oonsu-

707 2765 871 2831 lares
899 2767 1215 2831 exercitus
1244 2768 1312 2831 ni
1363 2768 1376 2780 '
1440 2767 1775 2832 crederent
1801 2789 2126 2854 superesse
2167 2767 2326 2854 spei,
2357 2767 2806 2834 advenientem

706 2852 1128 2938 incomposito
1157 2853 1408 2951 agmine
1441 2853 1763 2917 Marcium
1807 2852 2280 2940 aggrediuntur.
2373 2853 2478 2918 Ra
2525 2856 2648 2920 tim
2687 2856 2805 2920 col-

706 2935 870 2999 latae
902 2936 1179 3000 sarcinae
1210 2961 1279 3000 m
1309 2938 1631 3016 medium3
1677 2952 1765 3017 et,
1793 2952 1986 3026 prout
2021 2952 2274 3039 tempus
2301 2941 2472 3028 patie
2517 2955 2684 3020 atur,
2717 2943 2807 3006 in-

706 3033 945 3086 structa
986 3022 1168 3087 acies·
1264 3023 1528 3088 Clamor
1576 3026 1856 3112 primum
1899 3026 1970 3089 in
2020 3038 2246 3091 stativa
2306 3026 2608 3113 perlatus,
2661 3028 2806 3094 dein

708 3121 1084 3196 conspectus
1105 3109 1327 3197 procul
1324 3109 1582 3261 1pulvis,
1608 3112 1953 3177 tumultum
1983 3112 2158 3199 apud
2186 3111 2457 3177 alterum
2479 3115 2806 3180 consulem

708 3196 777 3259 in
820 3196 1037 3262 castris
1065 3197 1233 3262 fecit.
1392 3221 1540 3284 que,
1571 3199 1902 3262 confestim
1946 3221 2122 3262 arma
2163 3221 2387 3286 capere
2433 3200 2640 3280 iussiS,
2673 3225 2808 3290 rap-

708 3283 953 3371 timque
1004 3283 1251 3348 eductis
1296 3285 1365 3348 in
1417 3284 1618 3348 aciem
1675 3284 2002 3362 militibus,
2053 3297 2471 3350 transversam
2531 3286 2806 3354 hostium

708 3371 929 3448 aciem,
961 3385 1153 3458 atque
1184 3370 1308 3435 alio
1336 3370 1681 3435 certamine
1713 3384 2102 3457 occupatam,
2127 3371 2411 3448 invadit3
2457 3372 2804 3454 clamitans,

708 3465 729 3494 ‘
751 3479 1069 3521 summum
1111 3457 1425 3543 flagitium
1466 3457 1623 3534 fore,
1669 3456 1722 3520 si
1767 3457 2036 3521 alterum
2079 3459 2430 3524 exercitum
2473 3461 2802 3560 utriusque

708 3551 729 3583 ⁶
750 3543 1048 3608 victoriae
1090 3557 1447 3630 compotem
1488 3544 1772 3607 sinerent
1799 3543 1960 3621 fieri,
1991 3565 2114 3607 nec
2143 3541 2226 3608 ad
2253 3567 2322 3608 se
2361 3544 2460 3608 sui
2487 3545 2647 3610 belli
2673 3571 2799 3612 vln-

380 3633 515 3706 Vjcti
540 3635 674 3682 Sam·
707 3637 725 3666 ⁶
748 3627 1035 3693 dicarent
1106 3630 1341 3694 decus.’
1454 3630 1605 3706 Qua
1675 3629 1986 3716 impetum
2060 3630 2342 3708 dederat,
2413 3633 2796 3720 perrumpit;

376 3703 517 3756 Μεθ’
704 3713 1033 3798 aciemque
1078 3738 1195 3800 per
1226 3716 1503 3780 mediam
1549 3717 1617 3780 in
1663 3731 1865 3780 castra
1907 3715 2186 3785 hostium
2233 3716 2460 3795 tendit,
2499 3731 2572 3782 et
2613 3741 2798 3784 vacua

703 3797 1135 3862 defensoribus
1186 3802 1357 3886 capit
1414 3815 1607 3888 atque
1667 3801 1970 3866 incendit.
2067 3801 2254 3877 Quae
2307 3803 2417 3868 ubi
2475 3804 2794 3891 flagrantia

705 3885 1069 3950 Marcianus
1099 3885 1279 3948 miles
1308 3889 1660 3981 conspexit,
1685 3901 1752 3951 ct
1781 3888 1994 3953 hostes
2023 3911 2378 3974 respexere,
2405 3901 2544 3952 tum
2573 3893 2788 3980 passim

700 3973 853 4060 fuga
883 3995 996 4037 coe
1022 3985 1109 4036 ›ta
1154 3971 1535 4038 Samnitium
1579 3973 1736 4037 fieri.
1833 3974 1962 4038 Sed
2006 3975 2223 4038 omnia
2265 3975 2513 4039 obtinet
2557 3978 2788 4054 caedes,

700 4082 822 4124 nec
860 4059 929 4124 in
973 4083 1018 4124 u
1042 4058 1165 4124 lam
1200 4071 1444 4147 partem
1490 4071 1701 4126 tutum
1741 4061 2104 4148 perfugium
2145 4072 2256 4125 est.
2351 4060 2512 4140 Iam,
2545 4063 2824 4150 triginta6

764 4297 789 4341 5
824 4287 901 4330 Ac
928 4293 1115 4333 vetusta
1140 4289 1299 4346 yemis
1323 4288 1512 4346 yloria]
1565 4287 1708 4333 Haec
1767 4290 1930 4347 yemis
1947 4291 2136 4348 ylerdae
2161 4288 2360 4336 Bekker
2381 4291 2574 4348 probat.

696 4356 757 4388 ex
796 4347 1039 4396 emendat.
1081 4349 1295 4398 Gronov.
1332 4364 1421 4412 pro
1466 4357 1705 4399 vetustate
1837 4350 1869 4398 6
1907 4353 2130 4412 Triyinta
2155 4353 2365 4400 millibus
2393 4353 2634 4414 hostium]
2667 4357 2777 4403 Auc—
