3000 4784
522 1833 619 1895 16.

416 1915 484 1966 U·
507 1918 566 1967 c-
589 1929 670 1980 3⁷·

413 1981 474 2030 A.
508 1982 565 2031 C.
593 1993 700 2046 715.

412 2045 550 2093 Mors
569 2045 673 2095 Ro-

409 2109 546 2158 muli.

750 232 836 291 20
1506 225 1729 292 ΤῙΤΙ
1789 225 2056 292 LIVII

747 361 925 427 nulla
968 373 1100 427 arte
1149 361 1396 440 adiutis,
1451 375 1699 426 tantum
1746 362 2027 426 veterani
2076 361 2297 426 robore
2348 360 2663 427 exereitus
2710 383 2825 427 rex

749 449 1075 513 Romanus
1103 450 1284 513 vicit:
1321 462 1811 536 persecutusque
1832 449 2000 512 fusos
2027 448 2110 512 ad
2138 449 2387 512 moenia
2412 449 2640 527 hoste&
2666 451 2823 514 urbe

746 535 954 600 valida
994 537 1188 600 muris
1231 559 1303 600 ac
1345 536 1472 599 situ
1511 536 1648 622 ipso
1682 535 1932 600 munita
1968 535 2301 600 abstinuit:
2460 559 2529 600 os
2570 536 2826 601 rediens

745 635 960 700 vastat,
1021 622 1364 687 ulciscendi
1417 622 1635 708 magis,
1740 645 1887 686 uam
1942 621 2231 708 praedae,
2278 634 2381 686 stu
2428 622 2504 686 'o-
2596 621 2824 709 anue

746 709 943 786 clade,
978 709 1150 772 haud
1193 710 1400 772 minus
1443 730 1633 794 quam
1758 731 1935 774 versa
1975 731 2205 795 pugna,
2246 709 2487 772 subacti
2515 707 2824 774 Veientes

745 817 966 882 pacem
1022 795 1294 882 petitum
1351 809 1625 859 oratores
1694 794 1965 860 Romam
2024 795 2301 858 mittunt.
2422 794 2585 882 Agri
2640 811 2821 882 parte

747 881 1025 946 multatis
1053 883 1122 945 in
1151 895 1406 946 centum
1435 905 1634 946 annos
1661 880 1944 946 indutiae
1970 881 2172 946 datae.

834 968 1014 1033 Haec
1040 968 1254 1046 ferme,
1295 968 1573 1032 Romulo
1610 981 1934 1054 regnante,
1966 967 2139 1032 domi
2178 967 2562 1054 militiaeque
2600 983 2815 1054 gesta:

745 1077 1014 1141 quorum
1043 1055 1201 1119 nihil
1237 1055 1541 1119 absonum
1576 1053 1729 1118 fidei
1764 1054 2011 1118 divinae
2053 1055 2311 1142 originis
2349 1054 2821 1142 divinitatisque

743 1155 884 1228 post
903 1155 1167 1206 mortem
1198 1141 1472 1206 creditae
1494 1140 1647 1217 fuit3
1689 1163 1821 1205 non
1850 1141 2096 1205 animus
2124 1141 2192 1204 in
2220 1164 2415 1228 regno
2444 1142 2611 1206 avito
2638 1165 2823 1208 recu-

826 1228 1042 1306 rand0,
1072 1251 1203 1292 non
1232 1227 1598 1292 condendae
1628 1227 1801 1292 urbis
1828 1227 2177 1304 consilium,
2209 1251 2338 1292 non
2366 1227 2533 1292 bello
2560 1251 2633 1292 ac
2662 1252 2819 1316 pace

742 1249 1102 1380 {mandas
1194 1316 1301 1379 Ab
1353 1313 1462 1378 illo
1514 1315 1686 1379 enim
1729 1314 2015 1400 profectu
2055 1315 2290 1378 viribus
2348 1314 2511 1378 datis
2568 1327 2818 1381 tantum

741 1401 956 1480 valuit,
979 1415 1052 1467 ut
1070 1403 1139 1465 in
1162 1401 1577 1489 quadraginta
1596 1399 1828 1465 deinde
1852 1422 2051 1465 annos
2072 1413 2271 1464 tutam
2294 1423 2515 1488 pacem
2534 1401 2813 1468 haberet.

742 1485 1148 1552 Multitudini
1177 1501 1389 1552 tamen
1417 1487 1653 1574 gratior
1678 1486 1818 1563 fuit,
1850 1509 2041 1573 quam
2071 1487 2401 1564 Patribus;
2447 1487 2635 1575 longe
2666 1502 2815 1554 ante

739 1573 892 1637 alios
938 1574 1400 1661 acceptissimus
1441 1573 1716 1637 militum
1758 1573 2017 1638 animis:
2066 1587 2501 1660 trecentosque
2546 1591 2819 1640 armatos

738 1657 821 1723 ad
849 1660 1194 1724 custodiam
1217 1659 1512 1746 corporis,
1542 1682 1702 1746 quos
1728 1658 1985 1724 Celeres
2014 1659 2370 1748 appellavit,
2398 1682 2530 1732 non
2550 1662 2617 1734 in
2646 1663 2816 1727 bello
2836 1686 2873 1734 8

737 1744 959 1825 solum,
991 1747 1104 1811 sed
1131 1747 1320 1810 etiam
1351 1747 1420 1809 in
1448 1769 1624 1833 pace,
1654 1745 1893 1810 habuit.

823 1831 947 1897 His
989 1832 1442 1898 immortalibus
1488 1832 1675 1896 editis
1726 1833 2037 1920 operibus,
2086 1855 2285 1920 quum
2331 1832 2414 1898 ad
2462 1835 2818 1900 exercitum
2836 1865 2873 1916 9

735 1919 1190 1984 recensendum
1241 1920 1612 1984 concionem
1669 1919 1738 1982 in
1794 1941 2017 2006 campo
2076 1919 2159 1985 ad
2213 1919 2457 2007 Caprae
2514 1921 2819 2008 paludem

735 2006 1014 2083 haberet,
1045 2007 1250 2071 subito
1288 2019 1503 2070 coorta
1541 2018 1876 2093 tempestas
1913 2028 2061 2071 cum
2099 2029 2329 2094 magno
2366 2007 2607 2094 fragore
2648 2009 2821 2074 toni—

735 2093 1056 2179 tribusque
1103 2107 1230 2157 tam
1264 2093 1460 2158 denso
1504 2114 1718 2180 regem
1754 2093 2003 2180 operuit
2038 2093 2274 2172 nimbo,
2305 2107 2379 2159 ut
2404 2109 2819 2181 conspectum

733 2180 870 2244 eius
915 2179 1204 2246 concioni
1250 2179 1590 2244 abstulerit.
1683 2177 1751 2242 N
1752 2201 1825 2242 ec
1872 2179 2103 2244 deinde
2154 2180 2224 2244 in
2272 2181 2448 2245 terris
2497 2181 2817 2248 Romulus

731 2265 868 2330 fuit.
971 2265 1262 2330 Romana
1293 2265 1513 2352 pubes,
1544 2264 1759 2330 sedato
1794 2266 2049 2330 tandem
2087 2288 2335 2352 pavore,
2365 2280 2699 2354 postquam
2730 2293 2817 2335 ex

732 2365 862 2416 tam
903 2352 1154 2418 turbido
1182 2351 1286 2416 die
1315 2373 1539 2416 serena
1574 2363 1639 2416 et
1668 2351 2007 2438 tranquilla
2032 2352 2145 2416 lux
2172 2353 2379 2430 rediit,
2410 2354 2521 2418 ubi
2547 2377 2817 2421 vacuam

731 2439 946 2504 sedem
967 2439 1202 2526 regiam
1223 2438 1401 2516 vidit,
1425 2439 1542 2502 etsi
1572 2438 1719 2502 satis
1746 2438 2043 2502 credebat
2070 2438 2379 2517 Patribus,
2402 2440 2513 2526 qui
2536 2442 2819 2526 proximi

729 2540 1048 2604 steterant,
1079 2525 1412 2590 sublimem
1439 2537 1689 2612 raptum
1762 2524 2025 2602 rocella3
2063 2537 2295 2603 tamen,
2325 2527 2498 2590 velut
2526 2528 2817 2594 orbitatis

728 2625 904 2678 metu
924 2613 1067 2691 icta,
1093 2623 1402 2678 maestum
1423 2547 1809 2698 aliquamdiu
1830 2611 2151 2676 silentium
2174 2612 2463 2678 obtinuit.
2526 2612 2812 2694 Deinde,

727 2724 770 2764 a
839 2701 1008 2764 aucis
1035 2700 1217 2764 initio
1244 2699 1430 2774 fact0,
1461 2697 1655 2762 deum
1676 2697 1799 2761 deo
1826 2710 2065 2774 natum,
2096 2720 2329 2785 regem,
2352 2711 2812 2788 parentemque

729 2721 899 2850 urbis
935 2785 1260 2849 Romanae
1299 2783 1535 2847 salvere
1574 2783 1849 2847 universi
1890 2783 2236 2848 Romulum
2280 2785 2537 2852 iubent:
2584 2810 2815 2874 paoem

726 2871 1015 2959 precibus
1056 2882 1424 2956 exposcunt,
1457 2869 1553 2932 uti
1580 2869 1795 2932 volens
1831 2869 2139 2957 propitius
2176 2893 2353 2936 suam
2392 2895 2640 2960 semper
2676 2897 2815 2939 sos-

777 2957 888 3021 itet
924 2955 1307 3044 progeniem.
1398 2954 1614 3018 Fuisse
1662 2953 1851 3018 credo
1897 2968 2034 3020 tum
2084 2979 2339 3044 quoque
2379 2959 2641 3045 aliquos,
2690 2964 2811 3048 qui
2836 2989 2861 3024 1

725 2980 1108 3130 Hiscerptum
1151 3063 1364 3128 regem
1402 3040 1665 3105 Patrum
1708 3041 1995 3107 manibus
2040 3043 2215 3108 taciti
2409 3060 2619 3112 erent=
2671 3069 2813 3113 ma-

725 3129 900 3195 navit
955 3129 1124 3193 enim
1182 3127 1338 3192 haec
1390 3149 1665 3214 quoque,
1714 3126 1826 3191 sed
1875 3067 2511 3215 perobscurafrffina.
2618 3131 2811 3200 Illam

725 3215 982 3281 alteram
1011 3213 1338 3280 admiratio
1365 3214 1482 3278 viri
1513 3227 1579 3277 et
1604 3235 1797 3300 pavor
1832 3235 2124 3310 praesens
2161 3216 2529 3282 nobilitavit.
2624 3217 2809 3284 Con-

725 3302 864 3368 silio
893 3303 1084 3368 etiam
1115 3302 1300 3366 unius
1326 3300 1600 3366 hominis
1627 3298 1843 3364 addita
1869 3301 1961 3366 rei
1984 3300 2215 3366 dicitur
2234 3301 2408 3368 fides.
2499 3303 2806 3393 Namque

787 3470 819 3518 8
852 3469 1063 3528 celem]
1103 3467 1330 3527 Eosdem,
1350 3472 1500 3529 atque
1522 3466 1725 3528 equites,
1788 3483 1931 3516 curru
1962 3468 2137 3518 Martis
2163 3471 2279 3519 abre
2314 3475 2365 3520 to
2390 3471 2451 3521 cf.
2480 3471 2613 3520 Plut.
2650 3473 2803 3524 Rom.

723 3533 928 3583 Niebhr.
996 3531 1372 3581 Wachsmuthio
1422 3531 1587 3592 placet
1632 3532 1724 3580 Ce-
1790 3543 1866 3592 27.
1916 3532 2119 3594 Dionys.
2154 3534 2203 3582 ii.
2240 3547 2267 3596 5
2304 3571 2315 3582 .
2362 3535 2504 3584 Ovid.
2538 3537 2665 3586 Met.
2698 3539 2803 3588 xiv.

721 3597 860 3656 leres,
891 3612 988 3645 non
1023 3597 1234 3655 eosdem,
1256 3611 1375 3657 quos
1405 3595 1609 3656 equites,
1638 3596 1725 3643 sed
1792 3595 2006 3656 772—85
2017 3610 2055 3644 1.
2076 3602 2127 3644 et
2149 3597 2281 3646 Fast.
2302 3597 2353 3646 ii.
2376 3611 2467 3660 475
2492 3615 2563 3661 sq.
2598 3601 2733 3651 Rue.

717 3662 922 3710 selectos
941 3661 1174 3722 quosdam
1203 3675 1264 3709 ex
1295 3659 1438 3707 curiis
1463 3659 1565 3706 sive
1592 3659 1725 3720 equi·
1858 3673 1877 3706 1
1910 3661 2083 3710 Fuisse
2101 3664 2241 3710 credo
2256 3670 2359 3710 tum
2376 3666 2797 3728 quoquoaaeqm]

719 3731 824 3772 tum
867 3723 1108 3774 centuriis.
1172 3724 1249 3773 cf.
1287 3723 1490 3784 Dionys.
1542 3721 1592 3770 ii.
1650 3737 1721 3784 13.
1787 3723 1915 3771 Rem
1956 3731 2193 3772 memorat
2236 3725 2545 3786 Plutarchus,
2586 3733 2638 3775 et
2680 3731 2802 3788 πῶς

717 3787 894 3837 Festus
915 3804 958 3836 v.
982 3788 1192 3837 Celeres.
1215 3787 1344 3836 Plin.
1370 3786 1441 3834 H.
1461 3785 1529 3834 N.
1551 3786 1719 3834 xxxiii.
1785 3802 1876 3834 nec
1896 3787 2037 3835 aliter
2056 3803 2247 3836 sensere
2261 3789 2525 3838 doctissimi
2542 3793 2725 3853 quique
2747 3802 2802 3842 et

717 3867 764 3901 α.
841 3853 1084 3900 Tribunus
1119 3851 1356 3908 Calenam,
1397 3849 1720 3912 magistratus,
1784 3851 2099 3899 cordatissimi
2122 3853 2469 3903 Romanorum.
2514 3855 2653 3903 Hine
2674 3857 2800 3906 Tar—

715 3931 903 3968 necnon
929 3915 1166 3974 sacerdos,
1189 3915 1240 3962 N
1243 3914 1394 3962 iebhr.
1461 3913 1721 3973 Nonnulli,
1783 3914 1976 3975 quinius
2012 3915 2258 3977 Superbus
2288 3917 2544 3967 Romulum
2576 3921 2799 3982 insepul-

713 3981 766 4029 in
789 3980 962 4042 quibus
984 3979 1290 4036 Plutarchus,
1309 3993 1342 4026 a
1362 3977 1619 4024 ministerii
1647 3993 1719 4027 ce-
1783 3985 1885 4026 tum
1916 3982 2101 4041 perisse
2136 3980 2345 4040 dictitat,
2380 3981 2507 4030 infra
2543 3998 2621 4058 49.
2698 3985 2799 4034 Ρο-

713 4046 904 4094 leritate
931 4041 1220 4106 appellatos,
1239 4041 1323 4089 alii
1345 4056 1377 4089 a
1398 4041 1563 4090 Celere
1584 4055 1719 4102 prae-
1782 4042 2003 4102 pularem
2038 4043 2117 4092 hic
2150 4043 2425 4106 opinionem
2458 4053 2677 4108 sequitur
2710 4049 2797 4100 Li-

713 4109 856 4157 fecw,
1784 4105 1902 4154 vius.
1943 4107 2103 4156 Casv·
2187 4107 2249 4155 In
2302 4109 2391 4156 hos
2443 4117 2592 4172 atque
2644 4112 2799 4162 huius

775 4187 807 4238 9
827 4173 926 4220 H'u
943 4171 1287 4219 o'mvnortalt‘bm
1306 4169 1446 4218 editis
1465 4170 1714 4229 operibus]
1784 4171 1997 4233 exempli
2036 4171 2289 4232 scriptores
2330 4173 2502 4222 merito
2542 4175 2799 4226 invehitur

713 4236 860 4286 Forte
916 4236 1006 4298 leg.
1061 4247 1173 4281 cum
1227 4235 1367 4282 Crev.
1421 4234 1715 4281 mortalibus.
1782 4233 1986 4283 Niebhr.
2020 4235 2149 4295 quod
2190 4241 2373 4284 veteres
2408 4238 2607 4299 mythos
2646 4240 2798 4292 nimis

709 4302 993 4352 &uodonem
1022 4300 1078 4346 in
1109 4313 1275 4360 eampo
1306 4296 1494 4345 seilicet
1520 4295 1715 4344 Martio.
1780 4297 1971 4346 exiliter
1989 4299 2053 4346 ad
2074 4298 2287 4346 calculos
2307 4309 2603 4352 revocarent.

713 4364 794 4413 De
827 4363 1041 4412 Romulo
1074 4362 1199 4410 inter
1228 4361 1363 4410 Deos
1395 4359 1549 4408 relato
1580 4367 1631 4407 et
1664 4359 1715 4406 in
