3000 4784
727 212 850 272 120
1496 207 1719 274 ΤῙΤΙ
1771 205 2042 274 LIVII

606 361 683 428 69.
722 345 903 409 victis
944 367 1023 408 eo
1066 367 1233 408 anno
1264 343 1510 408 Volscis
1539 345 1932 432 Aequisque,
1969 345 2232 409 militem
2277 343 2514 432 praeda
2553 341 2810 406 frauda-

608 429 687 490 83·
722 453 885 496 vere.
982 430 1151 505 Quie
1194 431 1307 495 uid
1352 445 1607 517 captum
1651 453 1734 496 ex
1777 432 2060 497 hostibus
2101 445 2218 510 est,
2247 431 2536 496 vendidit
2575 429 2810 494 Fabius

400 361 470 412 U.
492 362 552 412 C.

399 427 461 475 A.
494 429 553 478 C.

400 775 471 824 U.

724 517 962 594 consul,
994 540 1067 582 ac
1095 455 1341 606 rddegit
1367 519 1437 581 in
1464 518 1809 606 publicum.
2827 537 2858 585 5

810 603 1093 669 Invisum
1132 619 1267 669 erat
1300 604 1566 669 Fabium
1607 627 1842 670 nomen
1885 604 2056 692 plebi
2097 619 2354 694 propter
2394 603 2806 668 novissimum

725 691 1082 758 consulem:
1130 705 1390 755 tenuere
1434 705 1650 756 tamen
1693 689 1931 769 Patres,
1975 705 2050 756 ut
2090 714 2238 757 cum
2283 691 2358 756 L.
2393 689 2676 755 Aemilio
2717 688 2804 752 Κ.
2824 698 2860 750 6

540 811 551 824 -
578 785 687 836 270·
726 777 957 842 Fabius
984 777 1203 842 consul
1232 778 1562 842 crearetur.
1622 777 1720 842 Eo
1748 778 2033 843 infestior
2058 779 2224 843 facta
2247 778 2466 866 plebes
2493 775 2808 841 seditione

398 839 460 888 A.
540 875 554 889 .
576 841 687 900 482.

725 864 1069 929 domestica
1110 863 1348 929 bellum
1392 877 1728 929 externum
1773 865 2038 930 excivit:
2096 865 2265 930 bello
2309 863 2544 929 deinde
2589 861 2810 927 civiles

724 951 1072 1015 discordiae
1101 950 1506 1016 intermissae.
1585 951 1736 1016 Uno
1765 952 1976 1016 animo
2006 951 2225 1017 Patres
2252 975 2324 1016 ac
2357 951 2573 1038 plebes
2602 947 2811 1013 rebel-

723 1037 926 1102 lantes
963 1037 1228 1102 Volscos
1271 1051 1337 1102 et
1379 1035 1481 1102 Ae
1529 1061 1662 1115 ιιοε,
1707 1037 1870 1104 duce
1913 1039 2210 1115 Aemilio,
2255 1059 2552 1127 prospera
2588 1057 2812 1124 pugna

723 1124 945 1189 vicere.
1035 1123 1191 1189 Plus
1248 1137 1472 1224 tamen·
1565 1125 1796 1190 ostium
1849 1125 2018 1212 fuga,
2067 1147 2260 1212 quam
2313 1123 2649 1214 proelium,
2669 1209 2684 1222 ·
2697 1123 2810 1186 ab·

724 1225 1022 1362 sassi.-
1035 1211 2858 1397 aeff5:.0zzmffiffifissffissffim⁸¹assz÷sffs.

725 1383 895 1448 Vota
942 1398 1078 1450 erat
1128 1385 1359 1451 Latino
1408 1385 1596 1463 bello,
1649 1384 1977 1451 Postumio
2027 1385 2365 1450 dictatore:
2430 1383 2598 1448 filius
2645 1405 2806 1460 elus,

725 1471 1021 1535 duumvir
1047 1471 1130 1536 ad
1157 1472 1227 1536 id
1252 1472 1459 1558 ipsum
1486 1486 1750 1550 creatus,
1782 1471 2114 1536 dedicavit.

815 1556 1145 1622 Sollicitati
1174 1570 1242 1622 et
1268 1581 1345 1623 eo
1374 1579 1542 1622 anno
1569 1573 1718 1623 sunt
1747 1557 2084 1624 dulcedine
2119 1558 2394 1646 agrariae
2423 1555 2580 1644 legis
2605 1556 2806 1621 animi

724 1643 942 1730 plebis.
1018 1643 1289 1708 Tribuni
1317 1643 1518 1731 plebis
1546 1644 1914 1732 popularem
1938 1657 2318 1732 potestatem
2345 1644 2486 1731 lege
2515 1641 2808 1732 populan'
2823 1661 2856 1708 8

723 1729 1139 1796 celebrabant.
1224 1730 1461 1807 Patres,
1490 1732 1640 1796 satis
1667 1754 1980 1818 superque
2009 1731 2264 1818 gratuiti
2291 1730 2516 1796 furoris
2541 1730 2612 1794 in
2639 1728 2808 1794 mul·-

721 1816 995 1882 titudine
1053 1817 1382 1883 credentes
1431 1841 1586 1895 esse,
1770 1819 1994 1883 'tiones
2039 1817 2532 1903 temeritatisque
2576 1817 2808 1880 invita-

722 1915 939 1967 menta
965 1903 1319 1968 horrebant.
1386 1904 1700 1969 Acen-imi
1787 1905 2024 1970 ati-ibus
2051 1905 2248 1970 duces
2274 1904 2356 1969 ad
2383 1903 2807 1968 resistendum

720 1989 1009 2054 consules
1058 1989 1251 2054 fuere.
1344 1990 1443 2054 Ea
1491 1991 1685 2078 igitur
1729 2013 1870 2078 pars
1911 1991 2294 2080 reipublicae
2333 1989 2521 2055 vicit:
2569 2012 2691 2054 nec
2733 1989 2806 2053 in

670 2135 683 2148 ,
766 2098 1015 2141 raesens
1044 2075 1253 2154 modo,
1284 2077 1397 2142 sed
1426 2078 1494 2141 in
1523 2079 1884 2143 venientem
1911 2079 2103 2142 etiam
2137 2099 2376 2142 annum
2407 2076 2502 2141 M.
2537 2075 2806 2140 Fabium

670 2200 684 2213 ·
722 2099 1039 2228 lkaesonis
1064 2163 1338 2242 fratrem,
1367 2177 1435 2229 et
1466 2165 1668 2252 magis
1705 2165 1976 2230 invisum
2021 2165 2287 2229 alterum
2327 2163 2518 2252 plebi,
2551 2185 2808 2228 accusa·

630 2263 666 2304 ·’
724 2250 895 2315 tione
931 2249 1036 2338 Sp.
1074 2249 1297 2328 Cassii,
1328 2250 1404 2316 L.
1439 2250 1766 2316 Valerium
1793 2251 2080 2317 consules
2107 2251 2304 2316 dedit.
2821 2279 2856 2328 9

813 2335 1143 2402 Certatum
1170 2359 1249 2402 eo
1279 2359 1534 2425 quoque
1573 2361 1742 2402 anno
1779 2360 1928 2402 cum
1967 2339 2232 2403 tribunis
2259 2351 2372 2402 est.
2463 2336 2650 2402 Vana
2675 2336 2804 2414 lex,
2829 2361 2852 2398 1

720 2424 994 2510 vanique
1024 2423 1179 2510 legis
1207 2439 1508 2502 auctoreS,
1539 2425 1830 2489 iactando
1869 2425 2118 2490 irritum
2145 2447 2396 2502 munuS,
2426 2423 2591 2488 Qfi.
2685 2423 2807 2488 Fa·
2824 2448 2853 2483 α

719 2511 895 2576 bium
940 2511 1090 2575 inde
1138 2533 1373 2576 nomen
1416 2512 1642 2598 ingens
1687 2524 1830 2599 post
1871 2523 1997 2576 tres
2039 2511 2374 2576 continuos
2419 2509 2804 2589 consulatus,

719 2621 849 2662 uno
894 2621 975 2662 ue
1005 2597 1179 2662 velut
1206 2611 1425 2664 tenore
1465 2621 1686 2664 omnes
1723 2621 1804 2662 ex
1887 2611 2018 2663 rtos
2056 2598 2406 2663 tribuniciis
2443 2597 2807 2662 certamini-

718 2685 853 2762 buS,
924 2685 1181 2749 abitum.
1252 2684 1497 2772 Itaque,
1523 2698 1595 2749 ut
1623 2685 1787 2750 bene
1839 2698 2073 2762 ocatus,
2105 2685 2338 2750 mansit
2365 2685 2434 2748 in
2463 2707 2540 2748 ea
2565 2683 2808 2748 familia

718 2770 1109 2856 aliquamdiu
1137 2770 1356 2835 honos,
1448 2769 1700 2835 Bellum
1731 2771 1880 2836 inde
1911 2769 2150 2836 Veiens
2177 2771 2443 2847 initum3
2489 2783 2557 2835 et
2583 2769 2804 2835 Volsci

718 2856 1117 2920 rebellarunt.
1212 2855 1341 2920 Sed
1370 2856 1453 2921 ad
1479 2856 1648 2921 bella
1675 2870 1940 2922 externa
1966 2881 2161 2945 prope
2201 2881 2278 2922 su
2359 2871 2572 2922 rerant
2597 2857 2799 2922 vires:

718 2942 1261 3027 abutebanturque
1306 2942 1380 3006 iis
1423 2943 1592 3006 inter
1627 2957 1828 3011 semet
1854 2944 2020 3032 ipsos
2050 2958 2266 3010 cei-tan
2313 2968 2369 3010 o.
2457 2943 2802 3009 Accessere
2821 2969 2850 3017 3

783 3147 809 3197 5
832 3136 1181 3198 Inpublieum]
1212 3133 1314 3185 Ubi
1330 3137 1505 3200 populi
1517 3138 1726 3199 pecunia
1788 3139 1838 3188 in
1861 3140 1956 3189 hoc
1977 3155 2085 3203 cap.
2107 3139 2350 3190 dicuntur.

716 3201 1008 3251 servabatur.
1058 3201 1119 3250 cf.
1162 3215 1293 3263 supr.
1325 3218 1373 3262 4.
1423 3200 1629 3252 Niebhr.
1673 3203 1723 3254 ii.
1851 3219 1884 3268 9
1913 3206 2088 3265 Dedit]
2129 3206 2191 3255 cf.
2244 3205 2391 3255 Dion.
2422 3203 2518 3255 viii.
2551 3206 2632 3266 87.
2669 3206 2804 3255 unde

718 3270 817 3312 not.
842 3263 950 3326 386.
1787 3274 1993 3343 apparet
2025 3269 2212 3318 nullam
2245 3269 2482 3318 rationem
2511 3283 2684 3318 comm
2715 3269 2802 3318 ha-

780 3326 813 3377 6
848 3331 1065 3378 Tenuere
1084 3337 1247 3379 tamen
1266 3331 1469 3390 Patm]
1523 3330 1604 3379 Ex
1631 3330 1726 3380 hoc
1789 3334 1942 3380 bitam
1979 3333 2144 3393 fiune,
2173 3333 2350 3395 quibus
2385 3333 2633 3383 centuriae
2669 3336 2800 3384 fave-

718 3399 938 3453 tempore
972 3408 1124 3454 usque
1151 3395 1215 3442 ad
1237 3393 1616 3443 decemviratum
1631 3413 1724 3458 pa-
1789 3399 1924 3456 bant‚
1966 3398 2051 3445 aed
2091 3397 2144 3446 in
2177 3399 2324 3447 verba
2354 3397 2685 3461 patriciorum,
2715 3400 2802 3462 qui

718 3464 815 3505 tres
836 3471 1025 3518 semper
1044 3472 1195 3506 unum
1216 3460 1463 3507 consulem
1481 3461 1725 3511 creabant.
1787 3462 1911 3512 duos
1931 3463 2154 3510 consules
2169 3461 2356 3511 curiata
2375 3463 2482 3525 lege
2499 3471 2802 3523 creaverunt,

720 3520 769 3568 N
773 3519 925 3569 iebhr.
946 3519 995 3569 ii.
1018 3537 1066 3583 p.
1096 3521 1199 3582 178.
1228 3523 1333 3584 187.
1785 3526 2029 3576 centurias
2047 3525 2208 3575 iurare
2229 3527 2430 3576 adactas
2449 3542 2571 3576 esne.

786 3596 813 3646 7
846 3585 1059 3634 Castoris
1077 3587 1243 3646 aedes]
1282 3586 1343 3636 cf.
1366 3601 1495 3650 supr.
1525 3603 1596 3652 19.
1855 3605 1874 3638 1
1913 3591 2036 3638 Oum
2055 3593 2292 3650 tribunis]
2322 3591 2511 3640 Prima-s
2533 3591 2586 3640 in
2607 3595 2800 3654 agendo

783 3649 813 3697 8
852 3649 1053 3698 Tribuni
1101 3652 1281 3713 plebis]
1351 3651 1487 3701 Hinc
1541 3651 1724 3716 colligit
1787 3659 1950 3716 partes
1969 3655 2030 3704 C.
2054 3654 2282 3704 Maenius
2299 3655 2500 3705 ferebat.
2521 3656 2677 3706 Dion.
2701 3657 2800 3708 viii.

718 3711 923 3762 Niebhr.
965 3713 1015 3763 ii.
1051 3730 1099 3778 p.
1138 3725 1243 3776 172.
1286 3715 1445 3778 legem
1487 3715 1723 3780 agrariam
1785 3719 1866 3779 87.

716 3777 997 3825 Cassianam
1019 3779 1083 3826 ab
1113 3785 1309 3829 mactare
1338 3782 1578 3842 perlatam
1601 3797 1722 3842 eme,
1849 3796 1878 3830 α
1911 3784 2122 3832 Fabium
2173 3785 2288 3833 inde
2339 3785 2537 3844 nomen]
2585 3783 2802 3834 Videtur

716 3841 799 3888 sed
822 3856 855 3888 a
876 3840 1089 3902 patriciis
1113 3841 1296 3890 irritam
1318 3845 1518 3903 tactam,
1539 3845 1721 3907 quippe
1783 3861 1902 3908 gens
1930 3846 2086 3895 Fabia
2115 3849 2328 3910 spem'em
2361 3849 2606 3910 quandam
2639 3849 2800 3898 domi-

716 3909 831 3954 ante
874 3905 1029 3968 legem
1076 3907 1340 3956 Publiliam
1380 3908 1586 3957 tribunis
1623 3925 1720 3958 non
1783 3915 1944 3970 nattis,
1987 3925 2132 3972 quam
2179 3911 2356 3960 Gmeci
2399 3911 2676 3960 δυναστείαν
2717 3930 2800 3963 vo-

716 3976 819 4017 erat
852 3973 1063 4030 potestas
1093 3971 1225 4033 leges
1255 3973 1611 4035 promulgandi,
1636 3975 1721 4022 sed
1786 3980 1916 4033 cant,
1941 3973 2034 4022 n'bi
2065 3991 2324 4039 arrogasse,
2357 3976 2541 4038 quippe
2571 3991 2660 4039 por
2691 3993 2800 4054 sep-

717 4033 1044 4096 promulgatas
1066 4035 1242 4093 solum,
1263 4050 1326 4084 ne
1356 4036 1506 4086 tacite
1525 4039 1722 4100 abrogaae-
1785 4043 1886 4086 tem
1919 4053 2074 4088 annos
2116 4040 2372 4089 continuos
2413 4056 2475 4089 ex
2513 4056 2574 4089 ea
2609 4041 2802 4092 familia

714 4103 897 4157 rentur,
934 4099 1125 4147 tuendi.
1182 4101 1403 4149 Cassium
1456 4117 1570 4150 vero
1622 4117 1720 4150 non
1783 4104 2034 4152 consulem
2065 4119 2218 4152 unum
2251 4105 2559 4167 reperiemus.
2589 4105 2798 4157 Niebhr.

710 4169 955 4211 auctorem
987 4163 1073 4210 sed
1098 4165 1393 4214 inventorem
1423 4165 1544 4228 legis
1574 4165 1724 4214 habet
1787 4165 1836 4215 ii.
1859 4182 1908 4230 p.
1937 4169 2042 4229 183.

717 4225 968 4274 Wachsm.
992 4242 1041 4288 p.
1067 4241 1176 4289 329,
1206 4228 1434 4288 quoniam
1470 4229 1724 4278 Laetorius
1854 4246 1881 4291 3
1914 4234 2068 4282 Semel
2103 4234 2256 4294 ipson]
2296 4232 2464 4282 Semet.
2495 4235 2592 4295 ipsi
2629 4233 2674 4284 1.
2715 4236 2798 4285 Fr.

712 4289 830 4350 legis
866 4289 1110 4338 Publiliae
1146 4298 1331 4348 auctor,
1368 4292 1610 4341 Publilius
1647 4296 1719 4342 in-
1787 4294 2000 4344 Gronov.
2043 4295 2127 4357 qui
2171 4311 2300 4358 supr.
2351 4311 2426 4360 19.
2471 4312 2560 4358 pro
2597 4300 2798 4349 susam-t

712 4359 897 4411 ventor,
916 4353 1025 4402 infr.
1052 4367 1126 4415 57.
1150 4360 1199 4402 et
1224 4357 1340 4404 vani
1362 4357 1479 4416 lenis
1500 4364 1721 4407 auctores
1784 4360 1920 4419 ipsis,
1961 4361 2158 4409 suismet
2205 4361 2302 4422 ipen·
2354 4361 2544 4422 legend.
2591 4365 2796 4412 mavult.
