3000 4784
772 208 965 279 LIB.
1012 208 1130 277 lv.
1196 205 1421 279 CAP.
1474 216 1572 279 13.
2098 212 2226 279 239

146 356 221 419 et,
248 342 573 411 revolutus
610 344 693 411 ad
737 347 805 413 di
918 350 1269 415 nsationem
1314 348 1587 439 inopiae,
1615 348 1900 437 profiteri
1933 347 2224 437 eugendo
2245 358 2314 409 U·
2337 358 2398 409 c.
2423 370 2537 422 3¹⁵·

146 429 543 509 fnunentum,
596 449 661 497 et
712 456 835 497 ven
880 456 1009 512 ere,
1062 437 1239 522 quod
1288 458 1409 501 usu
1468 450 1793 501 menstruo
1849 448 2224 523 superesset,
2243 426 2306 473 A.
2339 424 2400 473 ο·
2423 434 2536 485 437·

146 514 611 603 standandoque
646 534 823 605 parte
854 520 1067 586 diurni
1097 523 1222 587 cibi
1252 522 1524 601 servitia,
1555 522 1954 589 criminando
1979 521 2132 585 inde
2159 534 2230 585 et

148 600 487 668 obiiciendo
508 604 643 669 irae
664 606 885 693 populi
904 606 1367 685 frumentariae,
1392 610 1619 673 acerba
1645 608 2054 695 inquisitione
2077 628 2230 694 ape-

144 686 281 751 riret
322 689 553 775 magis,
596 713 789 777 quam
832 693 1085 771 levaret,
1130 693 1453 781 inopiam;
1507 694 1692 759 multi
1735 715 1816 759 ex
1860 693 2068 781 plebe,
2114 714 2226 780 spe

148 773 367 852 amiw,
397 776 615 862 potius
645 798 835 877 quam
880 792 955 843 ut
996 782 1429 845 cruciarentur
1456 780 1767 845 trahendo
1795 780 2092 857 animam,
2123 800 2230 843 ca-

184 858 361 924 itibus
390 862 711 928 obvolutis
740 886 805 929 se
837 864 903 928 in
926 865 1214 930 Tiberim
1242 866 1831 953 praecipitaverunt.
1915 866 2089 930 Tum
2117 864 2224 953 Sp.
2357 862 2456 923 13·

286 946 403 1011 lius
442 970 531 1013 ex
567 951 847 1036 equestri
881 952 1124 1029 ordine,
1156 966 1231 1017 ut
1272 952 1396 1015 illis
1440 952 1849 1039 temporibus,
1879 951 2228 1038 praedives,
2251 944 2562 1021 Pericula-ao

148 1052 265 1093 rem
292 1032 541 1110 utilem,
564 1038 839 1122 pessimo
868 1038 1181 1123 exemplo,
1205 1038 1423 1124 peiore
1452 1038 1734 1114 consilio,
1759 1051 1856 1103 est
1883 1058 2228 1125 aggressus.
2249 1010 2548 1136 gfff&-

151 1115 477 1183 Frumento
526 1144 804 1207 namque
844 1145 927 1187 ex
964 1122 1220 1189 Etruria
1260 1124 1506 1211 privata
1546 1122 1820 1211 pecunia
1945 1146 1978 1187 r
2019 1122 2234 1209 hospi·
2505 1142 2520 1149 ·

154 1216 269 1266 tum
296 1204 759 1294 clientiumque
790 1208 1139 1273 ministeria
1158 1222 1472 1297 coempto,
1500 1210 1717 1295 (quae,
1743 1146 1954 1286 cred}
1977 1208 2114 1357 ipsa
2131 1230 2236 1273 res

151 1288 219 1353 ad
260 1290 599 1356 levandam
645 1294 899 1378 publica
940 1316 1093 1360 cura
1134 1318 1451 1360 annonam
1494 1296 1584 1359 im
1719 1296 1958 1358 ‘mento
2069 1293 2236 1377 erat)

152 1374 499 1461 largitiones
540 1378 845 1451 frumenti
885 1380 1093 1445 faeere
1138 1382 1449 1446 instituit:
1498 1379 1602 1468 ple
1689 1402 1900 1466 mque,
1931 1378 2056 1443 hoc
2095 1399 2232 1443 mu·

152 1484 285 1525 nere
313 1463 669 1540 delinitam,
704 1478 1085 1553 quacunque
1121 1466 1467 1544 incederet,
1499 1478 1874 1553 conspectus
1907 1463 2236 1551 elatusque

154 1570 320 1634 supra
340 1550 611 1615 modum
636 1550 907 1616 hominis
929 1552 1177 1638 privati,
1201 1576 1417 1617 secum
1440 1552 1688 1617 trahere
1708 1574 1724 1627 3
1772 1551 1947 1616 haud
1967 1550 2238 1615 dubium

156 1635 533 1700 consulatum
568 1636 779 1703 favore
817 1660 891 1703 ac
928 1660 1041 1737 spe
1076 1638 1601 1725 despondentem.
1694 1635 1858 1725 Ipse,
1891 1650 1963 1701 ut
1992 1649 2090 1700 est
2116 1636 2238 1700 hu-

156 1741 359 1785 manus
400 1722 660 1787 animus
702 1723 1071 1788 insatiabilis
1100 1746 1197 1801 eo,
1228 1725 1405 1811 quod
1432 1724 1686 1789 fortuna
1713 1722 2004 1811 spondet,
2035 1723 2114 1787 ad
2147 1722 2238 1787 al-

160 1806 297 1870 tiora
321 1820 390 1871 et
416 1831 555 1873 non
586 1830 881 1875 concessa
908 1808 1208 1875 tenderet
1252 1823 1337 1887 et,
1356 1811 1660 1896 quoniam
1689 1808 2052 1876 consulatus
2073 1831 2237 1895 quo-

160 1912 265 1975 que
291 1894 665 1980 eripiendus
703 1895 915 1960 invitis
944 1896 1239 1961 Patribus
1266 1908 1451 1973 esset,
1480 1895 1564 1961 de
1607 1918 1804 1982 regno
1847 1896 2118 1983 agitare.
2167 1893 2238 1959 id

162 1999 335 2042 unum
382 1979 655 2067 dignum
710 1994 887 2045 tauto
938 1994 1245 2070 apparatu
1294 1981 1700 2047 consiliorum
1751 1993 1817 2047 et
1867 1981 2236 2057 certamine,

162 2064 313 2148 quod
354 2066 589 2153 ingens
632 2066 1072 2131 exsudandum
1114 2082 1299 2145 esset,
1329 2069 1680 2155 praemium
1720 2067 1870 2133 fore.
1963 2064 2100 2132 Iam
2131 2088 2240 2131 co-

165 2150 318 2214 mitia
348 2151 707 2217 consularia
749 2152 1096 2219 instabant:
1148 2176 1311 2240 quae
1343 2175 1443 2217 res
1472 2176 1641 2232 eum,
1673 2153 1951 2217 necdum
1977 2174 2240 2239 compo-

166 2234 277 2299 sitis
322 2238 665 2303 maturisve
716 2239 865 2302 satis
913 2239 1213 2317 consiliis,
1259 2240 1584 2327 oppressit.
1691 2236 1934 2305 Consul
1987 2252 2236 2303 sextum
2257 2252 2326 2303 U.
2349 2254 2408 2303 0.
2436 2252 2548 2317 316.

168 2336 383 2388 creams
422 2324 507 2389 T.
550 2324 893 2399 Quinctius
929 2324 1353 2412 Capitolinus,
1398 2325 1662 2390 minime
1707 2336 2102 2412 opportunus
2143 2324 2240 2388 vir
2257 2318 2317 2367 A.
2351 2317 2548 2393 0·.43⁶.·

169 2412 397 2475 novanti
426 2433 568 2476 res:
616 2410 861 2497 collega
886 2410 1144 2475 additur
1170 2411 1230 2474 ei
1263 2412 1555 2498 Agrippa
1583 2410 1947 2487 Menenius,
1979 2411 2082 2477 cui
2115 2410 2242 2475 La-
2259 2382 2570 2506 ss'ssxss‘fm

169 2506 296 2558 nato
334 2510 471 2561 erat
518 2519 911 2583 cognomen:
959 2512 1026 2562 et
1052 2497 1129 2561 L.
1164 2496 1495 2561 Minucius
1537 2495 1894 2584 praefectus
1929 2518 2240 2573 annonae,
2260 2508 2497 2557 Menenio

170 2598 264 2642 seu
286 2582 579 2659 refectus,
611 2605 743 2660 seu,
775 2582 988 2669 quoad
1026 2606 1127 2649 res
1169 2594 1477 2671 posceret,
1509 2582 1576 2647 in
1609 2582 1922 2645 incertum
1951 2594 2200 2647 creatus
2221 2606 2238 2647 ε
2259 2572 2396 2623 ⁰⁰¹⁸·

172 2664 307 2729 nihil
332 2670 509 2733 enim
540 2682 805 2746 constat,
835 2668 959 2733 nisi
996 2669 1066 2733 in
1103 2668 1297 2735 libros
1325 2668 1557 2733 linteos
1585 2682 1656 2733 ut
1773 2690 1856 2732 ue
1885 2691 2055 2732 anno
2083 2668 2246 2733 rela-

174 2760 287 2814 tum
332 2754 503 2820 inter
553 2754 951 2841 magistratus
1001 2754 1301 2843 praefecti
1352 2778 1606 2819 nomeu.
1789 2754 1850 2819 ic
1893 2753 2242 2832 Minucius,

139 2862 160 2895 α
175 2838 413 2904 eandem
453 2841 713 2929 publice
754 2840 1147 2906 curationem
1178 2864 1389 2928 agens,
1420 2864 1614 2929 quam
1645 2839 1922 2905 Maelius
1950 2840 2242 2927 privatim

175 2926 455 3007 agendam
502 2939 881 3015 susceperat,
919 2950 1120 3015 quum
1164 2928 1233 2992 in
1276 2940 1545 3015 utraque
1589 2927 1782 2991 domo
1821 2948 2028 3013 genus
2069 2926 2244 2992 idem

175 3004 478 3077 hominum
522 3026 893 3090 versaretur,
937 3034 1073 3078 rem
1125 3026 1510 3100 compertam
1564 3013 1646 3079 ad
1696 3026 1988 3078 senatum
2032 3012 2244 3089 refert,

178 3098 194 3127 ‘
212 3092 355 3161 Tela
390 3099 459 3164 in
492 3098 755 3163 domum
786 3098 1013 3165 Maelii
1042 3099 1335 3176 conferri,
1364 3122 1642 3186 eumque
1686 3100 2026 3165 conciones
2067 3098 2244 3164 domi

179 3184 195 3211 ‘
212 3176 457 3249 habere:
509 3207 585 3249 ac
612 3206 743 3249 non
771 3184 967 3250 dubia
992 3186 1175 3273 regni
1203 3184 1465 3249 consilia
1492 3206 1646 3249 esse.
1740 3185 2024 3271 Tempus
2053 3206 2246 3269 agen·

178 3270 196 3299 ‘
212 3264 317 3331 dae
344 3271 435 3334 re'i
464 3271 753 3335 nondum
784 3284 983 3349 stare3
1030 3284 1241 3335 cetera
1260 3272 1389 3335 iam
1410 3270 1816 3347 convenisse3
1863 3284 1930 3335 et
1959 3270 2248 3335 tribunos

182 3356 197 3385 ‘
216 3356 489 3421 mercede
530 3370 777 3443 emptos
819 3357 903 3421 ad
942 3356 1339 3445 prodendam
1366 3355 1741 3432 libertatem,
1773 3368 1840 3419 et
1865 3355 2098 3442 partita
2124 3355 2246 3419 du·

182 3442 197 3470 ‘
214 3437 375 3505 cibus
400 3442 827 3507 multitudinis
856 3443 1206 3507 ministeria
1230 3464 1385 3507 esse.
1480 3441 1694 3507 Serius
1715 3463 1782 3505 se
1804 3463 2027 3528 paene,
2053 3464 2246 3528 quam

186 3527 202 3555 ‘
220 3534 407 3590 tutum
434 3528 647 3606 filerit,
678 3550 761 3592 ne
790 3530 970 3593 cuius
1004 3528 1231 3593 incerti
1258 3528 1532 3614 vanique
1567 3539 1788 3591 auctor
1816 3539 1998 3604 esset,
2029 3550 2107 3591 ea
2133 3526 2247 3591 de-

187 3612 201 3639 ‘
216 3606 397 3676 ferre?
488 3614 673 3688 Quae
704 3628 1037 3701 postquam
1076 3628 1226 3678 sunt
1264 3614 1499 3689 audita,
1531 3626 1598 3676 et
1625 3610 1912 3698 undique
1941 3614 2248 3699 primores

186 3687 419 3763 Patrum
456 3711 524 3763 et
560 3700 787 3785 prioris
814 3701 964 3765 anni
996 3699 1284 3767 consules
1312 3700 1733 3785 increparent,
1764 3697 1940 3785 quod
1977 3720 2084 3763 eas
2125 3698 2248 3763 lar-

187 3776 425 3860 gitiones
452 3797 596 3849 coet
716 3808 797 3849 ue
836 3784 1039 3872 plebis
1067 3786 1135 3849 in
1162 3785 1407 3873 privata
1432 3785 1628 3850 domo
1655 3786 1822 3871 passi
1851 3798 2062 3849 essent
2087 3784 2246 3861 fieri,

193 3875 243 3925 et
278 3888 459 3935 novos
502 3808 809 3949 conffles,
850 3871 1024 3957 quod
1068 3884 1556 3958 exspectassent,
1602 3870 1808 3935 donec
1851 3893 1890 3934 a
1929 3871 2249 3959 praefecto

192 3968 443 4021 annonae
488 3970 667 4023 tanta
706 3979 809 4021 res
850 3957 931 4021 ad
974 3972 1263 4022 senatum
1305 3955 1678 4035 deferretur,
1717 3980 1879 4045 quae
1925 3956 2250 4021 consulem

196 4113 289 4165 dam
328 4124 489 4198 ordine
536 4124 916 4201 dispensandum
964 4130 1173 4187 curant,
1230 4128 1377 4189 pens]
1416 4127 1586 4184 Quam
1621 4132 1792 4191 postea
1815 4127 2000 4176 aediles
2020 4127 2232 4187 agebant

197 4191 295 4292 «Ἔα
309 4200 472 4259 ‘²¹⁹³‘
492 4204 613 4301 ἕῖῗ.
644 4191 845 4303 ἕῖῗῗο
884 4204 1171 4239 ‘mmm'
1236 4190 1413 4303 iffi’am
1432 4204 2252 4313 avgggwmcgffiefflw
2355 4260 2390 4286 ·

258 4322 281 4353 2
310 4250 519 4366 w
548 4318 748 4379 publice
782 4288 1083 4368 iurationem
1120 4334 1172 4366 a·
1236 4334 1316 4376 μοι
1336 4268 1580 4367 ᾱῑῖῗιῗιιιι.
1607 4288 1686 4367 ἐς.
1709 4317 1816 4367 oie.
1843 4316 1907 4364 de
1931 4314 2078 4375 regg.
2101 4314 2168 4364 iii.
2193 4328 2239 4377 3.
