3000 4784
840 202 1029 270 LIB.
1079 202 1201 269 ΠΙ.
1268 202 1325 268 C
1342 201 1491 268 ΑΡ.
1519 242 1524 247 ·
1543 206 1643 271 37.
2173 208 2294 267 185

140 337 363 415 siliis,
400 360 571 424 qnae
612 352 859 403 secreto
900 338 983 403 ab
1024 338 1164 403 aliis
1206 339 1588 427 coquebant,
1619 340 1747 403 iam
1791 338 1964 403 haud
2003 338 2298 403 dissimu-
2319 352 2387 404 U.
2409 352 2470 402 c,
2495 364 2604 413 304·

148 424 393 489 lando
434 424 817 524 superbiam,
864 425 986 488 rari
1032 424 1261 501 adituS,
1307 424 1820 511 colloquentibus
1863 424 2169 501 difficiles,
2215 424 2298 488 ad
2317 418 2378 528 *143-
2413 416 2473 465 ⁰·
2496 416 2608 524 4⁴i8'

98 533 135 580 9
150 508 349 573 Idm
402 509 617 574 Mans
668 534 805 575 rem
854 509 1229 609 perduxere.
1321 510 1475 575 Idus
1527 524 1663 575 tum
1717 510 1932 575 Maiae
1984 510 2300 575 sollennes
2317 493 2590 593 mffimgn-

154 595 505 660 ineundis
530 598 1000 683 magistratibus
1028 608 1225 660 erant.
1296 595 1491 660 Initio
1523 597 1716 683 igitur
1742 598 2142 683 magistratus
2168 597 2301 683 pri·
2317 624 2412 657 nus
2433 606 2511 665 11.

156 704 381 745 mum
410 681 673 747 honoris
692 683 869 747 diem
890 682 1374 747 denuntiatione
1404 682 1682 769 ingentis
1703 684 1958 747 terroris
1985 683 2301 770 insignem

158 768 431 832 fecere.
524 768 591 831 N
594 791 697 832 am
744 791 945 855 quum
996 770 1090 832 ita
1132 768 1374 854 priores
1424 768 1768 833 decemviri
1815 782 2183 847 servassent,
2229 780 2305 833 ut

162 874 371 952 uix-us
401 854 603 918 fascoe
636 854 917 931 haberet,
948 867 1017 919 et
1046 853 1168 917 hoc
1198 854 1447 953 insigne
1476 856 1724 941 regium
1752 856 1822 919 in
1851 854 2090 932 orbem,
2122 876 2302 919 suam

164 954 1337 1113 ffifflffissaffiffflaizffss
1368 941 1598 1113 2¹1²&
1608 962 1906 1091 ⁰1¹1¹2¹t¹3323
1907 941 2306 1091 ssffmffl‘ii
2325 1040 2585 1115 Decem-vi-

129 1140 151 1173 1
174 1109 557 1196 pleverant,
604 1126 670 1176 et
716 1112 987 1176 fascibus
1032 1134 1285 1176 secures
1335 1111 1604 1199 illigatas
1649 1113 2122 1198 praeferebant:
2184 1135 2306 1178 nec
2323 1118 2486 1216 {⁰³⁰3
2507 1118 2636 1215 ξω·

176 1198 539 1261 attinuisse
568 1198 741 1261 demi
768 1198 1064 1275 securim,
1142 1218 1299 1261 uum
1332 1198 1469 1261 sine
1513 1200 1956 1284 provocatione
1987 1200 2180 1263 creati
2209 1220 2308 1261 es-
2323 1183 2558 1293 ‘M

180 1294 371 1359 sent,
400 1283 997 1369 interpretabantur.
1098 1220 1349 1347 {ecem
1388 1305 1611 1369 regum
1639 1284 1880 1369 species
1909 1298 2062 1360 erat,
2094 1283 2310 1347 multi-

184 1368 609 1455 plicatusque
654 1382 854 1433 terror
894 1391 1027 1433 non
1070 1369 1308 1432 infimis
1350 1366 1576 1445 solum,
1613 1368 1726 1432 sed
1768 1369 2146 1456 primoribus
2185 1368 2310 1433 Pa-

190 1469 403 1531 mim,
434 1456 585 1518 ratis
612 1455 824 1519 caedis
852 1476 1105 1519 causam
1136 1476 1211 1519 ac
1244 1454 1630 1541 principium
1661 1454 1913 1540 quaeri:
1959 1467 2053 1532 ut,
2084 1455 2136 1518 si
2167 1455 2310 1540 quis

186 1562 561 1605 memorem
591 1540 897 1605 libertatis
923 1562 1145 1605 vocem
1174 1552 1288 1604 aut
1314 1540 1383 1603 in
1412 1552 1638 1604 senatu
1665 1553 1778 1604 aut
1819 1541 1888 1605 in
1923 1540 2162 1628 populo
2189 1541 2311 1605 mi-

192 1626 414 1703 sisset,
444 1626 659 1691 statim
928 1647 1307 1712 securesque
1338 1627 1532 1690 etiam
1567 1627 1650 1691 ad
1677 1639 2035 1691 ceterorum
2065 1639 2311 1691 metum

192 1712 689 1798 expedirentur.
781 1649 841 1775 {l
890 1734 975 1789 m,
1028 1723 1473 1810 praeterquam
1517 1711 1692 1798 quod
1744 1712 1814 1776 in
1860 1712 2098 1799 populo
2147 1712 2313 1776 nihil

148 1830 181 1864 α
202 1811 353 1861 erat
379 1798 698 1884 praesidii,
729 1797 975 1863 sublata
1010 1809 1474 1883 provocatione,
1506 1798 2020 1863 intercessionem
2098 1820 2310 1885 uoque

202 1905 533 1947 consensu
560 1884 975 1948 sustulerant:
1020 1904 1223 1968 quum
1253 1883 1492 1969 priores
1513 1883 1858 1948 decemviri
1885 1884 2072 1972 appel
2096 1885 2311 1948 atione

204 1968 499 2055 collegae
539 1970 767 2057 corrigi
812 1967 1065 2033 reddita
1092 1969 1171 2032 ab
1214 1990 1281 2031 se
1326 1967 1465 2033 iura
1509 1968 1833 2045 tulissent:
1881 1983 1948 2033 et
1975 1970 2312 2069 quaedam,

208 2076 385 2141 quae
432 2055 531 2119 sui
582 2054 802 2119 iudicii
852 2053 1058 2118 videri
1108 2068 1383 2139 possent,
1434 2053 1519 2117 ad
1568 2054 1878 2141 populum
1929 2056 2308 2121 relecissent.

212 2139 645 2226 Aliquamdiu
687 2153 995 2227 aequatus
1042 2140 1214 2203 inter
1256 2160 1478 2203 omnes
1531 2152 1729 2204 terror
1777 2140 1932 2205 fuit:
2031 2141 2316 2206 aullatim

214 2238 395 2290 totus
421 2240 665 2291 vertere
700 2227 769 2290 in
803 2224 1058 2326 plebem
1089 2246 1201 2289 coe
1250 2225 1316 2289 it.
1410 2226 1870 2290 Abstinebatur
1912 2247 1951 2290 a
2037 2228 2312 2291 atribus:

216 2313 293 2376 in
319 2310 689 2377 humiliores
714 2310 1051 2387 libidinose
1081 2330 1195 2374 cru
1240 2310 1553 2397 eliterque
1582 2312 2063 2377 consulebatur:
2112 2312 2319 2377 homi-

218 2420 403 2475 num,
434 2420 565 2462 non
608 2420 957 2473 causarum,
990 2396 1108 2460 toti
1148 2410 1363 2461 erant:
1412 2410 1487 2460 ut
1528 2397 1700 2483 apud
1743 2420 1904 2484 quos
1945 2398 2147 2483 gratia
2187 2398 2318 2459 vim

224 2484 419 2569 aequi
452 2482 729 2552 haberet.
821 2482 1071 2547 Iudicia
1096 2482 1273 2546 domi
1302 2482 1680 2557 conflabant,
1711 2483 2208 2567 pronuntiabant
2251 2482 2320 2545 in

226 2569 381 2633 foro.
476 2567 546 2632 Si
585 2570 729 2655 quis
770 2568 1077 2656 collegam
1121 2567 1515 2666 appellasset,
1554 2567 1633 2631 ab
1664 2589 1760 2644 e0,
1793 2566 1876 2631 ad
1949 2590 2098 2631 uem
2127 2590 2322 2631 vene-

230 2667 348 2732 rat,
378 2654 467 2718 ita
492 2654 875 2732 discedebat,
915 2667 987 2719 ut
1026 2666 1407 2754 poeniteret,
1453 2676 1582 2717 non
1627 2652 1850 2739 prioris
1941 2665 2152 2717 ecreto
2196 2666 2323 2717 ste-

232 2742 397 2805 tisse.
491 2740 731 2828 Opinio
760 2741 951 2805 etiam
994 2764 1130 2804 sine
1160 2752 1414 2804 auctore
1446 2738 1705 2815 exierat,
1737 2762 1868 2803 non
1911 2738 1982 2801 in
2070 2746 2322 2803 raesen-

236 2827 315 2891 tis
342 2827 531 2892 modo
554 2828 855 2913 temporis
876 2848 986 2890 eos
1007 2825 1305 2889 iniuriam
1324 2824 1732 2911 conspirasse,
1755 2824 1870 2889 sed
1896 2824 1998 2889 foe
2046 2848 2120 2889 us
2148 2824 2323 2889 clan-

234 2911 553 2976 destinum
596 2914 764 2976 inter
806 2912 975 2998 ipsos
1018 2910 1424 2975 iureiurando
1468 2912 1687 2988 ictum,
1719 2933 1802 2975 ne
1832 2911 2091 2975 comitia
2127 2911 2323 2976 habe-

238 3010 397 3097 rent,
424 3011 861 3097 perpetuoque
891 2996 1323 3060 decemviratu
1350 3019 1705 3081 possessum
1734 2996 1932 3062 semel
1959 2996 2324 3063 obtinerent

240 3106 327 3147 im
406 3106 587 3147 num.

364 3154 871 3255 'ircumspectare
916 3182 1053 3233 tum
1094 3166 1502 3253 patriciorum
1531 3168 1743 3232 vultus
1779 3167 2032 3254 plebeii,
2065 3182 2132 3232 et
2170 3168 2322 3232 inde
2447 3173 2550 3235 37.

242 3254 539 3320 libertatis
566 3270 818 3339 captare
848 3276 1084 3330 auram,
1116 3251 1290 3316 unde
1320 3253 1688 3316 servitutem
1732 3252 2018 3316 timendo
2060 3253 2131 3315 in
2175 3276 2325 3317 eum

246 3352 469 3404 statum
496 3340 949 3426 rempublicam
980 3338 1396 3402 adduxerant.
1476 3336 1794 3401 Primores
1823 3338 2087 3401 Patrum
2117 3338 2324 3405 odisse

248 3424 645 3502 decemviros,
676 3424 883 3489 odisse
925 3424 1215 3511 plebem:
1265 3444 1385 3485 nec
1418 3423 1706 3507 probare,
1740 3444 1904 3507 quae
1947 3424 2211 3501 fierent3
2258 3437 2326 3489 et

314 3684 345 3741 9
372 3669 489 3717 Idus
508 3674 613 3715 tun
634 3667 835 3725 Maiae]
872 3664 935 3712 cf.
950 3663 1093 3724 Supr.
1116 3660 1184 3708 iii.
1202 3658 1249 3709 6.
1315 3660 1489 3720 pulum
1513 3660 1696 3709 liceret.
1747 3660 1916 3720 Unde,
1938 3676 2091 3722 quum
2113 3662 2206 3725 ipsi
2227 3663 2330 3712 sine

256 3734 335 3780 ub:
368 3729 659 3803 principium
694 3728 809 3777 anni
846 3725 1115 3775 consulam
1146 3724 1251 3772 Ka-
1316 3722 1662 3783 provocatione
1705 3725 1854 3772 creati
1889 3732 2066 3784 essent,
2097 3726 2330 3789 intorpre-

258 3795 403 3843 lenda
428 3792 691 3843 Sextilibus
721 3792 969 3853 agebatur.
1034 3790 1252 3837 Causam
1312 3786 1564 3845 tabantur,
1593 3786 1646 3835 id
1681 3793 1770 3849 est,
1801 3789 2166 3851 interpretando
2197 3804 2330 3838 men-

258 3856 525 3907 mutation'n
544 3871 623 3917 ap.
648 3855 799 3903 Dion.
821 3870 870 3901 x.
896 3866 973 3916 59.
997 3851 1218 3914 legimus.
1318 3854 1419 3897 tem
1452 3850 1600 3899 huius
1636 3851 2014 3911 consuetudinis,
2051 3854 2332 3903 statuebant

324 3917 1251 3970 1Neoauinuimdeme'ae0urim...
1316 3916 2331 3976 euoenonteneri‚necullamessera-

266 3989 279 4059 ‚⁰
373 4047 383 4058 .
419 4048 449 4095 d
551 4045 651 4093 val
660 3984 718 4053 r]
777 3978 1255 4098 {Joffluefquadqrtzt
1318 3976 1626 4090 {ionemccur
1661 3979 1914 4028 demerent
1947 3994 1975 4027 e
2015 3978 2226 4028 fascibus
2261 3994 2332 4025 se·

262 4062 417 4097 :amm
450 4061 530 4095 ea
653 4058 753 4092 eno
822 4058 853 4089 u
926 4058 1035 4091 coa
1346 4055 1470 4089 ures.
1551 4056 1667 4090 nav.

266 4126 323 4159 ne
344 4124 525 4159 secures
554 4108 767 4157 fasdbus
798 4105 1013 4167 illigatae
1046 4104 1253 4165 praefer-
1384 4118 1411 4151 α
1445 4106 1822 4166 Pmooatione]
1865 4122 1930 4155 sc.
1963 4107 2043 4155 Ad
2075 4104 2332 4166 populum.

266 4180 415 4223 rentur
432 4174 480 4221 in
502 4172 621 4221 urbe
637 4170 929 4219 oonmlibus.
982 4168 1080 4217 Sed
1100 4167 1153 4216 id
1174 4168 1253 4215 de-
1318 4168 1716 4217 Ineeroessionem
1733 4168 2225 4219 h.e.decemvimmm
2248 4165 2332 4212 ad-

269 4236 441 4285 oemviri
480 4235 593 4284 ideo
636 4234 821 4282 fictum
864 4248 967 4280 esse
1008 4231 1255 4288 «licebant,
1320 4245 1483 4279 venus
1503 4233 1757 4293 collegam.

271 4300 384 4361 quod
414 4316 441 4348 a
472 4298 751 4347 consuh‘bus
780 4310 1041 4357 provocare
1072 4295 1136 4343 ad
1169 4307 1252 4354 po-
