<?xml version="1.0" encoding="UTF-8"?>
<!DOCTYPE html PUBLIC "-//W3C//DTD XHTML 1.0 Transitional//EN"
    "http://www.w3.org/TR/xhtml1/DTD/xhtml1-transitional.dtd">
<html xmlns="http://www.w3.org/1999/xhtml" xml:lang="en" lang="en">
 <head>
  <title>
</title>
<meta http-equiv="Content-Type" content="text/html;charset=utf-8" />
  <meta name='ocr-system' content='tesseract 3.04.00' />
  <meta name='ocr-capabilities' content='ocr_page ocr_carea ocr_par ocr_line ocrx_word'/>
</head>
<body>
  <div class='ocr_page' id='page_1' title='image "./tliviipatavinih10unkngoog_0192.png"; bbox 0 0 3000 4784; ppageno 0'>
   <div class='ocr_carea' id='block_1_1' title="bbox 723 205 845 270">
    <p class='ocr_par' dir='ltr' id='par_1_1' title="bbox 723 205 845 270">
     <span class='ocr_line' id='line_1_1' title="bbox 723 205 845 270; baseline -0.016 -1"><span class='ocrx_word' id='word_1_1' title='bbox 723 205 845 270; x_wconf 85' lang='lat'>178</span> 
     </span>
    </p>
   </div>
   <div class='ocr_carea' id='block_1_2' title="bbox 1492 183 2054 264">
    <p class='ocr_par' dir='ltr' id='par_1_2' title="bbox 1492 183 2054 264">
     <span class='ocr_line' id='line_1_2' title="bbox 1492 183 2054 264; baseline -0.002 -1"><span class='ocrx_word' id='word_1_2' title='bbox 1492 183 1720 264; x_wconf 84' lang='grc' dir='ltr'>ΤΙΤΙ</span> <span class='ocrx_word' id='word_1_3' title='bbox 1780 195 2054 264; x_wconf 91' lang='lat' dir='ltr'>LIVII</span> 
     </span>
    </p>
   </div>
   <div class='ocr_carea' id='block_1_3' title="bbox 394 308 2953 489">
    <p class='ocr_par' dir='ltr' id='par_1_3' title="bbox 394 299 2953 489">
     <span class='ocr_line' id='line_1_3' title="bbox 394 308 2844 424; baseline -0.001 -26"><span class='ocrx_word' id='word_1_4' title='bbox 394 347 465 398; x_wconf 76' lang='lat' dir='ltr'>u.</span> <span class='ocrx_word' id='word_1_5' title='bbox 487 348 547 398; x_wconf 89' lang='lat' dir='ltr'>c.</span> <span class='ocrx_word' id='word_1_6' title='bbox 572 353 688 415; x_wconf 70' lang='lat'>297:</span> <span class='ocrx_word' id='word_1_7' title='bbox 720 338 967 424; x_wconf 88' lang='lat' dir='ltr'>impetu</span> <span class='ocrx_word' id='word_1_8' title='bbox 987 335 1362 424; x_wconf 83' lang='lat' dir='ltr'>Aequorum</span> <span class='ocrx_word' id='word_1_9' title='bbox 1382 334 1707 400; x_wconf 85' lang='lat' dir='ltr'>Corbione</span> <span class='ocrx_word' id='word_1_10' title='bbox 1727 334 2028 400; x_wconf 85' lang='lat' dir='ltr'>amissum</span> <span class='ocrx_word' id='word_1_11' title='bbox 2047 308 2434 420; x_wconf 81' lang='lat' dir='ltr'>praesidium</span> <span class='ocrx_word' id='word_1_12' title='bbox 2453 333 2844 398; x_wconf 80' lang='lat' dir='ltr'>nuntiatum</span> 
     </span>
     <span class='ocr_line' id='line_1_4' title="bbox 723 417 2953 489; baseline -0.003 -1"><span class='ocrx_word' id='word_1_13' title='bbox 723 435 905 489; x_wconf 88' lang='lat' dir='ltr'>esset.</span> <span class='ocrx_word' id='word_1_14' title='bbox 1016 421 1322 487; x_wconf 81' lang='lat' dir='ltr'><strong>Senatum</strong></span> <span class='ocrx_word' id='word_1_15' title='bbox 1380 420 1672 486; x_wconf 85' lang='lat' dir='ltr'>consules</span> <span class='ocrx_word' id='word_1_16' title='bbox 1727 432 1976 486; x_wconf 85' lang='lat' dir='ltr'>vocant.</span> <span class='ocrx_word' id='word_1_17' title='bbox 2004 464 2010 474; x_wconf 83' lang='lat'>-</span> <span class='ocrx_word' id='word_1_18' title='bbox 2079 417 2392 484; x_wconf 87' lang='lat' dir='ltr'>Iubentur</span> <span class='ocrx_word' id='word_1_19' title='bbox 2445 418 2848 484; x_wconf 82' lang='lat' dir='ltr'>subitarium</span> <span class='ocrx_word' id='word_1_20' title='bbox 2952 449 2953 474; x_wconf 75' lang='lat'><em>÷</em></span> 
     </span>
    </p>
   </div>
   <div class='ocr_carea' id='block_1_4' title="bbox 394 413 685 476">
    <p class='ocr_par' dir='ltr' id='par_1_4' title="bbox 394 413 685 476">
     <span class='ocr_line' id='line_1_5' title="bbox 394 413 685 476; baseline 0.007 -14"><span class='ocrx_word' id='word_1_21' title='bbox 394 413 456 462; x_wconf 77' lang='lat' dir='ltr'>A.</span> <span class='ocrx_word' id='word_1_22' title='bbox 489 414 549 462; x_wconf 91' lang='lat' dir='ltr'>C.</span> <span class='ocrx_word' id='word_1_23' title='bbox 572 425 685 476; x_wconf 80' lang='lat'>455.</span> 
     </span>
    </p>
   </div>
   <div class='ocr_carea' id='block_1_5' title="bbox 396 684 677 860">
    <p class='ocr_par' dir='ltr' id='par_1_5' title="bbox 396 684 677 860">
     <span class='ocr_line' id='line_1_6' title="bbox 396 684 677 734; baseline -0.014 0"><span class='ocrx_word' id='word_1_24' title='bbox 396 684 544 734; x_wconf 81' lang='lat' dir='ltr'>Bella</span> <span class='ocrx_word' id='word_1_25' title='bbox 564 697 677 731; x_wconf 89' lang='lat' dir='ltr'>cnm</span> 
     </span>
     <span class='ocr_line' id='line_1_7' title="bbox 396 747 654 808; baseline -0.008 -12"><span class='ocrx_word' id='word_1_26' title='bbox 396 747 581 808; x_wconf 86' lang='lat' dir='ltr'>Aequis</span> <span class='ocrx_word' id='word_1_27' title='bbox 604 752 654 795; x_wconf 86' lang='lat' dir='ltr'>et</span> 
     </span>
     <span class='ocr_line' id='line_1_8' title="bbox 399 809 607 860; baseline 0 0"><span class='ocrx_word' id='word_1_28' title='bbox 399 809 607 860; x_wconf 77' lang='lat' dir='ltr'><strong>Sabinis.</strong></span> 
     </span>
    </p>
   </div>
   <div class='ocr_carea' id='block_1_6' title="bbox 615 1451 2234 1708">
    <p class='ocr_par' dir='ltr' id='par_1_6' title="bbox 615 1451 2234 1708">
     <span class='ocr_line' id='line_1_9' title="bbox 615 1451 1520 1538; baseline 0.007 -28"><span class='ocrx_word' id='word_1_29' title='bbox 615 1505 623 1510; x_wconf 87' lang='lat'>.</span> <span class='ocrx_word' id='word_1_30' title='bbox 729 1464 913 1528; x_wconf 83' lang='lat' dir='ltr'>esset,</span> <span class='ocrx_word' id='word_1_31' title='bbox 938 1451 1259 1538; x_wconf 83' lang='lat' dir='ltr'>extemplo</span> <span class='ocrx_word' id='word_1_32' title='bbox 1288 1451 1520 1516; x_wconf 89' lang='lat' dir='ltr'>habita.</span> 
     </span>
     <span class='ocr_line' id='line_1_10' title="bbox 728 1536 2234 1623; baseline -0.001 -23"><span class='ocrx_word' id='word_1_33' title='bbox 728 1537 917 1601; x_wconf 89' lang='lat' dir='ltr'>bunis</span> <span class='ocrx_word' id='word_1_34' title='bbox 956 1537 1177 1623; x_wconf 85' lang='lat' dir='ltr'>plebis,</span> <span class='ocrx_word' id='word_1_35' title='bbox 1208 1537 1433 1600; x_wconf 91' lang='lat' dir='ltr'>decem</span> <span class='ocrx_word' id='word_1_36' title='bbox 1466 1537 1664 1600; x_wconf 88' lang='lat' dir='ltr'>creati</span> <span class='ocrx_word' id='word_1_37' title='bbox 1691 1549 1860 1613; x_wconf 86' lang='lat' dir='ltr'>sunt,</span> <span class='ocrx_word' id='word_1_38' title='bbox 1889 1536 2022 1600; x_wconf 92' lang='lat' dir='ltr'>bini</span> <span class='ocrx_word' id='word_1_39' title='bbox 2063 1559 2148 1600; x_wconf 87' lang='lat' dir='ltr'>ex</span> <span class='ocrx_word' id='word_1_40' title='bbox 2183 1536 2234 1598; x_wconf 89' lang='lat' dir='ltr'>si</span> 
     </span>
     <span class='ocr_line' id='line_1_11' title="bbox 730 1623 2178 1708; baseline 0 -24"><span class='ocrx_word' id='word_1_41' title='bbox 730 1623 945 1707; x_wconf 85' lang='lat' dir='ltr'>itaque</span> <span class='ocrx_word' id='word_1_42' title='bbox 982 1633 1239 1687; x_wconf 84' lang='lat' dir='ltr'>cautum</span> <span class='ocrx_word' id='word_1_43' title='bbox 1279 1633 1395 1699; x_wconf 87' lang='lat' dir='ltr'>est,</span> <span class='ocrx_word' id='word_1_44' title='bbox 1432 1635 1506 1686; x_wconf 94' lang='lat' dir='ltr'>ut</span> <span class='ocrx_word' id='word_1_45' title='bbox 1545 1635 1766 1708; x_wconf 89' lang='lat' dir='ltr'>postea</span> <span class='ocrx_word' id='word_1_46' title='bbox 1797 1633 2178 1686; x_wconf 78' lang='lat' dir='ltr'><strong>crearentur.</strong></span> 
     </span>
    </p>
   </div>
   <div class='ocr_carea' id='block_1_7' title="bbox 403 2283 627 2346">
    <p class='ocr_par' dir='ltr' id='par_1_7' title="bbox 403 2283 627 2346">
     <span class='ocr_line' id='line_1_12' title="bbox 403 2283 627 2346; baseline -0.009 -14"><span class='ocrx_word' id='word_1_47' title='bbox 403 2285 489 2346; x_wconf 87' lang='lat' dir='ltr'>Sp.</span> <span class='ocrx_word' id='word_1_48' title='bbox 514 2283 627 2332; x_wconf 82' lang='lat' dir='ltr'>Vir-</span> 
     </span>
    </p>
   </div>
   <div class='ocr_carea' id='block_1_8' title="bbox 402 2347 695 2411">
    <p class='ocr_par' dir='ltr' id='par_1_8' title="bbox 402 2347 695 2411">
     <span class='ocr_line' id='line_1_13' title="bbox 402 2347 695 2411; baseline 0.003 -15"><span class='ocrx_word' id='word_1_49' title='bbox 402 2347 535 2411; x_wconf 84' lang='lat' dir='ltr'>ginio</span> <span class='ocrx_word' id='word_1_50' title='bbox 558 2349 695 2397; x_wconf 70' lang='lat' dir='ltr'>Coss.</span> 
     </span>
    </p>
   </div>
   <div class='ocr_carea' id='block_1_9' title="bbox 512 2416 614 2474">
    <p class='ocr_par' dir='ltr' id='par_1_9' title="bbox 512 2416 614 2474">
     <span class='ocr_line' id='line_1_14' title="bbox 512 2416 614 2474; baseline 0 0"><span class='ocrx_word' id='word_1_51' title='bbox 512 2416 614 2474; x_wconf 88' lang='lat'>31.</span> 
     </span>
    </p>
   </div>
   <div class='ocr_carea' id='block_1_10' title="bbox 405 2626 716 2686">
    <p class='ocr_par' dir='ltr' id='par_1_10' title="bbox 405 2626 716 2686">
     <span class='ocr_line' id='line_1_15' title="bbox 405 2626 716 2686; baseline 0.006 -13"><span class='ocrx_word' id='word_1_52' title='bbox 405 2626 466 2674; x_wconf 86' lang='grc' dir='ltr'>Τ.</span> <span class='ocrx_word' id='word_1_53' title='bbox 480 2626 716 2686; x_wconf 75' lang='lat' dir='ltr'>Romilio,</span> 
     </span>
    </p>
   </div>
   <div class='ocr_carea' id='block_1_11' title="bbox 376 2685 689 2803">
    <p class='ocr_par' dir='ltr' id='par_1_11' title="bbox 376 2685 689 2803">
     <span class='ocr_line' id='line_1_16' title="bbox 376 2685 689 2738; baseline 0 0"><span class='ocrx_word' id='word_1_54' title='bbox 376 2685 389 2696; x_wconf 74' lang='lat'>⁵</span> <span class='ocrx_word' id='word_1_55' title='bbox 405 2691 465 2738; x_wconf 87' lang='lat' dir='ltr'>C.</span> <span class='ocrx_word' id='word_1_56' title='bbox 483 2690 689 2738; x_wconf 81' lang='lat' dir='ltr'>Veturio</span> 
     </span>
     <span class='ocr_line' id='line_1_17' title="bbox 406 2755 541 2803; baseline -0.015 0"><span class='ocrx_word' id='word_1_57' title='bbox 406 2755 541 2803; x_wconf 68' lang='lat' dir='ltr'>Cosa.</span> 
     </span>
    </p>
   </div>
   <div class='ocr_carea' id='block_1_12' title="bbox 722 507 1911 680">
    <p class='ocr_par' dir='ltr' id='par_1_12' title="bbox 722 507 1911 680">
     <span class='ocr_line' id='line_1_18' title="bbox 722 507 1823 593; baseline -0.003 -20"><span class='ocrx_word' id='word_1_58' title='bbox 722 509 994 574; x_wconf 85' lang='lat' dir='ltr'>scribere</span> <span class='ocrx_word' id='word_1_59' title='bbox 1066 508 1437 583; x_wconf 86' lang='lat' dir='ltr'>exercitum,</span> <span class='ocrx_word' id='word_1_60' title='bbox 1498 519 1692 593; x_wconf 90' lang='lat' dir='ltr'>atque</span> <span class='ocrx_word' id='word_1_61' title='bbox 1753 507 1823 570; x_wconf 89' lang='lat' dir='ltr'>in</span> 
     </span>
     <span class='ocr_line' id='line_1_19' title="bbox 838 593 1911 680; baseline -0.002 -22"><span class='ocrx_word' id='word_1_62' title='bbox 838 594 930 658; x_wconf 88' lang='lat' dir='ltr'>ito</span> <span class='ocrx_word' id='word_1_63' title='bbox 980 594 1139 680; x_wconf 82' lang='lat' dir='ltr'>legis</span> <span class='ocrx_word' id='word_1_64' title='bbox 1194 593 1562 670; x_wconf 77' lang='lat' dir='ltr'>certamine,</span> <span class='ocrx_word' id='word_1_65' title='bbox 1611 615 1780 657; x_wconf 84' lang='lat' dir='ltr'>nova</span> <span class='ocrx_word' id='word_1_66' title='bbox 1827 593 1911 656; x_wconf 91' lang='lat' dir='ltr'>de</span> 
     </span>
    </p>
   </div>
   <div class='ocr_carea' id='block_1_13' title="bbox 2027 504 2514 570">
    <p class='ocr_par' dir='ltr' id='par_1_13' title="bbox 2027 504 2514 570">
     <span class='ocr_line' id='line_1_20' title="bbox 2027 504 2514 570; baseline 0.004 -2"><span class='ocrx_word' id='word_1_67' title='bbox 2027 504 2204 569; x_wconf 82' lang='lat' dir='ltr'>&#39;dum</span> <span class='ocrx_word' id='word_1_68' title='bbox 2261 504 2514 570; x_wconf 87' lang='lat' dir='ltr'>ducere.</span> 
     </span>
    </p>
   </div>
   <div class='ocr_carea' id='block_1_14' title="bbox 2016 503 2848 656">
    <p class='ocr_par' dir='ltr' id='par_1_14' title="bbox 2016 487 2953 670">
     <span class='ocr_line' id='line_1_21' title="bbox 2635 503 2848 579; baseline -0.003 -11"><span class='ocrx_word' id='word_1_69' title='bbox 2635 503 2848 579; x_wconf 85' lang='lat' dir='ltr'>Inde,</span> 
     </span>
     <span class='ocr_line' id='line_1_22' title="bbox 2016 590 2846 656; baseline 0 -2"><span class='ocrx_word' id='word_1_70' title='bbox 2016 591 2222 655; x_wconf 87' lang='lat' dir='ltr'>electu</span> <span class='ocrx_word' id='word_1_71' title='bbox 2275 590 2604 656; x_wconf 90' lang='lat' dir='ltr'>contentio</span> <span class='ocrx_word' id='word_1_72' title='bbox 2665 603 2846 654; x_wconf 77' lang='lat' dir='ltr'>orta.</span> 
     </span>
    </p>
   </div>
   <div class='ocr_carea' id='block_1_15' title="bbox 722 617 2900 848">
    <p class='ocr_par' dir='ltr' id='par_1_15' title="bbox 722 617 2900 848">
     <span class='ocr_line' id='line_1_23' title="bbox 722 617 2900 767; baseline -0 -22"><span class='ocrx_word' id='word_1_73' title='bbox 722 617 1245 767; x_wconf 45' lang='lat' dir='ltr'>fficebamrque</span> <span class='ocrx_word' id='word_1_74' title='bbox 1264 679 1591 742; x_wconf 79' lang='lat' dir='ltr'>consulare</span> <span class='ocrx_word' id='word_1_75' title='bbox 1615 679 1954 766; x_wconf 90' lang='lat' dir='ltr'>imperium</span> <span class='ocrx_word' id='word_1_76' title='bbox 1977 677 2318 742; x_wconf 89' lang='lat' dir='ltr'>tribunicio</span> <span class='ocrx_word' id='word_1_77' title='bbox 2339 675 2600 752; x_wconf 81' lang='lat' dir='ltr'>auxilio,</span> <span class='ocrx_word' id='word_1_78' title='bbox 2619 698 2850 764; x_wconf 87' lang='lat' dir='ltr'>quum</span> <span class='ocrx_word' id='word_1_79' title='bbox 2869 699 2900 745; x_wconf 83' lang='lat'>8</span> 
     </span>
     <span class='ocr_line' id='line_1_24' title="bbox 724 759 2856 848; baseline -0.002 -19"><span class='ocrx_word' id='word_1_80' title='bbox 724 766 884 830; x_wconf 85' lang='lat' dir='ltr'>alius</span> <span class='ocrx_word' id='word_1_81' title='bbox 926 766 1185 830; x_wconf 79' lang='lat' dir='ltr'>additur</span> <span class='ocrx_word' id='word_1_82' title='bbox 1226 781 1464 830; x_wconf 84' lang='lat' dir='ltr'>terror:</span> <span class='ocrx_word' id='word_1_83' title='bbox 1533 763 1840 829; x_wconf 87' lang='lat' dir='ltr'>Sabinum</span> <span class='ocrx_word' id='word_1_84' title='bbox 1873 763 2250 829; x_wconf 66' lang='lat' dir='ltr'>&#39;exercitum‘</span> <span class='ocrx_word' id='word_1_85' title='bbox 2293 761 2671 848; x_wconf 87' lang='lat' dir='ltr'>praedatum</span> <span class='ocrx_word' id='word_1_86' title='bbox 2723 759 2856 826; x_wconf 87' lang='lat' dir='ltr'>de-</span> 
     </span>
    </p>
   </div>
   <div class='ocr_carea' id='block_1_16' title="bbox 726 850 1777 938">
    <p class='ocr_par' dir='ltr' id='par_1_16' title="bbox 726 850 1777 938">
     <span class='ocr_line' id='line_1_25' title="bbox 726 850 1777 938; baseline -0.002 -22"><span class='ocrx_word' id='word_1_87' title='bbox 726 851 1010 916; x_wconf 87' lang='lat' dir='ltr'>cendisse</span> <span class='ocrx_word' id='word_1_88' title='bbox 1062 852 1133 915; x_wconf 90' lang='lat' dir='ltr'>in</span> <span class='ocrx_word' id='word_1_89' title='bbox 1176 873 1357 938; x_wconf 84' lang='lat' dir='ltr'>agros</span> <span class='ocrx_word' id='word_1_90' title='bbox 1410 850 1777 926; x_wconf 81' lang='lat' dir='ltr'>Romanos3</span> 
     </span>
    </p>
   </div>
   <div class='ocr_carea' id='block_1_17' title="bbox 1839 848 2856 914">
    <p class='ocr_par' dir='ltr' id='par_1_17' title="bbox 1839 848 2856 914">
     <span class='ocr_line' id='line_1_26' title="bbox 1839 848 2856 914; baseline 0 0"><span class='ocrx_word' id='word_1_91' title='bbox 1839 850 1990 914; x_wconf 88' lang='lat' dir='ltr'>inde</span> <span class='ocrx_word' id='word_1_92' title='bbox 2036 848 2120 912; x_wconf 85' lang='lat' dir='ltr'>ad</span> <span class='ocrx_word' id='word_1_93' title='bbox 2165 849 2390 914; x_wconf 88' lang='lat' dir='ltr'>urbem</span> <span class='ocrx_word' id='word_1_94' title='bbox 2431 848 2673 913; x_wconf 80' lang='lat' dir='ltr'>venire.</span> <span class='ocrx_word' id='word_1_95' title='bbox 2781 848 2856 914; x_wconf 74' lang='lat' dir='ltr'>Is</span> 
     </span>
    </p>
   </div>
   <div class='ocr_carea' id='block_1_18' title="bbox 725 934 2852 1196">
    <p class='ocr_par' dir='ltr' id='par_1_18' title="bbox 725 934 2852 1196">
     <span class='ocr_line' id='line_1_27' title="bbox 726 934 2852 1024; baseline -0.001 -23"><span class='ocrx_word' id='word_1_96' title='bbox 726 949 933 1002; x_wconf 89' lang='lat' dir='ltr'>metus</span> <span class='ocrx_word' id='word_1_97' title='bbox 961 937 1259 1024; x_wconf 88' lang='lat' dir='ltr'>perpulit,</span> <span class='ocrx_word' id='word_1_98' title='bbox 1284 949 1358 1000; x_wconf 87' lang='lat' dir='ltr'>ut</span> <span class='ocrx_word' id='word_1_99' title='bbox 1384 937 1574 1000; x_wconf 83' lang='lat' dir='ltr'>scribi</span> <span class='ocrx_word' id='word_1_100' title='bbox 1603 935 1872 1002; x_wconf 90' lang='lat' dir='ltr'>militem</span> <span class='ocrx_word' id='word_1_101' title='bbox 1891 934 2132 999; x_wconf 88' lang='lat' dir='ltr'>tribuni</span> <span class='ocrx_word' id='word_1_102' title='bbox 2157 934 2474 1010; x_wconf 79' lang='lat' dir='ltr'>sinerent3</span> <span class='ocrx_word' id='word_1_103' title='bbox 2520 956 2657 998; x_wconf 87' lang='lat' dir='ltr'>non</span> <span class='ocrx_word' id='word_1_104' title='bbox 2689 934 2852 998; x_wconf 84' lang='lat' dir='ltr'>sine</span> 
     </span>
     <span class='ocr_line' id='line_1_28' title="bbox 725 1019 2850 1110; baseline -0.001 -23"><span class='ocrx_word' id='word_1_105' title='bbox 725 1023 1023 1110; x_wconf 82' lang='lat' dir='ltr'>pactione</span> <span class='ocrx_word' id='word_1_106' title='bbox 1040 1033 1274 1100; x_wconf 91' lang='lat' dir='ltr'>tamen,</span> <span class='ocrx_word' id='word_1_107' title='bbox 1299 1035 1391 1100; x_wconf 74' lang='lat' dir='ltr'>ut,</span> <span class='ocrx_word' id='word_1_108' title='bbox 1412 1022 1714 1107; x_wconf 88' lang='lat' dir='ltr'>quoniam</span> <span class='ocrx_word' id='word_1_109' title='bbox 1736 1022 1857 1110; x_wconf 92' lang='lat' dir='ltr'>ipsi</span> <span class='ocrx_word' id='word_1_110' title='bbox 1873 1020 2390 1108; x_wconf 86' lang='lat' dir='ltr'>quinquennium</span> <span class='ocrx_word' id='word_1_111' title='bbox 2409 1019 2571 1084; x_wconf 88' lang='lat' dir='ltr'>elusi</span> <span class='ocrx_word' id='word_1_112' title='bbox 2587 1033 2850 1097; x_wconf 85' lang='lat' dir='ltr'>essent,</span> 
     </span>
     <span class='ocr_line' id='line_1_29' title="bbox 726 1105 2850 1196; baseline -0.001 -23"><span class='ocrx_word' id='word_1_113' title='bbox 726 1131 1117 1195; x_wconf 88' lang='lat' dir='ltr'>parvumque</span> <span class='ocrx_word' id='word_1_114' title='bbox 1140 1109 1211 1173; x_wconf 88' lang='lat' dir='ltr'>id</span> <span class='ocrx_word' id='word_1_115' title='bbox 1238 1108 1410 1196; x_wconf 89' lang='lat' dir='ltr'>plebi</span> <span class='ocrx_word' id='word_1_116' title='bbox 1484 1107 1828 1172; x_wconf 89' lang='lat' dir='ltr'>raesidium</span> <span class='ocrx_word' id='word_1_117' title='bbox 1856 1107 2037 1184; x_wconf 85' lang='lat' dir='ltr'>foret,</span> <span class='ocrx_word' id='word_1_118' title='bbox 2061 1107 2284 1170; x_wconf 90' lang='lat' dir='ltr'>decem</span> <span class='ocrx_word' id='word_1_119' title='bbox 2313 1105 2552 1170; x_wconf 87' lang='lat' dir='ltr'>deinde</span> <span class='ocrx_word' id='word_1_120' title='bbox 2581 1106 2850 1170; x_wconf 85' lang='lat' dir='ltr'>tribuni</span> 
     </span>
    </p>
   </div>
   <div class='ocr_carea' id='block_1_19' title="bbox 727 1195 1353 1282">
    <p class='ocr_par' dir='ltr' id='par_1_19' title="bbox 727 1195 1353 1282">
     <span class='ocr_line' id='line_1_30' title="bbox 727 1195 1353 1282; baseline 0 -24"><span class='ocrx_word' id='word_1_121' title='bbox 727 1195 929 1282; x_wconf 90' lang='lat' dir='ltr'>plebis</span> <span class='ocrx_word' id='word_1_122' title='bbox 973 1209 1353 1259; x_wconf 81' lang='lat' dir='ltr'>crearentur.</span> 
     </span>
    </p>
   </div>
   <div class='ocr_carea' id='block_1_20' title="bbox 1508 1191 2850 1280">
    <p class='ocr_par' dir='ltr' id='par_1_20' title="bbox 1508 1191 2850 1280">
     <span class='ocr_line' id='line_1_31' title="bbox 1508 1191 2850 1280; baseline 0 -24"><span class='ocrx_word' id='word_1_123' title='bbox 1508 1194 1778 1280; x_wconf 86' lang='lat' dir='ltr'>xpressit</span> <span class='ocrx_word' id='word_1_124' title='bbox 1817 1193 1940 1257; x_wconf 89' lang='lat' dir='ltr'>hoc</span> <span class='ocrx_word' id='word_1_125' title='bbox 1985 1192 2324 1256; x_wconf 83' lang='lat' dir='ltr'>necessitas</span> <span class='ocrx_word' id='word_1_126' title='bbox 2366 1191 2668 1256; x_wconf 86' lang='lat' dir='ltr'>Patribus</span> <span class='ocrx_word' id='word_1_127' title='bbox 2685 1217 2706 1256; x_wconf 70' lang='grc' dir='ltr'><strong>ε</strong></span> <span class='ocrx_word' id='word_1_128' title='bbox 2771 1193 2850 1256; x_wconf 91' lang='lat' dir='ltr'>id</span> 
     </span>
    </p>
   </div>
   <div class='ocr_carea' id='block_1_21' title="bbox 730 1277 2850 1514">
    <p class='ocr_par' dir='ltr' id='par_1_21' title="bbox 730 1277 2850 1514">
     <span class='ocr_line' id='line_1_32' title="bbox 730 1277 2850 1380; baseline -0.001 -36"><span class='ocrx_word' id='word_1_129' title='bbox 730 1281 922 1345; x_wconf 91' lang='lat' dir='ltr'>modo</span> <span class='ocrx_word' id='word_1_130' title='bbox 950 1303 1280 1368; x_wconf 77' lang='lat' dir='ltr'>excepere,</span> <span class='ocrx_word' id='word_1_131' title='bbox 1309 1303 1393 1344; x_wconf 91' lang='lat' dir='ltr'>ne</span> <span class='ocrx_word' id='word_1_132' title='bbox 1418 1291 1644 1380; x_wconf 87' lang='lat' dir='ltr'>postea</span> <span class='ocrx_word' id='word_1_133' title='bbox 1671 1278 1928 1344; x_wconf 90' lang='lat' dir='ltr'>eosdem</span> <span class='ocrx_word' id='word_1_134' title='bbox 1959 1278 2244 1342; x_wconf 89' lang='lat' dir='ltr'>tribunos</span> <span class='ocrx_word' id='word_1_135' title='bbox 2273 1277 2584 1342; x_wconf 85' lang='lat' dir='ltr'>iuberent.</span> <span class='ocrx_word' id='word_1_136' title='bbox 2680 1277 2850 1342; x_wconf 77' lang='lat' dir='ltr'>Tri-</span> 
     </span>
     <span class='ocr_line' id='line_1_33' title="bbox 730 1363 2846 1514; baseline -0.001 -83"><span class='ocrx_word' id='word_1_137' title='bbox 730 1366 986 1431; x_wconf 90' lang='lat' dir='ltr'>bunicia</span> <span class='ocrx_word' id='word_1_138' title='bbox 1001 1367 1276 1444; x_wconf 87' lang='lat' dir='ltr'>comitia,</span> <span class='ocrx_word' id='word_1_139' title='bbox 1300 1389 1383 1430; x_wconf 89' lang='lat' dir='ltr'>ne</span> <span class='ocrx_word' id='word_1_140' title='bbox 1414 1366 1483 1429; x_wconf 92' lang='lat' dir='ltr'>1d</span> <span class='ocrx_word' id='word_1_141' title='bbox 1499 1378 1924 1514; x_wconf 64' lang='lat' dir='ltr'>quqtrluepost</span> <span class='ocrx_word' id='word_1_142' title='bbox 1949 1363 2211 1440; x_wconf 91' lang='lat' dir='ltr'>bellum,</span> <span class='ocrx_word' id='word_1_143' title='bbox 2235 1375 2310 1428; x_wconf 88' lang='lat' dir='ltr'>ut</span> <span class='ocrx_word' id='word_1_144' title='bbox 2329 1377 2562 1440; x_wconf 80' lang='lat' dir='ltr'>cetera,</span> <span class='ocrx_word' id='word_1_145' title='bbox 2585 1386 2846 1428; x_wconf 81' lang='lat' dir='ltr'>vanum</span> 
     </span>
    </p>
   </div>
   <div class='ocr_carea' id='block_1_22' title="bbox 1673 1449 2899 1536">
    <p class='ocr_par' dir='ltr' id='par_1_22' title="bbox 1673 1449 2899 1536">
     <span class='ocr_line' id='line_1_34' title="bbox 1673 1449 2899 1536; baseline 0.006 -23"><span class='ocrx_word' id='word_1_146' title='bbox 1673 1451 1962 1515; x_wconf 86' lang='lat' dir='ltr'>ncesimo</span> <span class='ocrx_word' id='word_1_147' title='bbox 1991 1460 2172 1514; x_wconf 76' lang='lat' dir='ltr'>sexto</span> <span class='ocrx_word' id='word_1_148' title='bbox 2200 1471 2370 1514; x_wconf 87' lang='lat' dir='ltr'>anno</span> <span class='ocrx_word' id='word_1_149' title='bbox 2398 1473 2437 1514; x_wconf 91' lang='lat' dir='ltr'>a</span> <span class='ocrx_word' id='word_1_150' title='bbox 2461 1449 2690 1536; x_wconf 85' lang='lat' dir='ltr'>primis</span> <span class='ocrx_word' id='word_1_151' title='bbox 2723 1451 2849 1514; x_wconf 86' lang='lat' dir='ltr'>tri-</span> <span class='ocrx_word' id='word_1_152' title='bbox 2864 1471 2899 1520; x_wconf 88' lang='lat'>9</span> 
     </span>
    </p>
   </div>
   <div class='ocr_carea' id='block_1_23' title="bbox 2341 1534 2892 1688">
    <p class='ocr_par' dir='ltr' id='par_1_23' title="bbox 2341 1534 2892 1688">
     <span class='ocr_line' id='line_1_35' title="bbox 2394 1534 2892 1600; baseline 0.002 -2"><span class='ocrx_word' id='word_1_153' title='bbox 2394 1536 2408 1549; x_wconf 84' lang='lat'><strong>‘</strong></span> <span class='ocrx_word' id='word_1_154' title='bbox 2481 1534 2808 1600; x_wconf 78' lang='lat' dir='ltr'>classibus</span> <span class='ocrx_word' id='word_1_155' title='bbox 2825 1561 2844 1599; x_wconf 88' lang='lat'><strong>:</strong></span> <span class='ocrx_word' id='word_1_156' title='bbox 2871 1567 2892 1599; x_wconf 86' lang='lat'>1</span> 
     </span>
     <span class='ocr_line' id='line_1_36' title="bbox 2341 1620 2845 1688; baseline 0.008 -4"><span class='ocrx_word' id='word_1_157' title='bbox 2341 1620 2548 1685; x_wconf 89' lang='lat' dir='ltr'>electu</span> <span class='ocrx_word' id='word_1_158' title='bbox 2586 1621 2845 1688; x_wconf 85' lang='lat' dir='ltr'>deinde</span> 
     </span>
    </p>
   </div>
   <div class='ocr_carea' id='block_1_24' title="bbox 729 1705 2852 1878">
    <p class='ocr_par' dir='ltr' id='par_1_24' title="bbox 729 1705 2852 1878">
     <span class='ocr_line' id='line_1_37' title="bbox 729 1705 2852 1792; baseline 0.001 -22"><span class='ocrx_word' id='word_1_159' title='bbox 729 1707 966 1784; x_wconf 88' lang='lat' dir='ltr'>habito,</span> <span class='ocrx_word' id='word_1_160' title='bbox 1020 1705 1369 1783; x_wconf 86' lang='lat' dir='ltr'>Minucius,</span> <span class='ocrx_word' id='word_1_161' title='bbox 1420 1721 1642 1771; x_wconf 89' lang='lat' dir='ltr'>contra</span> <span class='ocrx_word' id='word_1_162' title='bbox 1693 1706 1957 1771; x_wconf 89' lang='lat' dir='ltr'>Sabinos</span> <span class='ocrx_word' id='word_1_163' title='bbox 2007 1707 2346 1792; x_wconf 88' lang='lat' dir='ltr'>profectus,</span> <span class='ocrx_word' id='word_1_164' title='bbox 2393 1729 2528 1771; x_wconf 90' lang='lat' dir='ltr'>non</span> <span class='ocrx_word' id='word_1_165' title='bbox 2578 1707 2852 1772; x_wconf 82' lang='lat' dir='ltr'>invenit</span> 
     </span>
     <span class='ocr_line' id='line_1_38' title="bbox 730 1791 2846 1878; baseline 0.001 -22"><span class='ocrx_word' id='word_1_166' title='bbox 730 1791 995 1856; x_wconf 79' lang='lat' dir='ltr'>hostem.</span> <span class='ocrx_word' id='word_1_167' title='bbox 1091 1791 1413 1868; x_wconf 78' lang='lat' dir='ltr'>Horatius,</span> <span class='ocrx_word' id='word_1_168' title='bbox 1444 1814 1646 1878; x_wconf 93' lang='lat' dir='ltr'>quum</span> <span class='ocrx_word' id='word_1_169' title='bbox 1685 1791 1815 1856; x_wconf 87' lang='lat' dir='ltr'>iam</span> <span class='ocrx_word' id='word_1_170' title='bbox 1849 1791 2089 1877; x_wconf 91' lang='lat' dir='ltr'>Aequi,</span> <span class='ocrx_word' id='word_1_171' title='bbox 2125 1791 2447 1857; x_wconf 87' lang='lat' dir='ltr'>Corbione</span> <span class='ocrx_word' id='word_1_172' title='bbox 2487 1792 2846 1858; x_wconf 79' lang='lat' dir='ltr'>interfecto</span> 
     </span>
    </p>
   </div>
   <div class='ocr_carea' id='block_1_25' title="bbox 720 1875 2894 1976">
    <p class='ocr_par' dir='ltr' id='par_1_25' title="bbox 720 1875 2894 1976">
     <span class='ocr_line' id='line_1_39' title="bbox 720 1875 2894 1976; baseline -0.001 -35"><span class='ocrx_word' id='word_1_173' title='bbox 720 1877 1063 1964; x_wconf 84' lang='lat' dir='ltr'>praesidio,</span> <span class='ocrx_word' id='word_1_174' title='bbox 1117 1875 1430 1941; x_wconf 81' lang='lat' dir='ltr'>Ortonam</span> <span class='ocrx_word' id='word_1_175' title='bbox 1488 1877 1682 1941; x_wconf 86' lang='lat' dir='ltr'>etiam</span> <span class='ocrx_word' id='word_1_176' title='bbox 1728 1877 2062 1963; x_wconf 85' lang='lat' dir='ltr'>cepissent,</span> <span class='ocrx_word' id='word_1_177' title='bbox 2113 1877 2182 1940; x_wconf 91' lang='lat' dir='ltr'>in</span> <span class='ocrx_word' id='word_1_178' title='bbox 2243 1876 2497 1976; x_wconf 45' lang='lat' dir='ltr'>Algido·</span> <span class='ocrx_word' id='word_1_179' title='bbox 2583 1893 2799 1964; x_wconf 83' lang='lat' dir='ltr'>ugnat</span> <span class='ocrx_word' id='word_1_180' title='bbox 2821 1904 2840 1942; x_wconf 78' lang='lat' dir='ltr'>z</span> <span class='ocrx_word' id='word_1_181' title='bbox 2865 1906 2894 1939; x_wconf 79' lang='lat'><em>2</em></span> 
     </span>
    </p>
   </div>
   <div class='ocr_carea' id='block_1_26' title="bbox 400 1961 2894 2738">
    <p class='ocr_par' dir='ltr' id='par_1_26' title="bbox 400 1961 2894 2738">
     <span class='ocr_line' id='line_1_40' title="bbox 730 1961 2842 2049; baseline 0.002 -23"><span class='ocrx_word' id='word_1_182' title='bbox 730 1963 964 2027; x_wconf 72' lang='lat' dir='ltr'>multos</span> <span class='ocrx_word' id='word_1_183' title='bbox 986 1961 1280 2032; x_wconf 83' lang='lat' dir='ltr'>mortales</span> <span class='ocrx_word' id='word_1_184' title='bbox 1310 1962 1578 2027; x_wconf 83' lang='lat' dir='ltr'>occidit:</span> <span class='ocrx_word' id='word_1_185' title='bbox 1626 1963 1808 2049; x_wconf 81' lang='lat' dir='ltr'>fugat</span> <span class='ocrx_word' id='word_1_186' title='bbox 1827 1962 2076 2030; x_wconf 84' lang='lat' dir='ltr'>hostem</span> <span class='ocrx_word' id='word_1_187' title='bbox 2091 1985 2223 2026; x_wconf 90' lang='lat' dir='ltr'>non</span> <span class='ocrx_word' id='word_1_188' title='bbox 2247 1985 2330 2026; x_wconf 85' lang='lat' dir='ltr'>ex</span> <span class='ocrx_word' id='word_1_189' title='bbox 2347 1963 2504 2048; x_wconf 64' lang='lat' dir='ltr'>Algi</span> <span class='ocrx_word' id='word_1_190' title='bbox 2548 1987 2589 2027; x_wconf 96' lang='lat' dir='ltr'>o</span> <span class='ocrx_word' id='word_1_191' title='bbox 2611 1966 2842 2041; x_wconf 75' lang='lat' dir='ltr'>mode,</span> 
     </span>
     <span class='ocr_line' id='line_1_41' title="bbox 404 2047 2848 2156; baseline 0.001 -44"><span class='ocrx_word' id='word_1_192' title='bbox 404 2093 473 2142; x_wconf 89' lang='lat' dir='ltr'>U.</span> <span class='ocrx_word' id='word_1_193' title='bbox 496 2093 539 2142; x_wconf 69' lang='grc' dir='ltr'>ο</span> <span class='ocrx_word' id='word_1_194' title='bbox 580 2094 689 2156; x_wconf 81' lang='lat'><strong>298.</strong></span> <span class='ocrx_word' id='word_1_195' title='bbox 728 2047 843 2112; x_wconf 82' lang='lat' dir='ltr'>sed</span> <span class='ocrx_word' id='word_1_196' title='bbox 866 2071 905 2112; x_wconf 86' lang='lat' dir='ltr'>a</span> <span class='ocrx_word' id='word_1_197' title='bbox 924 2047 1245 2113; x_wconf 87' lang='lat' dir='ltr'>Corbione</span> <span class='ocrx_word' id='word_1_198' title='bbox 1269 2047 1661 2134; x_wconf 84' lang='lat' dir='ltr'>Ortonaque.</span> <span class='ocrx_word' id='word_1_199' title='bbox 1729 2047 2120 2113; x_wconf 86' lang='lat' dir='ltr'>Corbionem</span> <span class='ocrx_word' id='word_1_200' title='bbox 2136 2048 2330 2113; x_wconf 87' lang='lat' dir='ltr'>etiam</span> <span class='ocrx_word' id='word_1_201' title='bbox 2351 2047 2552 2113; x_wconf 88' lang='lat' dir='ltr'>diruit</span> <span class='ocrx_word' id='word_1_202' title='bbox 2565 2064 2848 2138; x_wconf 84' lang='lat' dir='ltr'>propter</span> 
     </span>
     <span class='ocr_line' id='line_1_42' title="bbox 400 2129 1482 2222; baseline 0 -24"><span class='ocrx_word' id='word_1_203' title='bbox 400 2160 463 2206; x_wconf 80' lang='lat' dir='ltr'>A.</span> <span class='ocrx_word' id='word_1_204' title='bbox 498 2129 557 2206; x_wconf 56' lang='lat' dir='ltr'>c:</span> <span class='ocrx_word' id='word_1_205' title='bbox 581 2170 691 2217; x_wconf 81' lang='lat'><strong>454·</strong></span> <span class='ocrx_word' id='word_1_206' title='bbox 729 2133 1051 2222; x_wconf 90' lang='lat' dir='ltr'>proditum</span> <span class='ocrx_word' id='word_1_207' title='bbox 1080 2135 1482 2221; x_wconf 85' lang='lat' dir='ltr'>praesidium.</span> 
     </span>
     <span class='ocr_line' id='line_1_43' title="bbox 404 2218 2894 2307; baseline 0.002 -26"><span class='ocrx_word' id='word_1_208' title='bbox 404 2222 478 2270; x_wconf 79' lang='lat' dir='ltr'>M.</span> <span class='ocrx_word' id='word_1_209' title='bbox 495 2221 714 2281; x_wconf 76' lang='lat' dir='ltr'>valerio,</span> <span class='ocrx_word' id='word_1_210' title='bbox 818 2218 1077 2285; x_wconf 86' lang='lat' dir='ltr'>Deinde</span> <span class='ocrx_word' id='word_1_211' title='bbox 1108 2220 1203 2285; x_wconf 93' lang='lat' dir='ltr'>M.</span> <span class='ocrx_word' id='word_1_212' title='bbox 1233 2218 1547 2298; x_wconf 85' lang='lat' dir='ltr'>Valerius,</span> <span class='ocrx_word' id='word_1_213' title='bbox 1584 2219 1690 2307; x_wconf 91' lang='lat' dir='ltr'>Sp.</span> <span class='ocrx_word' id='word_1_214' title='bbox 1717 2219 2366 2306; x_wconf 84' lang='lat' dir='ltr'>Virginius‘consules</span> <span class='ocrx_word' id='word_1_215' title='bbox 2393 2220 2562 2285; x_wconf 85' lang='lat' dir='ltr'>facti.</span> <span class='ocrx_word' id='word_1_216' title='bbox 2623 2221 2842 2287; x_wconf 88' lang='lat' dir='ltr'>Domi</span> <span class='ocrx_word' id='word_1_217' title='bbox 2863 2245 2894 2293; x_wconf 78' lang='grc'><strong><em>3</em></strong></span> 
     </span>
     <span class='ocr_line' id='line_1_44' title="bbox 730 2306 2846 2405; baseline 0.001 -35"><span class='ocrx_word' id='word_1_218' title='bbox 730 2307 1008 2392; x_wconf 87' lang='lat' dir='ltr'>forisque</span> <span class='ocrx_word' id='word_1_219' title='bbox 1040 2306 1245 2371; x_wconf 90' lang='lat' dir='ltr'>otium</span> <span class='ocrx_word' id='word_1_220' title='bbox 1272 2306 1432 2370; x_wconf 83' lang='lat' dir='ltr'>fuit:</span> <span class='ocrx_word' id='word_1_221' title='bbox 1481 2329 1736 2370; x_wconf 88' lang='lat' dir='ltr'>annona</span> <span class='ocrx_word' id='word_1_222' title='bbox 1754 2318 2024 2405; x_wconf 86' lang='lat' dir='ltr'>propter</span> <span class='ocrx_word' id='word_1_223' title='bbox 2050 2329 2359 2393; x_wconf 87' lang='lat' dir='ltr'>aquarum</span> <span class='ocrx_word' id='word_1_224' title='bbox 2379 2307 2846 2395; x_wconf 88' lang='lat' dir='ltr'>intemperiem</span> 
     </span>
     <span class='ocr_line' id='line_1_45' title="bbox 731 2391 2892 2478; baseline 0.002 -22"><span class='ocrx_word' id='word_1_225' title='bbox 731 2391 1083 2475; x_wconf 84' lang='lat' dir='ltr'>laboratum</span> <span class='ocrx_word' id='word_1_226' title='bbox 1134 2404 1245 2457; x_wconf 81' lang='lat' dir='ltr'>est.</span> <span class='ocrx_word' id='word_1_227' title='bbox 1367 2392 1472 2457; x_wconf 89' lang='lat' dir='ltr'>De</span> <span class='ocrx_word' id='word_1_228' title='bbox 1532 2392 1859 2457; x_wconf 75' lang='lat' dir='ltr'>Aventino</span> <span class='ocrx_word' id='word_1_229' title='bbox 1917 2392 2301 2478; x_wconf 89' lang='lat' dir='ltr'>publicando</span> <span class='ocrx_word' id='word_1_230' title='bbox 2359 2391 2488 2457; x_wconf 82' lang='lat' dir='ltr'>lata</span> <span class='ocrx_word' id='word_1_231' title='bbox 2541 2393 2652 2457; x_wconf 85' lang='lat' dir='ltr'>lex</span> <span class='ocrx_word' id='word_1_232' title='bbox 2713 2408 2838 2459; x_wconf 81' lang='lat' dir='ltr'>est.</span> <span class='ocrx_word' id='word_1_233' title='bbox 2861 2419 2892 2460; x_wconf 89' lang='lat'>4</span> 
     </span>
     <span class='ocr_line' id='line_1_46' title="bbox 405 2476 2840 2566; baseline -0.001 -19"><span class='ocrx_word' id='word_1_234' title='bbox 405 2498 475 2547; x_wconf 86' lang='lat' dir='ltr'>U.</span> <span class='ocrx_word' id='word_1_235' title='bbox 499 2499 557 2547; x_wconf 85' lang='lat' dir='ltr'>c.</span> <span class='ocrx_word' id='word_1_236' title='bbox 584 2513 693 2563; x_wconf 78' lang='lat'>299·</span> <span class='ocrx_word' id='word_1_237' title='bbox 734 2479 1006 2544; x_wconf 87' lang='lat' dir='ltr'>Tribuni</span> <span class='ocrx_word' id='word_1_238' title='bbox 1048 2479 1252 2566; x_wconf 91' lang='lat' dir='ltr'>plebis</span> <span class='ocrx_word' id='word_1_239' title='bbox 1295 2478 1493 2543; x_wconf 90' lang='lat' dir='ltr'>iidem</span> <span class='ocrx_word' id='word_1_240' title='bbox 1537 2477 1757 2542; x_wconf 88' lang='lat' dir='ltr'>refecti</span> <span class='ocrx_word' id='word_1_241' title='bbox 1798 2490 2106 2564; x_wconf 90' lang='lat' dir='ltr'>sequente</span> <span class='ocrx_word' id='word_1_242' title='bbox 2151 2500 2340 2556; x_wconf 92' lang='lat' dir='ltr'>anno,</span> <span class='ocrx_word' id='word_1_243' title='bbox 2388 2476 2467 2542; x_wconf 89' lang='lat' dir='ltr'>T.</span> <span class='ocrx_word' id='word_1_244' title='bbox 2521 2477 2840 2558; x_wconf 79' lang='lat' dir='ltr'>Romilio,</span> 
     </span>
     <span class='ocr_line' id='line_1_47' title="bbox 403 2563 2887 2652; baseline 0.003 -28"><span class='ocrx_word' id='word_1_245' title='bbox 403 2563 465 2610; x_wconf 78' lang='lat' dir='ltr'>A.</span> <span class='ocrx_word' id='word_1_246' title='bbox 501 2563 560 2611; x_wconf 82' lang='lat' dir='ltr'>C·</span> <span class='ocrx_word' id='word_1_247' title='bbox 583 2577 694 2637; x_wconf 71' lang='lat'><strong>453·</strong></span> <span class='ocrx_word' id='word_1_248' title='bbox 738 2563 814 2629; x_wconf 93' lang='lat' dir='ltr'>C.</span> <span class='ocrx_word' id='word_1_249' title='bbox 868 2564 1135 2629; x_wconf 91' lang='lat' dir='ltr'>Veturio</span> <span class='ocrx_word' id='word_1_250' title='bbox 1189 2565 1572 2641; x_wconf 87' lang='lat' dir='ltr'>consulibus,</span> <span class='ocrx_word' id='word_1_251' title='bbox 1627 2563 1834 2652; x_wconf 81' lang='lat' dir='ltr'>legem</span> <span class='ocrx_word' id='word_1_252' title='bbox 1894 2564 2190 2629; x_wconf 86' lang='lat' dir='ltr'>omnibus</span> <span class='ocrx_word' id='word_1_253' title='bbox 2236 2564 2650 2630; x_wconf 90' lang='lat' dir='ltr'>concionibus</span> <span class='ocrx_word' id='word_1_254' title='bbox 2697 2567 2842 2631; x_wconf 87' lang='lat' dir='ltr'>suis</span> <span class='ocrx_word' id='word_1_255' title='bbox 2860 2583 2887 2632; x_wconf 83' lang='lat'><strong>5</strong></span> 
     </span>
     <span class='ocr_line' id='line_1_48' title="bbox 732 2650 2842 2738; baseline -0 -21"><span class='ocrx_word' id='word_1_256' title='bbox 732 2651 1149 2720; x_wconf 86' lang='lat' dir='ltr'>celebrabant.</span> <span class='ocrx_word' id='word_1_257' title='bbox 1245 2660 1265 2691; x_wconf 89' lang='lat'>‘</span> <span class='ocrx_word' id='word_1_258' title='bbox 1282 2651 1535 2716; x_wconf 90' lang='lat' dir='ltr'>Pudere</span> <span class='ocrx_word' id='word_1_259' title='bbox 1565 2671 1633 2716; x_wconf 89' lang='lat' dir='ltr'>se</span> <span class='ocrx_word' id='word_1_260' title='bbox 1668 2650 1918 2719; x_wconf 88' lang='lat' dir='ltr'>numeri</span> <span class='ocrx_word' id='word_1_261' title='bbox 1945 2651 2046 2714; x_wconf 86' lang='lat' dir='ltr'>sui</span> <span class='ocrx_word' id='word_1_262' title='bbox 2085 2650 2516 2738; x_wconf 86' lang='lat' dir='ltr'>nequicquam</span> <span class='ocrx_word' id='word_1_263' title='bbox 2549 2653 2750 2730; x_wconf 87' lang='lat' dir='ltr'>aucti,</span> <span class='ocrx_word' id='word_1_264' title='bbox 2783 2653 2842 2718; x_wconf 89' lang='lat' dir='ltr'>si</span> 
     </span>
    </p>
   </div>
   <div class='ocr_carea' id='block_1_27' title="bbox 728 2843 1749 4363">
    <p class='ocr_par' dir='ltr' id='par_1_27' title="bbox 730 2843 1748 3146">
     <span class='ocr_line' id='line_1_49' title="bbox 796 2843 1744 2905; baseline 0 -13"><span class='ocrx_word' id='word_1_265' title='bbox 796 2845 827 2892; x_wconf 92' lang='lat'>8</span> <span class='ocrx_word' id='word_1_266' title='bbox 861 2843 1130 2892; x_wconf 61' lang='lat' dir='ltr'>Consului-e</span> <span class='ocrx_word' id='word_1_267' title='bbox 1186 2845 1468 2905; x_wconf 72' lang='lat' dir='ltr'>imperium]</span> <span class='ocrx_word' id='word_1_268' title='bbox 1536 2843 1744 2905; x_wconf 79' lang='lat' dir='ltr'>Quippe</span> 
     </span>
     <span class='ocr_line' id='line_1_50' title="bbox 730 2907 1743 2968; baseline -0.002 -12"><span class='ocrx_word' id='word_1_269' title='bbox 730 2909 990 2956; x_wconf 87' lang='lat' dir='ltr'>consulum</span> <span class='ocrx_word' id='word_1_270' title='bbox 1010 2908 1269 2968; x_wconf 69' lang='lat' dir='ltr'>imperium</span> <span class='ocrx_word' id='word_1_271' title='bbox 1291 2913 1417 2964; x_wconf 80' lang='lat' dir='ltr'>erat3</span> <span class='ocrx_word' id='word_1_272' title='bbox 1446 2907 1630 2954; x_wconf 83' lang='lat' dir='ltr'>tribuni</span> <span class='ocrx_word' id='word_1_273' title='bbox 1653 2923 1743 2955; x_wconf 89' lang='lat' dir='ltr'>nec</span> 
     </span>
     <span class='ocr_line' id='line_1_51' title="bbox 730 2969 1748 3082; baseline 0.001 -1"><span class='ocrx_word' id='word_1_274' title='bbox 730 2969 1748 3082; x_wconf 53' lang='lat' dir='ltr'>ffifflfflampm‘ffimmh‘bssffi</span> 
     </span>
     <span class='ocr_line' id='line_1_52' title="bbox 733 3097 1016 3146; baseline 0.004 -2"><span class='ocrx_word' id='word_1_275' title='bbox 733 3098 818 3146; x_wconf 79' lang='lat' dir='ltr'>les.</span> <span class='ocrx_word' id='word_1_276' title='bbox 854 3097 1016 3145; x_wconf 64' lang='lat' dir='ltr'>Cur.</span> 
     </span>
    </p>

    <p class='ocr_par' dir='ltr' id='par_1_28' title="bbox 730 3159 1749 4048">
     <span class='ocr_line' id='line_1_53' title="bbox 796 3159 1748 3224; baseline -0.001 -15"><span class='ocrx_word' id='word_1_277' title='bbox 796 3175 829 3224; x_wconf 87' lang='lat'>9</span> <span class='ocrx_word' id='word_1_278' title='bbox 864 3161 1119 3211; x_wconf 72' lang='lat' dir='ltr'>Tn&#39;oeeimo</span> <span class='ocrx_word' id='word_1_279' title='bbox 1142 3167 1275 3210; x_wconf 67' lang='lat' dir='ltr'>sexto</span> <span class='ocrx_word' id='word_1_280' title='bbox 1302 3162 1461 3220; x_wconf 78' lang='lat' dir='ltr'>anno]</span> <span class='ocrx_word' id='word_1_281' title='bbox 1500 3159 1748 3220; x_wconf 84' lang='lat' dir='ltr'>Exeunte,</span> 
     </span>
     <span class='ocr_line' id='line_1_54' title="bbox 731 3223 1748 3287; baseline -0.002 -13"><span class='ocrx_word' id='word_1_282' title='bbox 731 3225 772 3274; x_wconf 86' lang='lat' dir='ltr'>si</span> <span class='ocrx_word' id='word_1_283' title='bbox 795 3230 1079 3274; x_wconf 83' lang='lat' dir='ltr'>numeretur</span> <span class='ocrx_word' id='word_1_284' title='bbox 1098 3223 1285 3286; x_wconf 83' lang='lat' dir='ltr'>duplex</span> <span class='ocrx_word' id='word_1_285' title='bbox 1306 3224 1431 3272; x_wconf 87' lang='lat' dir='ltr'>illud</span> <span class='ocrx_word' id='word_1_286' title='bbox 1462 3239 1552 3287; x_wconf 83' lang='lat' dir='ltr'>par</span> <span class='ocrx_word' id='word_1_287' title='bbox 1579 3239 1748 3273; x_wconf 90' lang='lat' dir='ltr'>consu-</span> 
     </span>
     <span class='ocr_line' id='line_1_55' title="bbox 732 3287 1746 3351; baseline 0.001 -15"><span class='ocrx_word' id='word_1_288' title='bbox 732 3291 857 3348; x_wconf 88' lang='lat' dir='ltr'>lum,</span> <span class='ocrx_word' id='word_1_289' title='bbox 889 3288 1122 3337; x_wconf 82' lang='lat' dir='ltr'>omissum</span> <span class='ocrx_word' id='word_1_290' title='bbox 1156 3304 1189 3336; x_wconf 82' lang='lat' dir='ltr'>a</span> <span class='ocrx_word' id='word_1_291' title='bbox 1223 3287 1382 3347; x_wconf 86' lang='lat' dir='ltr'>Livio,</span> <span class='ocrx_word' id='word_1_292' title='bbox 1416 3289 1478 3336; x_wconf 85' lang='lat' dir='ltr'>de</span> <span class='ocrx_word' id='word_1_293' title='bbox 1513 3303 1614 3351; x_wconf 83' lang='lat' dir='ltr'>quo</span> <span class='ocrx_word' id='word_1_294' title='bbox 1645 3303 1746 3337; x_wconf 88' lang='lat' dir='ltr'>mo-</span> 
     </span>
     <span class='ocr_line' id='line_1_56' title="bbox 734 3351 1749 3420; baseline 0 -21"><span class='ocrx_word' id='word_1_295' title='bbox 734 3353 932 3400; x_wconf 85' lang='lat' dir='ltr'>nuimus</span> <span class='ocrx_word' id='word_1_296' title='bbox 963 3367 1094 3414; x_wconf 88' lang='lat' dir='ltr'>supr.</span> <span class='ocrx_word' id='word_1_297' title='bbox 1128 3351 1177 3399; x_wconf 89' lang='lat' dir='ltr'>ii.</span> <span class='ocrx_word' id='word_1_298' title='bbox 1204 3365 1279 3415; x_wconf 83' lang='lat'>39.</span> <span class='ocrx_word' id='word_1_299' title='bbox 1312 3351 1380 3420; x_wconf 27' lang='lat' dir='ltr'>‘si</span> <span class='ocrx_word' id='word_1_300' title='bbox 1418 3365 1587 3400; x_wconf 87' lang='lat' dir='ltr'>eorum</span> <span class='ocrx_word' id='word_1_301' title='bbox 1625 3352 1749 3400; x_wconf 84' lang='lat' dir='ltr'>ratio</span> 
     </span>
     <span class='ocr_line' id='line_1_57' title="bbox 734 3415 1747 3475; baseline 0.003 -13"><span class='ocrx_word' id='word_1_302' title='bbox 734 3431 831 3462; x_wconf 86' lang='lat' dir='ltr'>non</span> <span class='ocrx_word' id='word_1_303' title='bbox 853 3415 1127 3475; x_wconf 85' lang='lat' dir='ltr'>haberetur,</span> <span class='ocrx_word' id='word_1_304' title='bbox 1146 3415 1229 3463; x_wconf 85' lang='lat' dir='ltr'>hic</span> <span class='ocrx_word' id='word_1_305' title='bbox 1259 3430 1419 3464; x_wconf 82' lang='lat' dir='ltr'>annus</span> <span class='ocrx_word' id='word_1_306' title='bbox 1450 3421 1578 3464; x_wconf 83' lang='lat' dir='ltr'>esset</span> <span class='ocrx_word' id='word_1_307' title='bbox 1608 3415 1747 3466; x_wconf 79' lang='lat' dir='ltr'>trice—</span> 
     </span>
     <span class='ocr_line' id='line_1_58' title="bbox 732 3478 1744 3542; baseline 0.002 -16"><span class='ocrx_word' id='word_1_308' title='bbox 732 3478 885 3526; x_wconf 87' lang='lat' dir='ltr'>simus</span> <span class='ocrx_word' id='word_1_309' title='bbox 906 3479 1107 3539; x_wconf 84' lang='lat' dir='ltr'>quintus</span> <span class='ocrx_word' id='word_1_310' title='bbox 1127 3478 1383 3540; x_wconf 87' lang='lat' dir='ltr'>incipiens,</span> <span class='ocrx_word' id='word_1_311' title='bbox 1404 3484 1462 3528; x_wconf 88' lang='lat' dir='ltr'>ut</span> <span class='ocrx_word' id='word_1_312' title='bbox 1482 3479 1640 3528; x_wconf 75' lang='lat' dir='ltr'>cuivis</span> <span class='ocrx_word' id='word_1_313' title='bbox 1663 3495 1744 3542; x_wconf 45' lang='lat' dir='ltr'>pap</span> 
     </span>
     <span class='ocr_line' id='line_1_59' title="bbox 733 3541 1744 3604; baseline 0.002 -15"><span class='ocrx_word' id='word_1_314' title='bbox 733 3542 859 3590; x_wconf 85' lang='lat' dir='ltr'>tebit</span> <span class='ocrx_word' id='word_1_315' title='bbox 878 3541 1153 3590; x_wconf 79' lang='lat' dir='ltr'>numeranti</span> <span class='ocrx_word' id='word_1_316' title='bbox 1172 3558 1205 3590; x_wconf 82' lang='lat' dir='ltr'>a</span> <span class='ocrx_word' id='word_1_317' title='bbox 1226 3541 1508 3591; x_wconf 86' lang='lat' dir='ltr'>consulibus</span> <span class='ocrx_word' id='word_1_318' title='bbox 1529 3543 1614 3604; x_wconf 87' lang='lat' dir='ltr'>sp.</span> <span class='ocrx_word' id='word_1_319' title='bbox 1628 3543 1744 3593; x_wconf 75' lang='lat' dir='ltr'>Ces-</span> 
     </span>
     <span class='ocr_line' id='line_1_60' title="bbox 733 3606 1749 3668; baseline 0 -14"><span class='ocrx_word' id='word_1_320' title='bbox 733 3620 806 3654; x_wconf 76' lang='grc' dir='ltr'>ιο</span> <span class='ocrx_word' id='word_1_321' title='bbox 838 3611 889 3654; x_wconf 82' lang='lat' dir='ltr'>et</span> <span class='ocrx_word' id='word_1_322' title='bbox 922 3607 1157 3655; x_wconf 80' lang='lat' dir='ltr'>Postumo</span> <span class='ocrx_word' id='word_1_323' title='bbox 1190 3606 1435 3666; x_wconf 87' lang='lat' dir='ltr'>Cominio,</span> <span class='ocrx_word' id='word_1_324' title='bbox 1455 3622 1662 3668; x_wconf 85' lang='lat' dir='ltr'>quorum</span> <span class='ocrx_word' id='word_1_325' title='bbox 1696 3607 1749 3654; x_wconf 89' lang='lat' dir='ltr'>in</span> 
     </span>
     <span class='ocr_line' id='line_1_61' title="bbox 734 3669 1747 3732; baseline 0.003 -14"><span class='ocrx_word' id='word_1_326' title='bbox 734 3669 1019 3732; x_wconf 74' lang='lat' dir='ltr'>magistratu</span> <span class='ocrx_word' id='word_1_327' title='bbox 1053 3669 1199 3732; x_wconf 87' lang='lat' dir='ltr'>primi</span> <span class='ocrx_word' id='word_1_328' title='bbox 1231 3669 1414 3720; x_wconf 88' lang='lat' dir='ltr'>tribuni</span> <span class='ocrx_word' id='word_1_329' title='bbox 1446 3670 1596 3720; x_wconf 83' lang='lat' dir='ltr'>creati</span> <span class='ocrx_word' id='word_1_330' title='bbox 1617 3677 1747 3721; x_wconf 81' lang='lat' dir='ltr'>sunt.</span> 
     </span>
     <span class='ocr_line' id='line_1_62' title="bbox 734 3733 1745 3860; baseline 0.004 -16"><span class='ocrx_word' id='word_1_331' title='bbox 734 3733 984 3844; x_wconf 46' lang='lat' dir='ltr'>oningin&amp;</span> <span class='ocrx_word' id='word_1_332' title='bbox 1024 3813 1086 3846; x_wconf 68' lang='lat' dir='ltr'>ex</span> <span class='ocrx_word' id='word_1_333' title='bbox 1127 3799 1337 3860; x_wconf 58' lang='lat' dir='ltr'>rimulis</span> <span class='ocrx_word' id='word_1_334' title='bbox 1378 3799 1636 3857; x_wconf 67' lang='lat' dir='ltr'>classibus]</span> <span class='ocrx_word' id='word_1_335' title='bbox 1683 3799 1745 3848; x_wconf 73' lang='lat' dir='ltr'>cf.</span> 
     </span>
     <span class='ocr_line' id='line_1_63' title="bbox 731 3860 1747 3925; baseline 0.002 -17"><span class='ocrx_word' id='word_1_336' title='bbox 731 3875 864 3921; x_wconf 84' lang='lat' dir='ltr'>supr.</span> <span class='ocrx_word' id='word_1_337' title='bbox 873 3860 923 3909; x_wconf 89' lang='lat' dir='ltr'>ii.</span> <span class='ocrx_word' id='word_1_338' title='bbox 936 3861 1157 3923; x_wconf 77' lang='lat' dir='ltr'>33.et58.</span> <span class='ocrx_word' id='word_1_339' title='bbox 1178 3864 1444 3925; x_wconf 59' lang='lat' dir='ltr'>Ieaqtmsc.</span> <span class='ocrx_word' id='word_1_340' title='bbox 1462 3865 1519 3908; x_wconf 88' lang='lat' dir='ltr'>ut</span> <span class='ocrx_word' id='word_1_341' title='bbox 1531 3862 1603 3910; x_wconf 70' lang='lat' dir='ltr'>ita</span> <span class='ocrx_word' id='word_1_342' title='bbox 1617 3875 1747 3910; x_wconf 78' lang='lat' dir='ltr'>crea-</span> 
     </span>
     <span class='ocr_line' id='line_1_64' title="bbox 730 3930 1744 4048; baseline 0 -12"><span class='ocrx_word' id='word_1_343' title='bbox 730 3930 1122 4048; x_wconf 54' lang='lat' dir='ltr'>ml‘lstugrtonain]</span> <span class='ocrx_word' id='word_1_344' title='bbox 1170 3989 1269 4037; x_wconf 86' lang='lat' dir='ltr'>Pro</span> <span class='ocrx_word' id='word_1_345' title='bbox 1296 3990 1483 4037; x_wconf 74' lang='lat' dir='ltr'>Ortona</span> <span class='ocrx_word' id='word_1_346' title='bbox 1503 3992 1744 4037; x_wconf 69' lang='lat' dir='ltr'>Artenam</span> 
     </span>
    </p>

    <p class='ocr_par' dir='ltr' id='par_1_29' title="bbox 728 4050 1745 4363">
     <span class='ocr_line' id='line_1_65' title="bbox 762 4050 1745 4115; baseline -0.001 -15"><span class='ocrx_word' id='word_1_347' title='bbox 762 4050 1079 4115; x_wconf 84' lang='lat' dir='ltr'>Volscorum)</span> <span class='ocrx_word' id='word_1_348' title='bbox 1142 4051 1402 4114; x_wconf 75' lang='lat' dir='ltr'>legendum</span> <span class='ocrx_word' id='word_1_349' title='bbox 1468 4052 1745 4114; x_wconf 84' lang='lat' dir='ltr'>suspicatur</span> 
     </span>
     <span class='ocr_line' id='line_1_66' title="bbox 784 4115 1743 4178; baseline -0.002 -14"><span class='ocrx_word' id='word_1_350' title='bbox 784 4117 853 4166; x_wconf 64' lang='lat' dir='ltr'>ub.</span> <span class='ocrx_word' id='word_1_351' title='bbox 892 4115 1027 4164; x_wconf 85' lang='lat' dir='ltr'>Geli.</span> <span class='ocrx_word' id='word_1_352' title='bbox 1072 4115 1167 4176; x_wconf 82' lang='lat' dir='ltr'>Eq.</span> <span class='ocrx_word' id='word_1_353' title='bbox 1218 4118 1338 4166; x_wconf 75' lang='lat' dir='ltr'>Aur.</span> <span class='ocrx_word' id='word_1_354' title='bbox 1386 4115 1598 4178; x_wconf 80' lang='lat' dir='ltr'>Topogr.</span> <span class='ocrx_word' id='word_1_355' title='bbox 1644 4115 1743 4164; x_wconf 82' lang='lat' dir='ltr'>Ro-</span> 
     </span>
     <span class='ocr_line' id='line_1_67' title="bbox 728 4177 1743 4252; baseline 0.003 -25"><span class='ocrx_word' id='word_1_356' title='bbox 728 4179 917 4252; x_wconf 73' lang='lat' dir='ltr'>mam—i.</span> <span class='ocrx_word' id='word_1_357' title='bbox 945 4195 993 4241; x_wconf 87' lang='lat' dir='ltr'>p.</span> <span class='ocrx_word' id='word_1_358' title='bbox 1020 4193 1126 4227; x_wconf 66' lang='grc' dir='ltr'>ποι.</span> <span class='ocrx_word' id='word_1_359' title='bbox 1172 4179 1234 4227; x_wconf 76' lang='lat' dir='ltr'>ef.</span> <span class='ocrx_word' id='word_1_360' title='bbox 1266 4194 1398 4240; x_wconf 86' lang='lat' dir='ltr'>supr.</span> <span class='ocrx_word' id='word_1_361' title='bbox 1430 4179 1481 4228; x_wconf 89' lang='lat' dir='ltr'>ii.</span> <span class='ocrx_word' id='word_1_362' title='bbox 1507 4193 1584 4240; x_wconf 82' lang='lat'>43.</span> <span class='ocrx_word' id='word_1_363' title='bbox 1631 4177 1743 4230; x_wconf 82' lang='lat' dir='ltr'>infr.</span> 
     </span>
     <span class='ocr_line' id='line_1_68' title="bbox 731 4241 1742 4363; baseline 0.005 -13"><span class='ocrx_word' id='word_1_364' title='bbox 731 4241 1003 4363; x_wconf 49' lang='lat' dir='ltr'>m361bomi</span> <span class='ocrx_word' id='word_1_365' title='bbox 1026 4339 1039 4352; x_wconf 95' lang='lat'>.</span> <span class='ocrx_word' id='word_1_366' title='bbox 1062 4341 1076 4354; x_wconf 84' lang='lat'>.</span> <span class='ocrx_word' id='word_1_367' title='bbox 1101 4340 1113 4352; x_wconf 96' lang='lat'><strong>.</strong></span> <span class='ocrx_word' id='word_1_368' title='bbox 1138 4340 1149 4352; x_wconf 95' lang='lat'><strong>.</strong></span> <span class='ocrx_word' id='word_1_369' title='bbox 1174 4305 1347 4363; x_wconf 72' lang='lat' dir='ltr'>otium]</span> <span class='ocrx_word' id='word_1_370' title='bbox 1384 4304 1571 4353; x_wconf 83' lang='lat' dir='ltr'>Contra</span> <span class='ocrx_word' id='word_1_371' title='bbox 1591 4304 1742 4356; x_wconf 85' lang='lat' dir='ltr'>Dion.</span> 
     </span>
    </p>
   </div>
   <div class='ocr_carea' id='block_1_28' title="bbox 1805 2841 2841 4370">
    <p class='ocr_par' dir='ltr' id='par_1_30' title="bbox 1807 2841 2839 3032">
     <span class='ocr_line' id='line_1_69' title="bbox 1810 2841 2838 2904; baseline 0.004 -14"><span class='ocrx_word' id='word_1_372' title='bbox 1810 2841 2043 2904; x_wconf 80' lang='lat' dir='ltr'>Excerpt.</span> <span class='ocrx_word' id='word_1_373' title='bbox 2066 2841 2186 2891; x_wconf 85' lang='lat' dir='ltr'>xxii.</span> <span class='ocrx_word' id='word_1_374' title='bbox 2220 2847 2272 2890; x_wconf 84' lang='lat' dir='ltr'>et</span> <span class='ocrx_word' id='word_1_375' title='bbox 2299 2841 2476 2892; x_wconf 83' lang='lat' dir='ltr'>Zonar.</span> <span class='ocrx_word' id='word_1_376' title='bbox 2507 2858 2608 2890; x_wconf 89' lang='lat' dir='ltr'>non</span> <span class='ocrx_word' id='word_1_377' title='bbox 2641 2845 2838 2894; x_wconf 85' lang='lat' dir='ltr'>medio-</span> 
     </span>
     <span class='ocr_line' id='line_1_70' title="bbox 1807 2905 2838 2970; baseline 0.002 -15"><span class='ocrx_word' id='word_1_378' title='bbox 1807 2907 2261 2956; x_wconf 79' lang='lat' dir='ltr'>crescontentiones</span> <span class='ocrx_word' id='word_1_379' title='bbox 2279 2905 2510 2964; x_wconf 45' lang='lat' dir='ltr'>maaet</span> <span class='ocrx_word' id='word_1_380' title='bbox 2531 2911 2698 2968; x_wconf 80' lang='lat' dir='ltr'>patres</span> <span class='ocrx_word' id='word_1_381' title='bbox 2721 2909 2838 2970; x_wconf 86' lang='lat' dir='ltr'>plu-</span> 
     </span>
     <span class='ocr_line' id='line_1_71' title="bbox 1810 2969 2839 3032; baseline 0.004 -14"><span class='ocrx_word' id='word_1_382' title='bbox 1810 2985 1886 3018; x_wconf 85' lang='lat' dir='ltr'>res</span> <span class='ocrx_word' id='word_1_383' title='bbox 1907 2985 1936 3018; x_wconf 91' lang='lat' dir='ltr'>e</span> <span class='ocrx_word' id='word_1_384' title='bbox 1958 2969 2163 3032; x_wconf 85' lang='lat' dir='ltr'>plebeiis</span> <span class='ocrx_word' id='word_1_385' title='bbox 2176 2971 2385 3018; x_wconf 83' lang='lat' dir='ltr'>ducibus</span> <span class='ocrx_word' id='word_1_386' title='bbox 2406 2971 2535 3018; x_wconf 86' lang='lat' dir='ltr'>clam</span> <span class='ocrx_word' id='word_1_387' title='bbox 2557 2971 2839 3022; x_wconf 74' lang='lat' dir='ltr'>sustulisse.</span> 
     </span>
    </p>

    <p class='ocr_par' dir='ltr' id='par_1_31' title="bbox 1806 3034 2841 4113">
     <span class='ocr_line' id='line_1_72' title="bbox 1875 3034 2841 3110; baseline 0.002 -27"><span class='ocrx_word' id='word_1_388' title='bbox 1875 3051 1907 3094; x_wconf 82' lang='lat'>4</span> <span class='ocrx_word' id='word_1_389' title='bbox 1937 3035 2018 3083; x_wconf 76' lang='lat' dir='ltr'>Do</span> <span class='ocrx_word' id='word_1_390' title='bbox 2036 3035 2284 3083; x_wconf 73' lang='lat' dir='ltr'>Aventino</span> <span class='ocrx_word' id='word_1_391' title='bbox 2299 3034 2596 3108; x_wconf 55' lang='lat' dir='ltr'>publicando</span> <span class='ocrx_word' id='word_1_392' title='bbox 2615 3037 2841 3110; x_wconf 57' lang='lat' dir='ltr'>majes-</span> 
     </span>
     <span class='ocr_line' id='line_1_73' title="bbox 1810 3097 2838 3236; baseline 0.004 -27"><span class='ocrx_word' id='word_1_393' title='bbox 1810 3099 2030 3210; x_wconf 46' lang='lat' dir='ltr'>gabli?</span> <span class='ocrx_word' id='word_1_394' title='bbox 2041 3097 2125 3210; x_wconf 80' lang='lat' dir='ltr'>ii.L</span> <span class='ocrx_word' id='word_1_395' title='bbox 2116 3111 2190 3222; x_wconf 57' lang='lat' dir='ltr'>lix</span> <span class='ocrx_word' id='word_1_396' title='bbox 2192 3097 2476 3236; x_wconf 48' lang='grc' dir='ltr'>ἰ919ωιέἱιιιιιῖ1</span> <span class='ocrx_word' id='word_1_397' title='bbox 2479 3099 2752 3236; x_wconf 49' lang='lat' dir='ltr'>epassigipo?</span> <span class='ocrx_word' id='word_1_398' title='bbox 2753 3117 2838 3214; x_wconf 58' lang='lat' dir='ltr'>liiii</span> 
     </span>
     <span class='ocr_line' id='line_1_74' title="bbox 1807 3226 2836 3286; baseline 0.004 -13"><span class='ocrx_word' id='word_1_399' title='bbox 1807 3227 2185 3286; x_wconf 60' lang='lat' dir='ltr'>messionibus</span> <span class='ocrx_word' id='word_1_400' title='bbox 2207 3239 2308 3274; x_wconf 70' lang='lat' dir='ltr'>suis</span> <span class='ocrx_word' id='word_1_401' title='bbox 2337 3240 2392 3273; x_wconf 82' lang='grc' dir='ltr'>ιιι</span> <span class='ocrx_word' id='word_1_402' title='bbox 2413 3226 2665 3274; x_wconf 72' lang='lat' dir='ltr'>Aventino</span> <span class='ocrx_word' id='word_1_403' title='bbox 2685 3227 2836 3277; x_wconf 78' lang='lat' dir='ltr'>deee-</span> 
     </span>
     <span class='ocr_line' id='line_1_75' title="bbox 1813 3287 2839 3354; baseline 0.005 -19"><span class='ocrx_word' id='word_1_404' title='bbox 1813 3287 1928 3336; x_wconf 84' lang='lat' dir='ltr'>ders</span> <span class='ocrx_word' id='word_1_405' title='bbox 1971 3293 2164 3337; x_wconf 81' lang='lat' dir='ltr'>coaetos</span> <span class='ocrx_word' id='word_1_406' title='bbox 2205 3303 2326 3347; x_wconf 84' lang='lat' dir='ltr'>esse,</span> <span class='ocrx_word' id='word_1_407' title='bbox 2369 3303 2468 3352; x_wconf 89' lang='lat' dir='ltr'>quo</span> <span class='ocrx_word' id='word_1_408' title='bbox 2515 3289 2674 3352; x_wconf 79' lang='lat' dir='ltr'>magis</span> <span class='ocrx_word' id='word_1_409' title='bbox 2715 3307 2839 3354; x_wconf 73' lang='lat' dir='ltr'>ager</span> 
     </span>
     <span class='ocr_line' id='line_1_76' title="bbox 1815 3351 2833 3415; baseline 0.006 -16"><span class='ocrx_word' id='word_1_410' title='bbox 1815 3351 2089 3400; x_wconf 79' lang='lat' dir='ltr'>Aventinus</span> <span class='ocrx_word' id='word_1_411' title='bbox 2130 3357 2264 3400; x_wconf 75' lang='lat' dir='ltr'>totus</span> <span class='ocrx_word' id='word_1_412' title='bbox 2306 3353 2440 3415; x_wconf 87' lang='lat' dir='ltr'>plebi</span> <span class='ocrx_word' id='word_1_413' title='bbox 2488 3353 2833 3415; x_wconf 71' lang='lat' dir='ltr'>assignaretur.</span> 
     </span>
     <span class='ocr_line' id='line_1_77' title="bbox 1815 3415 2834 3479; baseline 0.003 -16"><span class='ocrx_word' id='word_1_414' title='bbox 1815 3415 2025 3464; x_wconf 81' lang='lat' dir='ltr'>Maximi</span> <span class='ocrx_word' id='word_1_415' title='bbox 2046 3415 2179 3464; x_wconf 86' lang='lat' dir='ltr'>enim</span> <span class='ocrx_word' id='word_1_416' title='bbox 2201 3416 2440 3464; x_wconf 83' lang='lat' dir='ltr'>momenti</span> <span class='ocrx_word' id='word_1_417' title='bbox 2466 3423 2571 3464; x_wconf 79' lang='lat' dir='ltr'>erat</span> <span class='ocrx_word' id='word_1_418' title='bbox 2593 3417 2754 3479; x_wconf 83' lang='lat' dir='ltr'>plebi,</span> <span class='ocrx_word' id='word_1_419' title='bbox 2778 3429 2834 3470; x_wconf 88' lang='lat' dir='ltr'>ut</span> 
     </span>
     <span class='ocr_line' id='line_1_78' title="bbox 1810 3479 2832 3542; baseline 0.005 -17"><span class='ocrx_word' id='word_1_420' title='bbox 1810 3493 1952 3526; x_wconf 88' lang='lat' dir='ltr'>mons</span> <span class='ocrx_word' id='word_1_421' title='bbox 1982 3479 2273 3538; x_wconf 79' lang='lat' dir='ltr'>Aventinus,</span> <span class='ocrx_word' id='word_1_422' title='bbox 2309 3479 2394 3540; x_wconf 87' lang='lat' dir='ltr'>qui</span> <span class='ocrx_word' id='word_1_423' title='bbox 2443 3486 2584 3528; x_wconf 78' lang='lat' dir='ltr'>extra</span> <span class='ocrx_word' id='word_1_424' title='bbox 2625 3495 2832 3542; x_wconf 85' lang='lat' dir='ltr'>pomoe-</span> 
     </span>
     <span class='ocr_line' id='line_1_79' title="bbox 1809 3541 2834 3605; baseline 0.004 -15"><span class='ocrx_word' id='word_1_425' title='bbox 1809 3541 1954 3602; x_wconf 84' lang='lat' dir='ltr'>rium,</span> <span class='ocrx_word' id='word_1_426' title='bbox 1995 3549 2046 3590; x_wconf 88' lang='lat' dir='ltr'>et</span> <span class='ocrx_word' id='word_1_427' title='bbox 2095 3541 2277 3592; x_wconf 84' lang='lat' dir='ltr'>idcirco</span> <span class='ocrx_word' id='word_1_428' title='bbox 2322 3543 2554 3605; x_wconf 80' lang='lat' dir='ltr'>auspiciis</span> <span class='ocrx_word' id='word_1_429' title='bbox 2607 3545 2834 3605; x_wconf 70' lang='lat' dir='ltr'>patriciis</span> 
     </span>
     <span class='ocr_line' id='line_1_80' title="bbox 1811 3606 2830 3672; baseline 0.004 -18"><span class='ocrx_word' id='word_1_430' title='bbox 1811 3619 1909 3654; x_wconf 88' lang='lat' dir='ltr'>non</span> <span class='ocrx_word' id='word_1_431' title='bbox 1950 3606 2197 3655; x_wconf 88' lang='lat' dir='ltr'>subiectus</span> <span class='ocrx_word' id='word_1_432' title='bbox 2233 3612 2354 3666; x_wconf 77' lang='lat' dir='ltr'>erat,</span> <span class='ocrx_word' id='word_1_433' title='bbox 2389 3612 2522 3656; x_wconf 85' lang='lat' dir='ltr'>totus</span> <span class='ocrx_word' id='word_1_434' title='bbox 2552 3607 2644 3656; x_wconf 82' lang='lat' dir='ltr'>sibi</span> <span class='ocrx_word' id='word_1_435' title='bbox 2678 3609 2830 3672; x_wconf 62' lang='lat' dir='ltr'>anig-</span> 
     </span>
     <span class='ocr_line' id='line_1_81' title="bbox 1811 3673 2828 3732; baseline 0.004 -14"><span class='ocrx_word' id='word_1_436' title='bbox 1811 3674 2023 3730; x_wconf 84' lang='lat' dir='ltr'>naretur‚</span> <span class='ocrx_word' id='word_1_437' title='bbox 2076 3677 2133 3718; x_wconf 85' lang='lat' dir='ltr'>ut</span> <span class='ocrx_word' id='word_1_438' title='bbox 2185 3677 2420 3732; x_wconf 73' lang='lat' dir='ltr'>tanqum</span> <span class='ocrx_word' id='word_1_439' title='bbox 2475 3685 2564 3718; x_wconf 81' lang='lat' dir='ltr'>arx</span> <span class='ocrx_word' id='word_1_440' title='bbox 2615 3673 2828 3732; x_wconf 84' lang='lat' dir='ltr'>plebeiis</span> 
     </span>
     <span class='ocr_line' id='line_1_82' title="bbox 1813 3733 2824 3796; baseline 0.002 -14"><span class='ocrx_word' id='word_1_441' title='bbox 1813 3739 2018 3795; x_wconf 82' lang='lat' dir='ltr'>pateret,</span> <span class='ocrx_word' id='word_1_442' title='bbox 2051 3748 2209 3795; x_wconf 86' lang='lat' dir='ltr'>neque</span> <span class='ocrx_word' id='word_1_443' title='bbox 2243 3733 2456 3782; x_wconf 86' lang='lat' dir='ltr'>dominis</span> <span class='ocrx_word' id='word_1_444' title='bbox 2489 3734 2708 3796; x_wconf 76' lang='lat' dir='ltr'>patriciis</span> <span class='ocrx_word' id='word_1_445' title='bbox 2739 3739 2824 3784; x_wconf 82' lang='lat' dir='ltr'>ob-</span> 
     </span>
     <span class='ocr_line' id='line_1_83' title="bbox 1811 3797 2826 3862; baseline 0.005 -19"><span class='ocrx_word' id='word_1_446' title='bbox 1811 3797 1986 3844; x_wconf 83' lang='lat' dir='ltr'>noxius</span> <span class='ocrx_word' id='word_1_447' title='bbox 2023 3803 2162 3846; x_wconf 86' lang='lat' dir='ltr'>esset.</span> <span class='ocrx_word' id='word_1_448' title='bbox 2227 3799 2523 3847; x_wconf 66' lang='lat' dir='ltr'>Pubtimeus</span> <span class='ocrx_word' id='word_1_449' title='bbox 2554 3813 2670 3848; x_wconf 79' lang='lat' dir='ltr'>vero</span> <span class='ocrx_word' id='word_1_450' title='bbox 2711 3815 2826 3862; x_wconf 72' lang='lat' dir='ltr'>ager</span> 
     </span>
     <span class='ocr_line' id='line_1_84' title="bbox 1811 3859 2824 3924; baseline 0.006 -16"><span class='ocrx_word' id='word_1_451' title='bbox 1811 3859 2006 3918; x_wconf 84' lang='lat' dir='ltr'>dicitur,</span> <span class='ocrx_word' id='word_1_452' title='bbox 2031 3861 2164 3922; x_wconf 86' lang='lat' dir='ltr'>quod</span> <span class='ocrx_word' id='word_1_453' title='bbox 2195 3861 2534 3924; x_wconf 82' lang='lat' dir='ltr'>possessiones,</span> <span class='ocrx_word' id='word_1_454' title='bbox 2563 3877 2686 3924; x_wconf 79' lang='lat' dir='ltr'>quas</span> <span class='ocrx_word' id='word_1_455' title='bbox 2716 3871 2824 3914; x_wconf 77' lang='lat' dir='ltr'>taa-</span> 
     </span>
     <span class='ocr_line' id='line_1_85' title="bbox 1811 3925 2824 3988; baseline 0.004 -16"><span class='ocrx_word' id='word_1_456' title='bbox 1811 3939 1959 3985; x_wconf 86' lang='lat' dir='ltr'>quam</span> <span class='ocrx_word' id='word_1_457' title='bbox 1993 3926 2191 3986; x_wconf 73' lang='lat' dir='ltr'>privato</span> <span class='ocrx_word' id='word_1_458' title='bbox 2225 3925 2332 3974; x_wconf 84' lang='lat' dir='ltr'>iure</span> <span class='ocrx_word' id='word_1_459' title='bbox 2367 3926 2604 3974; x_wconf 67' lang='lat' dir='ltr'>tenebant</span> <span class='ocrx_word' id='word_1_460' title='bbox 2637 3941 2824 3988; x_wconf 76' lang='lat' dir='ltr'>posses-</span> 
     </span>
     <span class='ocr_line' id='line_1_86' title="bbox 1806 3987 2823 4050; baseline 0.006 -14"><span class='ocrx_word' id='word_1_461' title='bbox 1806 4003 1954 4046; x_wconf 85' lang='lat' dir='ltr'>sores,</span> <span class='ocrx_word' id='word_1_462' title='bbox 1986 3987 2036 4035; x_wconf 87' lang='lat' dir='ltr'>in</span> <span class='ocrx_word' id='word_1_463' title='bbox 2064 3989 2313 4049; x_wconf 71' lang='lat' dir='ltr'>publicum</span> <span class='ocrx_word' id='word_1_464' title='bbox 2347 3995 2576 4050; x_wconf 78' lang='lat' dir='ltr'>receptae</span> <span class='ocrx_word' id='word_1_465' title='bbox 2607 3998 2742 4050; x_wconf 85' lang='lat' dir='ltr'>sunt,</span> <span class='ocrx_word' id='word_1_466' title='bbox 2773 3999 2823 4042; x_wconf 76' lang='lat' dir='ltr'>et</span> 
     </span>
     <span class='ocr_line' id='line_1_87' title="bbox 1807 4051 2786 4113; baseline 0.004 -13"><span class='ocrx_word' id='word_1_467' title='bbox 1807 4057 2040 4113; x_wconf 73' lang='lat' dir='ltr'>tanquam</span> <span class='ocrx_word' id='word_1_468' title='bbox 2057 4053 2243 4113; x_wconf 74' lang='lat' dir='ltr'>publici</span> <span class='ocrx_word' id='word_1_469' title='bbox 2262 4053 2390 4100; x_wconf 70' lang='lat' dir='ltr'>iuris</span> <span class='ocrx_word' id='word_1_470' title='bbox 2410 4051 2588 4101; x_wconf 85' lang='lat' dir='ltr'>iterum</span> <span class='ocrx_word' id='word_1_471' title='bbox 2609 4053 2786 4104; x_wconf 60' lang='lat' dir='ltr'>finctae.</span> 
     </span>
    </p>

    <p class='ocr_par' dir='ltr' id='par_1_32' title="bbox 1805 4117 2823 4370">
     <span class='ocr_line' id='line_1_88' title="bbox 1873 4117 2823 4176; baseline 0.005 -13"><span class='ocrx_word' id='word_1_472' title='bbox 1873 4127 1900 4176; x_wconf 83' lang='lat'>5</span> <span class='ocrx_word' id='word_1_473' title='bbox 1933 4117 2107 4176; x_wconf 67' lang='lat' dir='ltr'>Lem</span> <span class='ocrx_word' id='word_1_474' title='bbox 2135 4118 2354 4164; x_wconf 71' lang='lat' dir='ltr'>omnibus</span> <span class='ocrx_word' id='word_1_475' title='bbox 2380 4118 2690 4166; x_wconf 71' lang='grc' dir='ltr'>οοησίοηὶὀω</span> <span class='ocrx_word' id='word_1_476' title='bbox 2718 4122 2823 4168; x_wconf 72' lang='lat' dir='ltr'>mis</span> 
     </span>
     <span class='ocr_line' id='line_1_89' title="bbox 1805 4179 2822 4241; baseline 0.005 -15"><span class='ocrx_word' id='word_1_477' title='bbox 1805 4180 2135 4239; x_wconf 74' lang='lat' dir='ltr'>celebrabant]</span> <span class='ocrx_word' id='word_1_478' title='bbox 2173 4179 2317 4241; x_wconf 77' lang='lat' dir='ltr'>Legis</span> <span class='ocrx_word' id='word_1_479' title='bbox 2346 4181 2592 4228; x_wconf 80' lang='lat' dir='ltr'>assiduam</span> <span class='ocrx_word' id='word_1_480' title='bbox 2613 4183 2822 4232; x_wconf 78' lang='lat' dir='ltr'>mentio-</span> 
     </span>
     <span class='ocr_line' id='line_1_90' title="bbox 1807 4242 2820 4307; baseline 0.004 -17"><span class='ocrx_word' id='word_1_481' title='bbox 1807 4257 1920 4290; x_wconf 88' lang='lat' dir='ltr'>nem</span> <span class='ocrx_word' id='word_1_482' title='bbox 1949 4242 2137 4291; x_wconf 72' lang='lat' dir='ltr'>faciunt</span> <span class='ocrx_word' id='word_1_483' title='bbox 2167 4243 2219 4290; x_wconf 88' lang='lat' dir='ltr'>in</span> <span class='ocrx_word' id='word_1_484' title='bbox 2249 4245 2476 4292; x_wconf 88' lang='lat' dir='ltr'>omnibus</span> <span class='ocrx_word' id='word_1_485' title='bbox 2507 4245 2610 4292; x_wconf 84' lang='lat' dir='ltr'>suis</span> <span class='ocrx_word' id='word_1_486' title='bbox 2639 4247 2704 4293; x_wconf 78' lang='lat' dir='ltr'>ad</span> <span class='ocrx_word' id='word_1_487' title='bbox 2737 4261 2820 4307; x_wconf 85' lang='lat' dir='ltr'>po-</span> 
     </span>
     <span class='ocr_line' id='line_1_91' title="bbox 1808 4305 2820 4370; baseline 0.006 -16"><span class='ocrx_word' id='word_1_488' title='bbox 1808 4305 1982 4367; x_wconf 81' lang='lat' dir='ltr'>pulum</span> <span class='ocrx_word' id='word_1_489' title='bbox 2003 4305 2315 4358; x_wconf 78' lang='lat' dir='ltr'>orationibus.</span> <span class='ocrx_word' id='word_1_490' title='bbox 2381 4307 2568 4368; x_wconf 79' lang='lat' dir='ltr'>Mirum</span> <span class='ocrx_word' id='word_1_491' title='bbox 2600 4311 2820 4370; x_wconf 80' lang='lat' dir='ltr'>profecto</span> 
     </span>
    </p>
   </div>
  </div>
 </body>
</html>
