3000 4784
865 163 1058 230 LIB.
1107 164 1224 229 VI.
1297 164 1517 231 CAP.
1564 170 1669 231 40.
2191 170 2315 231 391

251 298 485 365 Inter
511 300 785 387 priorem
813 300 1191 367 dictaturam
1219 300 1577 365 abdicatam
1606 320 1963 387 novamque
1994 322 2034 365 a
2062 297 2312 365 Manlio
2334 316 2400 367 U.
2424 316 2484 367 c.
2511 318 2617 381 387-

115 386 464 462 initam,
507 386 588 451 ab
633 387 903 454 tribunis
945 386 1122 451 velut
1163 408 1280 474 per
1319 386 1757 473 interregnum
1800 385 2070 451 concilio
2112 385 2313 473 plebis
2329 384 2391 432 A.
2424 382 2484 431 0·
2508 380 2619 445 3⁶⁵·

121 470 458 549 habito,
488 472 800 559 apparuit,
830 495 996 560 quae
1027 496 1110 537 ex
1139 472 1553 559 promulgatis
1591 472 1783 559 plebi,
1816 495 1981 559 quae
2011 472 2313 537 1at0ribus
2424 448 2527 509 39·

123 558 492 643 gratiora
517 572 764 624 essent:
811 581 959 623 nam
989 559 1072 623 de
1102 559 1320 623 fenore
1349 582 1390 623 a
1460 581 1543 623 ue
1572 580 1723 645 agro
1746 558 2105 645 rogationes
2133 560 2317 625 iube-

123 644 388 720 bant,
422 643 506 709 de
534 643 784 730 plebeio
813 644 1143 709 consulatu
1182 645 1446 731 antiqua
1487 658 1616 708 ant.
1711 643 1795 708 Et
1834 644 2115 731 perfecta
2143 660 2315 709 utra-

135 752 322 879 3:13
365 752 476 795 res
504 744 684 807 esset,
709 731 777 793 ni
809 730 1048 795 tribuni
1065 754 1132 795 se
1162 731 1230 794 in
1253 730 1468 795 omnia
1495 729 1683 794 simul
1710 729 2036 795 consulere
2059 731 2313 818 plebem

204 816 542 881 'xissent
663 816 736 881 P.
773 816 1057 881 Manlius
1116 815 1350 881 deinde.
1409 817 1681 881 dictator
1738 838 1871 880 rem
1933 818 1999 883 in
2058 840 2310 883 causam
2328 828 2387 877 C.
2415 826 2633 877 Licinius

81 932 122 981 9
145 901 418 988 plebis
463 901 812 979 inclinavit,
859 902 938 967 C.
962 902 1233 979 Licinio,
1277 903 1391 988 qui
1435 902 1725 967 tribunus
1768 901 2043 967 militum
2084 903 2309 981 fuerat,
2330 891 2516 967 primus
2538 907 2638 992 ¹¹¹5

145 989 516 1087 magistro
555 990 846 1074 equitum
875 989 957 1053 de
998 989 1185 1075 plebe
1223 988 1412 1053 dicto.
1507 987 1585 1052 Id
1616 1011 1803 1075 aegre
1839 988 2062 1053 Patres
2100 1012 2313 1076 passos
2327 963 2449 1067 {3¹3
2451 970 2603 1068 {12¹¹OE

153 1074 497 1161 accipi03
543 1074 918 1140 dictatorem
957 1074 1318 1162 propinqua
1345 1074 1723 1159 cognatione
1766 1072 2002 1138 Licinii
2042 1098 2108 1139 se
2140 1074 2313 1163 apud
2329 1083 2489 1145 plebe-

150 1158 437 1225 Patres
467 1182 767 1225 excusare
797 1160 1072 1237 solitum,
1103 1160 1292 1223 simul
1321 1172 1681 1247 negantem,
1714 1160 1993 1245 magistri
2022 1162 2313 1260 equitum

159 1245 436 1323 maius,
478 1268 672 1332 quam
717 1246 956 1311 tribuni
999 1243 1358 1321 consularis,
1395 1246 1484 1308 im
1570 1244 1733 1309 rium
1780 1268 1932 1310 esse.
2025 1245 2313 1309 Licinius
2330 1254 2559 1331 Sextii-,et

165 1330 624 1418 Sextiusque,
676 1354 878 1419 quum
929 1331 1326 1396 tribunorum
1387 1330 1490 1418 ple
1538 1331 1559 1393 i
1604 1331 2022 1395 creandorum
2074 1331 2314 1396 indicta
2329 1318 2508 1430 &53¹¹

167 1418 474 1481 comitia
501 1430 728 1495 essent,
751 1418 842 1482 ita
867 1440 934 1482 se
964 1439 1204 1503 gerere,
1237 1432 1328 1495 ut,
1350 1416 1644 1503 negando
1674 1416 1800 1481 iam
1830 1417 1951 1481 sibi
1978 1416 2141 1481 velle
2160 1440 2313 1482 con·
2330 1384 2601 1495 ogtio'ssl'

167 1503 448 1567 tinuari
467 1503 792 1581 honorem,
816 1504 1117 1569 acerrime
1141 1501 1565 1567 accenderent
1592 1502 1673 1567 ad
1695 1502 1785 1580 id,
1816 1503 1991 1588 quod
2020 1503 2313 1569 dissimu-
2330 1510 2631 1587 cunina-etim

167 1588 404 1653 lando
435 1590 754 1676 petebant,
787 1589 1058 1676 plebem.
1153 1598 1172 1626 ‘
1197 1587 1464 1653 Nonum
1492 1611 1560 1653 se
1600 1611 1839 1653 annum
1876 1590 1999 1652 iam
2033 1588 2209 1654 velut
2242 1590 2309 1653 in
2328 1574 2633 1687 sergndgssro-

178 1682 200 1710 ‘
219 1676 452 1739 aciem
483 1674 780 1740 adversus
808 1675 1146 1761 optimates
1175 1675 1454 1739 maximo
1475 1675 1769 1761 privatim
1799 1672 2103 1761 periculo,
2134 1674 2311 1741 nullo
2326 1652 2509 1751 ffissm
2544 1654 2604 1687 ω

177 1768 200 1797 6
225 1760 508 1846 publice
532 1760 962 1826 emolumento
990 1773 1172 1828 stare.
1268 1760 1691 1825 Consenuisse
1716 1762 1843 1825 iam
1873 1784 2085 1827 secum
2116 1774 2184 1826 et
2210 1784 2314 1827 ro-

183 1854 206 1882 ‘
329 1847 540 1911 tiones
577 1846 1023 1934 promulgatas,
1049 1860 1115 1911 et
1143 1848 1273 1911 vim
1295 1868 1551 1911 omnem
1572 1848 1943 1913 tribuniciae
1962 1848 2308 1935 potestatis.

184 1939 207 1969 ‘
295 1934 470 1997 rimo
514 1933 961 1999 intercessione
1012 1932 1396 2020 collegarum
1440 1932 1511 1996 in
1556 1933 1617 1997 le
1660 1957 1729 1997 es
1772 1956 1915 1999 suas
1956 1947 2312 2021 pugnatum

189 2026 208 2055 ‘
229 2040 420 2083 esse:
469 2018 704 2084 deinde
733 2017 1130 2119 ablegatione
1149 2017 1493 2083 iuventutis
1517 2018 1598 2082 ad
1617 1956 2023 2083 Ql'eliternum
2042 2020 2309 2085 bellum}

190 2111 212 2139 ‘
229 2118 569 2189 postremo
598 2104 1004 2169 dictatonum
1039 2102 1282 2169 fulmen
1317 2104 1385 2168 in
1415 2126 1482 2167 se
1524 2105 1925 2169 intentatum.
2019 2105 2156 2170 Iam
2192 2130 2311 2171 nec

190 2196 212 2225 ‘
235 2190 541 2277 collegae,
573 2214 694 2255 nec
723 2190 980 2267 bellum,
1013 2212 1132 2254 nec
1174 2191 1545 2254 dictatorem
1588 2192 1869 2266 obstare3
1918 2190 2155 2279 quippe
2243 2193 2311 2257 ui

195 2282 216 2311 ‘
239 2277 448 2341 etiam
491 2300 681 2341 omen
724 2275 976 2364 plebeio
1011 2276 1276 2353 consuli,
1318 2276 1619 2362 magistro
1662 2276 1951 2362 equitum
1994 2300 2077 2340 ex
2120 2215 2313 2364 plebe

195 2368 216 2397 ‘
233 2361 544 2439 dicend0‚
589 2362 874 2427 dederit:
936 2384 1002 2427 se
1047 2362 1248 2449 ipsam
1291 2362 1545 2449 plebem
1589 2374 1656 2425 et
1700 2362 2035 2427 commoda
2080 2364 2311 2428 morari

199 2454 220 2483 6
237 2470 374 2513 sua.
471 2448 768 2513 Liberam
828 2449 1050 2514 urbem
1109 2471 1182 2511 ac
1232 2448 1442 2513 forum
1502 2470 1541 2510 a
1590 2447 2024 2526 creditoribus,
2078 2449 2311 2514 liberos

199 2540 220 2569 ‘
237 2556 434 2621 agros
475 2534 554 2599 ab
595 2533 842 2599 iniustis
879 2534 1334 2621 possessoribus
1377 2533 1717 2620 extemp10,
1764 2534 1817 2597 si
1862 2533 2034 2611 velit,
2077 2534 2309 2600 habere

204 2627 223 2655 ‘
245 2642 454 2706 posse.
549 2618 734 2695 Quae
778 2642 1045 2685 munera
1078 2618 1336 2707 quando
1381 2618 1641 2683 tandem
1684 2619 1833 2683 satis
1872 2632 2053 2706 grato
2096 2620 2310 2685 animo

209 2712 230 2741 ‘
247 2706 710 2783 aestimaturos,
740 2707 812 2783 si,
845 2707 1012 2771 inter
1050 2705 1450 2805 accipiendas
1473 2704 1555 2769 de
1594 2705 1723 2769 suis
1752 2706 2101 2771 commodis
2127 2728 2311 2793 roga-

208 2799 224 2827 ‘
243 2793 474 2869 tiones,
505 2814 681 2879 spem
723 2792 980 2857 honoris
1013 2791 1320 2856 latonbus
1353 2814 1573 2857 earum
1609 2790 1941 2855 incidant?
1985 2791 2141 2857 Non
2170 2815 2309 2857 esse

208 2884 228 2913 ‘
243 2876 591 2943 modestiae
602 2878 823 2977 populi
844 2878 1122 2943 Romani
1139 2877 1206 2941 id
1225 2876 1563 2963 postulare,
1578 2891 1650 2942 ut
1666 2878 1801 2965 ipse
1812 2878 2027 2943 fenore
2040 2878 2305 2957 levetur,

207 2971 225 2999 6
243 2978 312 3027 et
339 2965 412 3027 in
442 2986 665 3050 agrum
687 2964 920 3028 iniuria
937 2986 1293 3051 possessum
1315 2987 1356 3028 a
1374 2964 1744 3063 potentibus
1767 2964 2105 3030 inducatur
2126 2989 2144 3042 3
2191 2988 2307 3053 per

209 3056 408 3135 ‘quos
437 3072 516 3114 ea
552 3062 928 3115 consecutus
971 3050 1071 3127 sit,
1103 3072 1286 3114 senes
1314 3050 1689 3115 tnbunicios
1724 3072 1856 3115 non
1885 3050 2021 3115 sine
2063 3052 2305 3116 honore

209 3142 228 3171 ‘
245 3148 518 3212 tantum,
537 3136 650 3201 sed
672 3135 862 3200 etiam
881 3136 1016 3201 sine
1041 3159 1070 3199 s
1175 3135 1452 3211 honoris,
1473 3134 1633 3199 relin
1682 3147 1810 3199 uat.
1885 3136 2165 3200 Proinde
2186 3137 2306 3222 ipsi

211 3228 229 3255 ‘
245 3222 522 3308 primum
539 3234 890 3286 statuerent
911 3244 1039 3307 apu
1100 3222 1362 3297 animos,
1376 3220 1537 3307 quid
1555 3160 1815 3285 vellent:
1858 3220 2091 3285 deinde
2110 3221 2307 3285 comi-

171 3330 189 3363 1
213 3314 230 3343 6
246 3308 350 3371 tiis
369 3307 722 3372 tribuniciis
740 3306 1134 3372 declararent
1150 3306 1560 3371 voluntatem.
1650 3304 1717 3369 Si
1748 3306 2137 3369 coniunctim
2156 3306 2305 3371 ferri

213 3394 322 3459 ‘ab
367 3416 436 3458 se
480 3392 906 3480 promulgatas
949 3392 1306 3480 rogationes
1342 3390 1601 3467 vellent,
1644 3414 1799 3468 esse,
1833 3390 2010 3477 quod
2046 3392 2305 3457 eosdem

213 3484 232 3513 ‘
247 3480 580 3545 reficerent
597 3479 884 3544 tribunos
901 3478 1128 3566 plebis:
1177 3477 1529 3565 perlaturos
1546 3477 1739 3553 enim,
1765 3499 1929 3564 quae
1946 3478 2307 3579 promulga-

217 3571 232 3599 ‘
249 3566 470 3630 verint.
566 3564 700 3642 Sin,
721 3565 898 3651 quod
926 3565 1158 3650 cuique
1221 3564 1470 3628 rivatim
1491 3584 1649 3649 opus
1678 3564 1778 3639 sit,
1800 3562 1866 3626 id
1890 3562 2081 3627 modo
2104 3566 2305 3652 accipi

217 3658 234 3687 6
251 3651 472 3727 velint3
521 3673 679 3737 opus
698 3674 832 3715 esse
853 3649 1014 3714 nihil
1033 3587 1344 3714 invici'iosa
1359 3648 1837 3714 continuatione
1857 3648 2139 3715 honoris:
2184 3674 2305 3717 nec

215 3742 234 3771 ‘
248 3760 308 3802 se
335 3738 745 3814 tribunatum,
767 3759 886 3801 nec
905 3736 1046 3799 illos
1063 3759 1157 3811 ea,
1179 3758 1342 3822 quae
1361 3733 1919 3822 promulgatasint,
1940 3734 2308 3803 habituros?

293 3822 617 3887 Adversus
657 3835 788 3887 tam
827 3822 1204 3887 obstinatam
1249 3820 1598 3885 orationem
1640 3821 2036 3887 tribunorum
2082 3847 2302 3913 quum,
2424 3832 2529 3889 40.

215 3928 353 3993 prae
397 3908 778 3997 indignitate
823 3930 1055 3983 rerum,
1100 3919 1320 3994 stupor
1361 3906 1811 3995 silentiumque
1864 3908 2015 3975 inde
2062 3925 2305 3977 ceteros

272 4108 302 4157 9
333 4094 385 4143 θ.
407 4094 626 4153 Licinio]
663 4094 835 4143 Calvo.
879 4092 941 4141 cf.
975 4106 1106 4155 supr.
1143 4102 1218 4155 35.
1356 4108 1375 4140 1
1414 4094 1472 4141 Si
1510 4095 1804 4142 coniunctim
1836 4093 1998 4153 ferri]
2058 4091 2303 4141 Licinium

223 4154 360 4206 Hunc
405 4172 526 4207 eave
579 4172 690 4205 cum
738 4156 1009 4205 Plutarcho
1052 4156 1222 4204 credas
1283 4155 1557 4219 rogationes
1574 4155 1871 4204 coniunctim
1896 4156 2081 4214 tulisse,
2097 4160 2148 4202 et
2169 4155 2304 4216 plebi

221 4222 413 4271 eundem
448 4236 552 4269 esse
577 4226 730 4283 atque
755 4222 815 4269 C.
841 4219 1085 4269 Licinium
1113 4219 1220 4267 Sto·
1287 4219 1484 4278 dixisse,
1496 4220 1558 4267 ὡς
1580 4219 1664 4267 οὐκ
1686 4218 1744 4267 ἄν
1764 4216 1929 4278 πίοιεν,
1943 4216 1984 4265 εἰ
2002 4216 2069 4276 μὴ
2090 4213 2304 4279 φύγοιεν,

220 4283 366 4333 Ionem
391 4284 642 4333 tribunum
668 4283 842 4346 plebis.
1287 4290 1509 4331 narratur
1530 4298 1611 4345 ap.
1634 4282 1811 4332 Dionis
1828 4282 2019 4345 Fragm.
2038 4294 2112 4344 33.
2136 4280 2303 4335 Reim.
