3000 4784
646 191 775 254 552
1414 185 1641 252 ΤῙΤῙ
1699 185 1972 253 LIVII

320 335 393 388 U.
414 335 475 388 c,
498 345 613 400 44⁷·
650 345 821 390 anno
848 321 1071 388 foedus
1100 322 1287 388 tertio
1316 335 1728 388 renovatum:
1778 322 2130 410 legatisque
2159 343 2404 400 eorum,
2431 323 2554 409 qui
2581 321 2671 387 ad
2693 322 2766 387 id
2779 345 2806 393 3

319 403 385 452 A.
416 402 477 452 0·
503 413 611 464 305·
648 424 973 487 venerant,
1004 409 1273 475 comiter
1298 431 1566 476 munera
1593 409 1798 474 missa.

426 503 532 564 44.
738 498 1137 562 Dictatorem
1163 497 1337 561 idem
1368 519 1578 562 annus
1604 496 1830 561 habuit
1856 495 1930 560 P.
1957 494 2336 560 Cornelium
2363 495 2764 583 Scipionem,

324 585 383 662 13.
398 587 581 662 0⁰‚m0-
650 607 798 650 cum
848 584 1147 669 magistro
1184 583 1477 670 equitum
1525 583 1601 648 P.
1629 582 1836 648 Decio
1885 581 2098 648 Mure.
2189 583 2300 646 Ab
2343 582 2449 658 iis,
2497 597 2768 670 propter

321 651 418 762 ’ἓξ
438 652 588 700 (ΒΜ
648 693 814 759 quae
860 671 1058 734 creati
1102 684 1303 747 erant,
1350 670 1610 734 comitia
1653 669 2010 734 consularia
2054 668 2288 745 habita,
2325 669 2488 756 quia
2533 683 2768 734 neuter

322 750 475 828 Usc.
498 779 612 840 448.
650 756 983 822 consulum
1098 769 1305 820 tuerat
1332 756 1502 822 bello
1531 757 1766 822 abesse.
1855 754 2078 820 Creati
2107 755 2398 820 eonsules
2427 754 2510 818 L.
2531 756 2766 820 Postu-

322 843 385 892 A-
416 843 476 892 C·
501 855 611 903 304·
650 844 835 920 mius,
886 843 988 908 Ti.
1010 779 1369 908 ffiinucius
1464 842 1607 908 Hos
1653 842 1946 908 consules
1991 842 2144 907 Piso
2195 841 2277 916 Q,
2311 840 2520 906 Fabio
2575 855 2648 907 et
2691 842 2760 906 P.

321 907 445 1019 ¹155?
446 911 577 1020 ogu-
650 930 858 994 Decio
893 929 1193 1017 suggerit,
1222 929 1487 994 biennio
1521 942 1840 1017 exempto,
1871 951 2004 1015 quo
2037 927 2384 993 Claudium
2414 927 2762 993 Volumni-

322 1006 549 1084 Min'udo
650 1038 910 1103 umque,
953 1029 1020 1080 et
1067 1014 1443 1080 Cornelium
1489 1039 1638 1081 cum
1683 1015 1932 1080 Marcio
1981 1015 2273 1100 consules
2313 1015 2522 1080 factos
2571 1016 2764 1081 tradi-

327 1098 465 1149 com.
650 1103 878 1168 dimus.
971 1102 1369 1168 Memoriane
1543 1102 1666 1166 erit
1719 1102 1790 1166 in
1847 1101 2181 1166 annalibus
2229 1102 2633 1187 digerendi&
2683 1125 2762 1166 an

652 1188 942 1256 consulto
969 1188 1155 1254 binos
1177 1188 1486 1266 consules,
1535 1187 1696 1252 alsos
1716 1199 1910 1265 ratus,
1933 1187 2414 1264 nanscenderit,
2439 1189 2764 1253 incertum

652 1289 766 1341 est.

322 1361 463 1414 ΟΜ·
480 1361 538 1441 jn
742 1361 991 1426 Eodem
1036 1384 1207 1426 anno
1244 1361 1317 1424 in
1344 1383 1642 1448 campum
1675 1359 2008 1425 Stellatem
2041 1360 2178 1446 agri
2211 1359 2538 1447 Campani
2585 1361 2808 1430 Sam-4

322 1427 583 1542 wan
650 1449 883 1514 uitium
914 1449 1305 1512 incursiones
1332 1447 1554 1512 factae.
1645 1445 1874 1547 Itaque
1909 1448 2099 1511 ambo
2125 1445 2438 1524 consules,
2473 1447 2548 1510 in
2583 1447 2766 1512 Sam-

650 1536 831 1601 nium
870 1534 1063 1611 missi‚
1140 1556 1295 1599 uum
1334 1534 1612 1600 diversas
1651 1553 1961 1620 regiones,
1994 1533 2330 1598 Tifernum
2365 1532 2766 1612 Postumius,

652 1622 1011 1687 Bovianum
1051 1557 1400 1699 stinucius,
1441 1621 1786 1707 petissent3
1842 1618 2158 1684 Postumii
2201 1620 2380 1706 prius
2421 1620 2642 1685 ductu
2683 1621 2768 1686 ad

652 1708 988 1773 Tifernum
1064 1719 1388 1792 ugnatum.
1483 1706 1622 1770 Alii
1656 1705 1830 1770 haud
1857 1705 2053 1772 dubie
2087 1705 2404 1770 Samnites
2430 1707 2662 1785 victos,
2691 1730 2766 1772 ac

649 1793 875 1878 viginti
922 1730 1121 1856 mifiia
1166 1793 1500 1856 hominum
1547 1804 1735 1879 capta
1777 1791 2077 1857 tradunt:
2133 1791 2240 1856 alii
2285 1792 2506 1858 Marte
2553 1817 2768 1881 aequo

649 1878 1016 1954 discessum,
1074 1891 1141 1940 et
1193 1877 1618 1956 Postumium,
1680 1892 1924 1944 metum
1981 1877 2384 1944 simulantem
2437 1895 2766 1946 nocturno

648 1963 898 2042 itinere,
940 1963 1103 2028 clam
1146 1964 1217 2027 in
1260 1977 1512 2030 montes
1558 1965 1771 2065 copias
1817 1964 2194 2030 abduxisse:
2245 1965 2462 2030 hostes
2507 1980 2768 2032 secutos

650 2051 781 2116 duo
810 2049 1011 2114 millia
1046 2051 1196 2116 inde
1232 2050 1389 2116 locis
1422 2052 1686 2116 munitis
1719 2065 1788 2117 et
1813 2052 1984 2140 ipsos
2011 2051 2388 2116 consedisse.
2487 2051 2762 2131 Consul,

650 2149 724 2203 ut
764 2137 993 2204 stativa
1036 2149 1174 2203 tuta
1214 2139 1596 2238 copiosaque
1637 2138 1736 2226 (et
1772 2139 1866 2203 ita
1901 2137 2114 2226 erant)
2147 2139 2380 2224 petisse
2407 2138 2762 2218 videretur,

648 2237 985 2312 postquam
1020 2239 1088 2290 et
1126 2227 1544 2290 munimentis
1571 2237 1773 2290 castra
1797 2225 2092 2304 firmavit,
2123 2238 2192 2288 et
2229 2225 2407 2290 omni
2446 2241 2766 2313 apparatu

648 2333 863 2375 rerum
901 2311 1155 2376 utilium
1194 2311 1534 2389 instruxit3
1580 2310 1804 2377 relicto
1837 2311 2023 2376 firmo
2062 2311 2395 2399 praesidio,
2427 2311 2512 2376 de
2543 2313 2764 2400 vigilia

650 2397 856 2473 tertia,
888 2420 1019 2484 qua
1044 2397 1197 2462 duci
1226 2398 1516 2486 proxime
1637 2409 1780 2476 test,
1811 2398 2144 2484 expeditas
2181 2397 2467 2485 legiones
2507 2398 2596 2462 ad
2629 2399 2764 2464 eol·

650 2481 879 2570 legam,
899 2496 966 2548 et
981 2484 1193 2570 ipsum
1213 2483 1513 2549 adversus
1591 2483 1686 2548 ios
1707 2483 2058 2562 sedentem,
2083 2484 2279 2549 ducit.
2341 2483 2466 2562 Ibi,
2489 2500 2757 2551 auctore

320 2576 569 2654 Spmnitoe
650 2567 1003 2648 Postumio,
1035 2568 1366 2635 Minucius
1394 2593 1544 2635 cum
1571 2569 1862 2635 hostibus
1893 2571 2077 2657 signa
2101 2571 2383 2647 confert3
2430 2584 2520 2648 et,
2553 2594 2762 2658 quum

318 2647 599 2694 mcuntm.
649 2677 884 2743 anceps
926 2655 1239 2744 proelium
1280 2658 1351 2722 in
1396 2657 1670 2721 multum
1714 2656 1844 2722 diei
1887 2658 2310 2757 processisset,
2353 2669 2490 2722 tum
2521 2657 2762 2724 Postu-

648 2742 817 2806 mius
854 2742 1117 2829 integris
1154 2743 1515 2830 legionibus
1551 2742 1860 2808 defessam
1899 2765 2028 2807 iam
2065 2744 2270 2808 aciem
2307 2744 2591 2809 hostium
2637 2745 2761 2809 im-

648 2829 900 2914 proviso
928 2827 1192 2893 invadit.
1284 2828 1535 2917 Itaque,
1566 2851 1769 2929 quum
1803 2828 2106 2894 lassitudo
2141 2853 2216 2895 ae
2245 2829 2510 2894 vulnera
2535 2831 2758 2918 fugam

648 2934 908 2999 quoque
942 2913 1441 3012 praepedissent,
1472 2915 1804 2980 occidione
1837 2915 2028 2980 occisi
2067 2916 2297 2994 hostes,
2327 2917 2512 3003 signa.
2549 2940 2756 2982 unum

648 3009 715 3062 et
742 2996 801 3060 v'
850 2997 969 3061 inti
998 3011 1222 3083 capta:
1269 3013 1463 3084 atque
1492 3001 1647 3066 inde
1678 3001 1762 3066 ad
1796 3013 1999 3066 castra
2025 3000 2340 3067 Postumii
2367 3017 2752 3090 perrectum.

648 3081 754 3148 Ibi
850 3106 934 3149 uo
983 3083 1253 3149 victores
1302 3086 1621 3152 exercitus
1677 3087 2038 3174 perculsum
2097 3088 2225 3152 iam
2275 3089 2444 3154 fama.
2497 3089 2756 3156 hostem

649 3170 855 3236 adorti
898 3170 1183 3236 fundunt
1225 3170 1616 3260 fugantque:
1672 3174 1855 3261 signa
1897 3173 2194 3238 militaria
2242 3197 2356 3239 sex
2401 3189 2470 3240 et
2521 3177 2755 3276 viginti

647 3270 853 3358 capta,
894 3270 961 3323 et
1002 3257 1347 3347 imperator
1397 3258 1782 3324 Samnitium
1831 3260 2070 3326 Statius
2112 3259 2382 3339 Gellius,
2429 3262 2754 3350 multique

647 3342 754 3407 ali1
798 3344 1112 3423 mortales,
1144 3359 1211 3411 et
1252 3357 1455 3410 eastra
1496 3359 1766 3432 utraque
1811 3359 2014 3432 capta.
2107 3346 2196 3410 Et
2226 3345 2611 3426 Bovianum,
2641 3351 2800 3420 ubis

648 3442 901 3516 postero
937 3430 1041 3495 die
1090 3445 1389 3520 coeptum
1435 3431 1810 3519 oppugnari,
1841 3432 2018 3497 brevi
2054 3433 2340 3520 capitur:
2387 3455 2752 3523 magnaque

647 3514 849 3601 gloria
874 3538 1085 3582 rerum
1113 3532 1433 3605 gestarum
1468 3517 1758 3584 consules
1799 3519 2288 3607 triumpharunt.
2381 3519 2752 3588 Minucium

652 3751 943 3862 unffi?
952 3753 1668 3876 dandaassffleiiuf’iffugffl
1729 3753 2138 3870 ¹3¹²,f‘e‘t‚¹<}2¹g,‚²{;,‚
2169 3757 2414 3869 ‘1333‘
2442 3771 2478 3805 ι’
2511 3767 2555 3818 7·
2587 3773 2644 3807 u.
2673 3772 2754 3807 ἰ’

651 3877 783 3938 quod
821 3891 910 3939 pro
952 3880 1165 3927 seeundo
1207 3880 1381 3929 habuit
1419 3881 1668 3944 Polybius,
1799 3894 1827 3944 5
1862 3885 2160 3943 Bovianum,
2193 3885 2278 3932 ubi
2305 3891 2500 3946 ponem
2533 3886 2618 3934 &a
2649 3901 2752 3935 eue-

655 3941 739 4002 qui
764 3942 937 3991 foedus
962 3958 1040 3992 an.
1065 3953 1173 4006 407.
1190 3945 1269 4008 ⁸,U.
1293 3945 1353 3994 G.
1378 3950 1666 3994 renovatum
1725 3947 1894 4009 ptum]
1939 3946 2104 3996 Vaeat
2137 3947 2337 3996 omnino
2367 3947 2618 4010 particula
2649 3952 2750 3998 ubi.

653 4020 784 4068 supr.
808 4006 890 4056 vii.
917 4019 992 4070 27.
1025 4007 1202 4058 omisit.
1268 4009 1455 4058 Contra
1482 4014 1666 4068 autem,
1732 4011 1829 4059 Sed
1867 4015 1918 4059 et
1951 4015 2048 4059 ties
2081 4027 2109 4059 e
2142 4011 2276 4060 libris
2307 4011 2483 4060 nostris
2513 4012 2751 4076 antiquis-

650 4068 690 4116 εἰ
738 4071 993 4132 Heynium
1042 4071 1316 4131 audiamus,
1358 4072 1453 4119 hoc
1494 4072 1668 4120 foedus
1731 4073 1859 4133 simi,
1880 4077 2294 4136 quemadmodum
2319 4076 2546 4124 nonnulli
2569 4091 2602 4125 e
2623 4077 2750 4126 Gro-

648 4131 913 4196 Polybium
956 4135 1155 4184 omnino
1200 4136 1338 4198 fugit.
1390 4135 1451 4182 cf.
1498 4135 1664 4198 Heyn.
1731 4137 1970 4198 novianis,
1991 4138 2176 4188 habent
2195 4147 2378 4202 coepta.
2445 4141 2574 4188 Inde
2595 4141 2752 4203 suspi-

648 4195 832 4256 Opusc.
854 4197 922 4246 iii.
946 4214 992 4257 4.
1731 4215 1928 4252 camur:
1979 4205 2254 4252 Bovianum
2292 4206 2411 4252 urbs
2435 4211 2637 4267 postem
2673 4207 2754 4254 die

715 4273 745 4314 4
778 4260 1015 4320 Campum
1068 4263 1337 4318 Stellatem]
1408 4261 1663 4310 Fertilissi·
1727 4273 1898 4326 σοφία
1915 4269 2212 4329 ορρκφιανί.
2245 4267 2408 4318 Cnnv.

648 4332 784 4366 mum
814 4320 864 4366 in
888 4321 1161 4381 Campania
1194 4323 1560 4372 mediterranea.
1602 4325 1661 4372 cf.
