3000 4784
884 166 1075 231 LIB.
1125 165 1241 231 IV.
1310 166 1532 231 CAP.
1583 172 1684 230 24.
2209 170 2336 231 249

188 300 527 364 consules
568 301 639 365 in
684 325 829 366 eum
876 326 1116 369 annum
1160 304 1379 369 edunt.
1475 303 1782 368 Ceterum
1825 278 1894 367 i1i
1937 316 2064 367 tam
2103 303 2338 369 disere·
2359 321 2425 369 U.
2449 322 2508 370 c.
2535 335 2644 383 321.

192 400 429 471 pante
470 387 753 453 editione
793 403 858 453 et
888 388 1147 456 Tubero
1186 405 1253 455 et
1284 389 1508 454 Macer
1548 389 1739 454 libros
1780 389 2009 454 linteos
2051 402 2340 455 auctores
2355 387 2417 433 A.
2451 386 2519 459 0:
2534 400 2646 447 431-

194 474 651 558 profitentur:
700 490 944 553 neuter,
982 478 1269 542 tribunos
1313 476 1588 541 militum
1632 499 1710 541 eo
1753 499 1922 540 anno
1963 476 2174 553 fuisse,
2215 489 2340 540 tra-
2357 449 2667 574 ἵξιῑᾞὲῑῇξ

198 558 447 623 ditum
497 584 536 625 a
584 563 993 647 scriptoribus
1041 563 1319 649 antiquis
1369 562 1739 627 dissimulat.
1849 561 2102 627 Licinio
2148 562 2340 627 libros
2359 578 2434 626 11.
2453 578 2590 627 cona.

201 646 411 711 haud
457 645 651 711 dubie
694 649 877 736 sequi
918 647 1148 715 linteos
1190 648 1435 737 placet:
1485 662 1552 713 et
1583 648 1842 713 Tubero
1885 648 2162 713 incertus
2204 651 2339 714 veri

140 752 179 801 7
204 746 345 797 est.
450 732 579 798 Sed
622 735 790 799 inter
834 750 1059 813 cetera,
1099 749 1412 801 vetustate
1466 736 1875 822 incomperta,
1916 735 2038 799 hoc
2125 759 2338 823 uoque

204 819 293 882 in
330 819 583 885 incerto
606 822 897 907 positum.
975 822 1395 971 Trepidatum
1418 822 1487 886 in
1511 822 1766 887 Etruria
1787 837 1883 887 est
1903 835 2047 909 post
2121 822 2340 887 idenas

208 930 303 970 ca
356 919 475 983 tae,
500 930 632 971 non
650 908 1029 973 Veientibus
1052 932 1121 973 so
1146 932 1257 973 um
1287 909 1604 974 exterritis
1633 922 1810 974 metu
1837 909 2055 973 similis
2083 910 2338 988 excidii,

210 930 357 1057 seg
382 994 575 1057 etiam
607 991 867 1059 Faliscis
896 996 1200 1060 memoria
1233 994 1375 1059 initi
1413 996 1619 1081 primo
1655 1018 1802 1059 cum
1831 996 1908 1060 iis
1935 996 2104 1072 belli,
2138 1019 2342 1082 quan-

215 1102 439 1165 quam
496 1080 943 1147 rebellantibus
1008 1104 1141 1146 non
1201 1082 1530 1146 affuerant.
1653 1080 1859 1168 Igitur
1917 1106 2116 1167 quum
2175 1082 2340 1147 duae

216 1166 548 1242 civitatee,
584 1166 807 1253 legatis
850 1170 1015 1233 circa
1057 1168 1397 1233 duodecim
1442 1167 1712 1254 populos
1755 1168 1976 1245 missia,
2015 1168 2342 1254 impetras-

158 1266 199 1313 8
220 1266 403 1330 sent,
446 1270 519 1317 ut
560 1252 645 1317 ad
688 1254 1076 1319 Voltumnae
1123 1255 1343 1318 fanum
1394 1254 1784 1318 indiceretur
1827 1254 2004 1317 omni
2050 1253 2341 1319 Etruriae

220 1339 626 1404 concilium:
672 1339 849 1404 velut
882 1363 1112 1427 magno
1152 1340 1303 1404 inde
1346 1338 1626 1404 tumultu
1665 1339 2058 1416 imminente,
2091 1353 2344 1404 senatus

226 1426 449 1490 Mam.
474 1426 823 1489 Aemilium
857 1427 1231 1491 dictatorem
1270 1427 1504 1491 iterum
1539 1425 1664 1489 dici
1706 1426 1902 1491 iussit.
1999 1426 2104 1491 Ab
2145 1449 2223 1491 eo
2255 1428 2337 1491 A.
2362 1443 2590 1494 Dictator

226 1513 612 1577 Postumius
642 1512 963 1577 Tubertus
997 1514 1297 1600 magister
1330 1513 1620 1598 equitum
1657 1527 1754 1577 est
1780 1512 2026 1589 dictus;
2072 1513 2342 1577 bellum-
2360 1508 2644 1585 M⁸¹¹¹.⁰.¹'⁰¹¹⁸

166 1622 209 1670 9
229 1622 373 1686 que
418 1612 596 1664 tanto
640 1600 894 1676 maiore,
938 1623 1130 1685 quam
1222 1600 1489 1676 roxim0,
1531 1612 1766 1663 conatu
1811 1614 2182 1686 apparatum
2225 1612 2338 1677 est,
2358 1573 2616 1623 ‘³⁶th

231 1698 489 1772 quanto
519 1685 661 1771 plus
690 1699 825 1750 erat
853 1687 932 1750 ab
962 1686 1139 1752 omni
1225 1685 1423 1749 truria
1448 1685 1734 1773 periculi,
1760 1708 1954 1772 quam
1983 1687 2063 1750 ab
2092 1686 2340 1751 duobus

228 1796 327 1859 po
376 1771 497 1835 ulis
524 1772 745 1838 fiierat.

396 1882 436 1921 a
462 1881 561 1922 res
590 1859 915 1944 aliquanto
946 1860 1416 1947 exspectatione
1453 1860 1741 1924 omnium
1778 1860 2174 1947 tranquillior
2200 1861 2340 1925 fuit.
2466 1866 2570 1927 24.

236 1945 475 2044 Itaque
528 1967 728 2030 quum
788 1948 1220 2011 renuntiatum
1278 1970 1317 2011 a
1374 1948 1821 2011 mercatoribus
1880 1960 2062 2023 esset,
2115 1960 2347 2033 negata

238 2032 635 2098 Veientibus
686 2032 939 2109 auxilia,
984 2034 1311 2119 iussosque
1357 2055 1471 2097 suo
1519 2031 1780 2097 consilio
1827 2032 2064 2097 bellum
2115 2034 2344 2097 initum

240 2118 377 2183 suis
404 2118 641 2182 viribus
670 2120 954 2205 exsequi,
979 2142 1097 2183 nec
1128 2120 1529 2183 adversarum
1558 2142 1768 2182 rerum
1791 2141 2094 2204 quaerere
2124 2121 2344 2197 sociOS,

198 2236 219 2267 ι
244 2228 399 2269 cum
445 2205 677 2290 quibus
723 2228 900 2293 spem
948 2206 1259 2293 integram
1304 2205 1756 2270 communicati
1803 2227 1935 2268 non
1987 2205 2152 2268 sint:
2209 2218 2346 2271 tum

245 2292 537 2369 dictator,
569 2314 651 2355 ne
692 2315 737 2355 n
821 2292 1119 2378 uicquam
1158 2305 1403 2356 creatus
1443 2306 1621 2367 esset,
1655 2290 1916 2355 materia
1945 2291 2344 2377 quaerendae

248 2378 416 2442 bello
454 2377 691 2465 gloriae
813 2392 1046 2464 empta,
1078 2378 1147 2442 in
1190 2402 1346 2465 pace
1392 2376 1634 2463 aliquid
1677 2378 1884 2463 operis
1927 2377 2136 2454 edere,
2170 2377 2345 2463 quod

250 2477 738 2529 monumentum
778 2477 942 2529 esset
972 2465 1342 2540 dictaturae,
1374 2464 1656 2549 cupienS,
1688 2486 2018 2526 censuram
2057 2464 2343 2527 minuere

250 2564 467 2637 parat:
516 2574 631 2615 seu
670 2551 931 2615 nimiam
970 2564 1349 2639 potestatem
1388 2562 1578 2626 ratus,
1611 2571 1723 2612 seu
1761 2571 1892 2611 non
1931 2562 2060 2613 tam
2102 2550 2346 2635 magni-

253 2636 475 2701 tudine
536 2637 811 2714 honoris,
866 2660 1054 2724 quam
1116 2636 1554 2711 diuturnitate,
1609 2635 1902 2698 offensus.
2016 2634 2344 2700 Concione

252 2725 467 2810 itaque
512 2724 834 2800 advocata,
894 2732 913 2761 ⁶
934 2723 1388 2811 rempublicam
1433 2722 1584 2786 foris
1626 2721 2008 2807 gerendam‚’
2047 2721 2155 2798 ait,
2204 2730 2224 2760 ‘
2245 2734 2346 2785 tu-

258 2820 279 2849 ‘
300 2825 489 2897 taque
529 2811 743 2874 omnia
780 2809 1173 2897 praestanda,
1205 2809 1359 2873 deos
1402 2807 1785 2873 immortales
1827 2808 2208 2908 suscepisse:
2257 2831 2343 2885 se,

260 2906 279 2935 ‘
298 2896 474 2983 quod
501 2897 669 2960 intra
694 2919 908 2961 muros
942 2897 1262 2983 agendum
1297 2908 1479 2974 esset,
1510 2894 1782 2959 libertati
1813 2918 1898 2982 po
1943 2895 2036 2958 uh
2068 2894 2346 2959 Romani

257 2992 279 3021 ‘
302 2983 749 3047 consulturum.
842 2983 1193 3047 Maximam
1246 2996 1457 3047 autem
1512 2982 1649 3046 eius
1699 2994 1877 3045 custo
1924 2982 2049 3045 iam
2094 3003 2248 3058 esse,
2295 2981 2348 3044 si
2365 3004 2614 3054 Censurae

260 3079 281 3107 ‘
303 3092 529 3155 magna
567 3070 832 3155 imperia
867 3069 1169 3134 diuturna
1207 3092 1338 3133 non
1378 3080 1626 3145 essent3
1674 3080 1740 3131 et
1781 3068 2081 3155 temporis
2121 3068 2348 3132 modus
2363 3075 2560 3144 ternpus
2581 3070 2670 3117 im·
2698 3076 2717 3097 ‘

262 3166 281 3195 ⁶
298 3156 743 3243 imponeretur,
774 3156 1005 3242 quibus
1034 3156 1185 3220 iuris
1223 3155 1467 3241 imponi
1507 3178 1638 3219 non
1676 3167 1903 3241 posset.
1997 3154 2179 3218 Alios
2218 3177 2350 3217 ma·
2367 3140 2628 3183 mmutum.

264 3409 347 3467 mi,
376 3414 609 3469 tauquam
644 3406 766 3455 acris
797 3406 977 3468 ingenii
1010 3405 1185 3464 virum,
1220 3410 1272 3453 et
1338 3404 1526 3453 consilii
1550 3419 1710 3453 causa.
1743 3403 1852 3451 infr.
1878 3402 1940 3451 iv.
1957 3401 2035 3452 61.
2061 3419 2104 3453 v.
2130 3416 2200 3465 17.
2226 3403 2288 3455 vi.
2309 3419 2352 3453 2.

266 3474 316 3521 in
340 3471 533 3520 historia
556 3470 855 3532 diligentem.
924 3471 1071 3526 Quae
1104 3470 1275 3518 laudes
1336 3468 1483 3517 hodie
1517 3470 1720 3517 νᾶεν-60.

267 3536 445 3598 optime
482 3536 725 3597 quadrant
765 3535 817 3583 in
861 3535 1171 3582 Tuberonem
1216 3534 1273 3581 il·
1401 3548 1433 3596 9
1466 3534 1681 3589 Maiore,
1702 3546 1849 3594 quam
1875 3533 2116 3592 proximo,
2141 3535 2348 3592 conatu]

269 3602 383 3658 lum,
404 3615 501 3661 quo
530 3604 793 3647 accusante
828 3598 1075 3659 Ligarium
1098 3598 1274 3647 Cicero
1336 3598 1536 3645 Maiore
1583 3612 1728 3658 quam
1775 3597 1999 3657 praa-ime
2046 3604 2242 3654 amaneu,
2292 3613 2354 3645 ex

270 3664 539 3721 defendit,a
554 3677 653 3723 quo
668 3666 719 3709 et
740 3660 969 3711 historiae
990 3661 1276 3709 scribendae
1338 3659 1681 3709 emendatione
1705 3658 1941 3707 Gronovii
1974 3658 2024 3707 in
2059 3666 2250 3709 textum
2283 3676 2355 3709 re-

272 3728 426 3775 datam
450 3740 647 3789 operam
666 3742 769 3774 esse
793 3726 923 3773 idem
939 3726 1112 3774 Cicero
1132 3725 1277 3773 docet
1342 3722 1505 3787 posuit
1527 3723 1740 3771 Bekker.
2243 3735 2250 3743 ·

272 3792 319 3839 in
338 3791 511 3840 celebri
534 3791 625 3838 illa
648 3790 713 3838 ad
738 3790 804 3846 Q,
827 3790 1025 3838 fratrem
1048 3788 1272 3851 epistola.
1406 3804 1427 3835 1
1465 3788 1816 3837 Gmnmunt'eatt'
1847 3804 1948 3837 non
1977 3790 2103 3848 sint]
2145 3789 2228 3837 De
2253 3804 2352 3837 ver-

272 3856 422 3905 Cazv.
858 3854 867 3863 '
1338 3852 1414 3899 bis
1436 3852 1636 3913 passivis
1654 3851 1818 3900 activa
1843 3851 2196 3914 significatione
2231 3852 2356 3914 posi-

342 3934 365 3981 7
402 3920 499 3968 Sed
537 3921 667 3967 inter
699 3920 883 3977 cetera]
930 3918 1007 3966 Sit
1037 3919 1169 3966 inter
1203 3932 1274 3965 oe-
1340 3915 1403 3963 tis
1438 3916 1563 3975 vide,
1587 3931 1709 3977 quos
1741 3916 1911 3963 laudat
1939 3918 2004 3964 ad
2033 3916 2140 3964 h.1.
2166 3916 2356 3965 Duker.

275 3991 387 4042 tera,
417 3982 549 4044 quod
583 3982 807 4031 Muretus
840 3980 1053 4040 coniicit,
1088 3980 1138 4028 iu
1172 3986 1275 4028 tex·
1342 3980 1610 4029 Graevium
1639 3980 1704 4028 ad
1728 3980 1835 4029 Cic.
1861 3979 1956 4040 Ep.
1979 3980 2044 4028 ad
2069 3982 2180 4028 Att.
2204 3980 2254 4027 ii.
2286 3994 2357 4041 ¹7·

277 4054 371 4096 tum
394 4045 607 4109 reposuit
632 4046 842 4094 Bekker.
1342 4050 1392 4092 et
1430 4042 1650 4092 Perizon.
1684 4044 1747 4091 ad
1787 4042 1973 4091 Sanctii
2013 4043 2288 4091 Minervam
2322 4042 2356 4091 i.

334 4112 361 4159 8
390 4112 474 4159 Aa
515 4111 799 4159 Voltumnae
818 4110 1031 4170 sanum]
1089 4108 1276 4163 Quem·
1347 4119 1420 4168 15.
1445 4108 1472 4165 ἓ
1496 4127 1541 4168 4.
1565 4109 1649 4156 ubi
1682 4107 1861 4155 refellit
1893 4106 2222 4154 coniecturam
2255 4106 2358 4153 Iac.

278 4175 529 4223 admodum
562 4173 727 4221 Latini
759 4174 824 4221 ad
857 4174 1023 4221 lucum
1060 4172 1275 4220 Ferenti-
1342 4172 1580 4220 Gronovii
1639 4171 1983 4219 comana—ara·
2032 4184 2130 4215 non
2179 4171 2326 4216 sirint
2341 4188 2358 4215 .-

278 4254 377 4297 ιιω,
396 4238 465 4286 ita
482 4236 679 4285 Etrusci
698 4237 763 4285 ad
784 4236 1087 4284 Voltumnae
1106 4236 1277 4283 fanum
1341 4236 1427 4283 sed
1467 4236 1612 4298 plura
1645 4233 1790 4282 huius
1821 4232 2010 4295 generis
2043 4234 2190 4280 verba
2223 4232 2358 4281 colli-

281 4302 633 4360 conveniebant,
666 4306 967 4351 mercaturae
1002 4300 1080 4349 vel
1118 4298 1279 4349 mutui
1342 4305 1522 4362 guntur
1543 4315 1622 4361 ap.
1649 4299 1790 4347 voss.
1816 4298 2037 4345 Gramm.
2065 4312 2107 4343 v.
2133 4308 2178 4356 5.
