3000 4784
728 224 859 284 482
1512 210 1741 279 ΤῙΤΙ
1793 210 2068 277 LIVII

618 384 695 435 ²9·
730 350 919 429 bello,
962 372 1093 437 quo
1142 346 1378 415 Graeci
1428 346 1898 425 obsidebantur,
1945 346 2072 409 iam
2122 344 2272 409 finis
2313 344 2542 411 aderat.
2632 341 2818 417 Nam,

620 450 695 498 ²3·
734 451 1178 527 praeterquam
1218 434 1414 521 quod,
1451 434 1724 498 intersae
1773 434 1855 497 tis
1900 432 2316 497 munimentis
2350 432 2648 508 hostium,
2689 452 2856 531 pass3

876 525 899 587 i
928 523 1169 588 abscisa
1194 534 1351 597 erat,
1374 520 1662 585 foediora.
1753 520 2014 605 ‘quanto
2044 518 2213 583 intra
2240 540 2452 583 muros
2478 518 2576 593 iis,
2597 518 2826 603 quibus

780 610 931 675 ostis
960 608 1305 685 territabat,
1337 608 1780 695 patiebantur:
1829 618 1898 669 et
1923 604 2102 669 velut
2129 605 2301 692 capti
2327 627 2368 668 a
2394 604 2658 668 suismet
2685 602 2864 689 ipsis4

732 696 1080 785 praesidiis,
1133 694 1400 781 indigna
1447 693 1576 757 iam
1627 692 1841 757 liberis
1886 714 2145 777 quoque
2197 714 2272 755 ac
2321 690 2722 776 coniugibus,
2771 701 2834 751 et

736 806 901 869 quae
932 795 1257 869 captarum
1288 780 1545 845 urbium
1579 792 1866 843 extrema
1899 791 2067 855 sunt,
2097 778 2516 863 patiebantur.
2607 774 2830 862 Itaque

738 892 985 956 quum,
1012 880 1079 933 et
1131 890 1169 932 a
1218 866 1505 931 Tarento
1555 878 1622 930 et
1671 888 1710 929 a
1765 863 2176 941 Samnitibus,
2227 864 2396 927 fima
2443 874 2628 940 esset,
2679 883 2838 925 nova

737 955 977 1021 auxilia
1045 966 1333 1030 ventura,
1398 952 1780 1017 Samnitium
1846 950 2013 1051 plus
2083 972 2277 1035 quam
2347 948 2609 1027 vellent,
2677 949 2838 1011 intra

737 1042 994 1107 moenia
1035 1062 1171 1105 esse
1210 1040 1550 1104 rebantur:
1599 1037 2096 1102 Tarentmorum
2143 1037 2563 1113 iuventutem,
2609 1033 2836 1099 Graeci

744 1127 1043 1204 Graecos,
1075 1125 1249 1191 haud
1296 1126 1509 1189 minus
1547 1146 1664 1212 per
1697 1147 1858 1210 quos
1901 1122 2172 1188 Samniti
2209 1121 2426 1186 Nolan
2513 1144 2618 1199 ue,
2651 1142 2839 1207 quam

739 1227 815 1279 ut
852 1213 1161 1279 Romanis
1199 1212 1483 1277 hostibus
1525 1210 1908 1287 resisterent,
1948 1209 2416 1296 exspectabant.
2569 1222 2838 1273 ostremo

740 1300 1127 1367 levissimum
1167 1297 1476 1363 malorum
1507 1297 1752 1361 deditio
1787 1297 1870 1360 ad
1901 1295 2227 1360 Romanos
2257 1296 2406 1359 visa.
2505 1293 2840 1359 Charilaus

743 1400 812 1452 et
862 1386 1249 1475 NymphiuS,
1302 1384 1622 1472 principes
1679 1383 1967 1460 civitatiS,
2020 1382 2491 1447 communicato
2553 1382 2727 1446 inter
2777 1401 2838 1443 se

740 1473 1024 1550 consilio,
1055 1485 1264 1559 partes
1309 1471 1393 1534 ad
1436 1494 1574 1535 rem
1620 1470 1934 1557 agendam
1967 1468 2256 1545 divisere,
2288 1482 2361 1532 ut
2397 1468 2564 1533 alter
2601 1468 2690 1533 ad
2731 1468 2844 1531 im-

741 1572 1096 1646 peratorem
1152 1558 1590 1622 Romanorum
1641 1555 2081 1655 transfugeret,
2135 1554 2294 1619 alter
2341 1555 2722 1619 subsisteret
2765 1550 2844 1616 ad

742 1644 1169 1732 praebendam
1215 1667 1253 1709 o
1298 1657 1638 1730 portunam
1685 1643 1948 1707 consilio
1988 1642 2229 1705 urbem.
2325 1639 2676 1705 Charilaus
2708 1640 2842 1713 fuit,

414 1738 697 1816 Palaepolis
744 1732 856 1816 qui
916 1731 1001 1794 ad
1057 1730 1247 1795 Publi
1274 1731 1408 1793 ium
1468 1729 1810 1794 Philonem
1863 1728 2078 1793 venit:
2148 1740 2234 1804 et,
2303 1736 2324 1765 ‘
2345 1726 2522 1814 quod
2583 1728 2842 1802 bonum,

384 1806 605 1897 'tradita
745 1824 765 1854 ‘
784 1816 1079 1893 faustum,
1131 1815 1285 1878 felix
1337 1814 1828 1902 Palaepolitanis
1885 1813 2249 1902 populoque
2303 1813 2608 1878 Romano
2667 1826 2842 1887 esset,

742 1910 765 1940 ‘
786 1900 1033 1966 tradere
1062 1900 1171 1977 se,’
1198 1900 1306 1977 ait,
1356 1907 1376 1937 ‘
1396 1902 1652 1965 moenia
1679 1901 1985 1965 statuisse.
2077 1899 2177 1963 Eo
2205 1899 2373 1964 facto
2405 1914 2636 1965 utrum
2671 1902 2752 1965 ab
2783 1920 2846 1961 se

742 1996 764 2027 ‘
784 1988 1055 2076 prodita,
1116 2010 1200 2051 an
1264 1998 1528 2065 servata,
1588 1987 1796 2073 patria
1849 1985 2160 2063 videatur,
2219 1986 2292 2049 in
2355 1986 2485 2050 fide
2547 1986 2846 2051 Romana

741 2083 763 2114 ‘
782 2075 1062 2162 positum
1107 2096 1259 2139 esse.
1356 2072 1492 2138 Sibi
1537 2073 1831 2161 privatim
1873 2094 1994 2137 nec
2033 2072 2270 2173 pacisci
2315 2073 2694 2171 quicquam,
2734 2094 2846 2137 nec

744 2170 765 2201 ‘
784 2175 1041 2249 petere:
1088 2160 1343 2249 publice
1389 2173 1629 2247 petere,
1671 2182 1866 2245 quam
1909 2158 2164 2246 pacisci,
2204 2180 2424 2245 magis,
2465 2174 2558 2235 ut,
2607 2161 2668 2225 si
2711 2182 2846 2224 suo-

743 2257 766 2287 ‘
786 2249 1073 2313 cessisset
1126 2248 1474 2335 inceptum,
1528 2246 1835 2333 cogitaret
1891 2244 2165 2332 populus
2225 2244 2579 2323 Romanus„
2635 2247 2844 2333 potius

743 2342 765 2373 ‘
785 2357 931 2398 cum
991 2346 1233 2421 quanto
1290 2333 1503 2398 studio
1560 2332 1974 2431 periculoque
2035 2330 2310 2395 reditum
2369 2332 2436 2394 in
2495 2332 2842 2397 amicitiam

743 2428 766 2458 ‘
784 2442 961 2485 suam
1013 2433 1201 2499 esset,
1290 2442 1437 2485 uam
1481 2442 1611 2505 qua
1660 2418 1928 2483 stultitia
1977 2429 2044 2482 et
2095 2417 2448 2481 temeritate
2498 2417 2582 2482 de
2643 2418 2846 2483 officio

742 2515 762 2545 ‘
784 2506 1152 2572 decessum!
1220 2443 1640 2571 gollandatus
1669 2506 1748 2569 ab
1777 2506 2156 2592 imperatore
2187 2504 2309 2569 tria
2336 2502 2536 2569 millia
2563 2506 2846 2570 militum
2948 2550 2949 2553 κ

740 2592 827 2657 ad
864 2593 1301 2681 occupandam
1340 2614 1481 2657 eam
1567 2604 1768 2656 artem
1808 2591 2000 2668 urbis,
2033 2612 2226 2677 quam
2260 2588 2582 2655 Samnites
2609 2592 2848 2657 inside-

740 2680 916 2756 bant,
954 2680 1233 2768 accepit:
1328 2678 1491 2743 raesi
1539 2678 1601 2742 io
1641 2678 1703 2742 ei
1743 2676 1820 2741 L.
1848 2676 2194 2753 Quinctius
2231 2676 2526 2741 tribunus
2565 2678 2884 2749 militums

504 2772 610 2833 26.
738 2766 1147 2915 graepositus.
1264 2702 1514 2831 Eodem
1579 2776 1863 2851 tempore
1921 2778 1990 2829 et
2048 2761 2418 2852 Nymphius
2465 2779 2845 2863 ‘praetorem

790 2864 1124 2915 ammaum
1177 2864 1309 2915 arte
1358 2872 1706 2951 aggressus·
1729 2871 1810 2937 pe
1887 2849 2110 2928 ulerat,
2153 2863 2245 2927 ut,
2287 2871 2594 2936 quomam
2644 2872 2850 2916 omnis

406 370 477 421 U.
500 370 615 431 0.4

406 436 469 485 A.
502 437 615 497 0.3

740 2933 1072 2998 Romanus
1123 2936 1439 3001 exercitus
1490 2948 1602 3001 aut
1650 2959 1819 3001 circa
1917 2936 2252 3023 alaepolim
2302 2948 2414 3001 aut
2457 2934 2530 2999 in
2580 2934 2848 3002 Samnio

738 3030 921 3096 esset,
968 3019 1205 3085 sineret
1245 3043 1313 3085 se
1357 3020 1556 3086 classe
1606 3022 1994 3087 circumvehi
2042 3022 2126 3087 ad
2173 3022 2546 3087 Romanum
2595 3044 2846 3110 agrum,

738 3128 873 3171 non
902 3127 1077 3171 oram
1112 3106 1304 3171 modo
1340 3107 1548 3185 maris,
1581 3108 1697 3173 sed
1735 3109 1858 3195 ipsi
1895 3109 2040 3173 urbi
2075 3108 2440 3197 propinqua
2473 3107 2622 3174 loca
2649 3111 2850 3198 depo-
2948 3128 2949 3139 *

738 3192 1124 3281 pulaturum.
1220 3192 1369 3271 Sed,
1422 3205 1497 3258 ut
1545 3194 1810 3271 falleret,
1858 3206 2044 3259 nocte
2141 3194 2636 3259 roficiscendum
2660 3218 2844 3273 ·esse,

740 3278 1189 3368 extemploque
1220 3302 1413 3343 naves
1442 3278 1866 3345 deducendas.
1935 3280 2047 3355 Qu
2154 3303 2285 3366 quo
2306 3282 2620 3346 maturius
2643 3283 2844 3359 fieret,

740 3366 948 3431 omnis
976 3366 1272 3430 iuventus
1300 3364 1702 3441 Samnitium,
1725 3378 1978 3464 praeter
2002 3367 2428 3430 necessarium
2455 3368 2636 3431 urbis
2665 3390 2846 3456 prae-

740 3450 995 3529 sidium,
1026 3451 1111 3516 ad
1140 3452 1289 3517 litus
1316 3451 1521 3516 missa.
1616 3450 1750 3516 Ub1
1779 3450 1936 3515 dum
1967 3450 2144 3539 Nym
2192 3451 2338 3516 hius
2366 3453 2437 3515 in
2466 3454 2756 3519 tenebris
2783 3467 2846 3517 et

740 3537 1153 3603 multitudine
1184 3550 1384 3603 semet
1412 3537 1550 3623 ipsa
1577 3536 1989 3623 impediente,
2013 3538 2170 3601 sedu
2196 3561 2234 3601 ο
2257 3537 2396 3601 aliis
2423 3536 2549 3603 alia
2578 3538 2844 3639 imperia

740 3623 1019 3701 turbans,
1051 3624 1201 3688 terit
1229 3634 1520 3710 tempus;
1571 3620 1926 3701 Charilaus,
1958 3646 2041 3687 ex
2067 3624 2418 3710 composito
2447 3623 2526 3689 ab
2557 3627 2750 3691 sociis
2775 3626 2842 3689 in

806 3845 835 3894 3
868 3832 1187 3893 Intersaeptt's
1208 3833 1546 3894 munimentis]
1593 3832 1760 3883 Muni-
1819 3832 1992 3880 urbem
2029 3832 2142 3881 loco
2173 3838 2322 3895 capto
2357 3832 2643 3883 societatem
2682 3832 2840 3885 numi

738 3900 909 3945 menta
938 3894 1019 3943 hic
1050 3893 1369 3957 intelligimus
1389 3896 1590 3945 brachia
1609 3912 1642 3944 a
1663 3896 1758 3945 Pa-
1822 3894 1995 3943 auxilii
2015 3894 2238 3944 hostibus
2257 3896 2567 3945 diremerunt.
2599 3898 2768 3949 cm.

738 3958 922 4023 laepoli
954 3960 1019 4008 ad
1042 3958 1311 4020 Neapolim
1333 3960 1499 4018 ducta,
1522 3976 1612 4023 per
1631 3975 1759 4021 quas
1885 3975 1918 4020 4
1937 3962 1983 4007 A
2003 3961 2202 4009 mismo!
2218 3962 2338 4023 ipsis
2345 3961 2638 4023 praesidiis]
2659 3964 2838 4013 smNo-

738 4026 869 4074 ultro
891 4024 1109 4087 citroque
1130 4037 1405 4074 commeare
1432 4028 1483 4071 et
1511 4022 1602 4072 sibi
1635 4022 1755 4073 invi-
1821 4022 2328 4072 lanisetSamnitibus.
2348 4024 2584 4073 Ceterum
2597 4030 2840 4077 amicae!

739 4104 849 4137 cem
885 4087 1127 4137 auxilium
1164 4088 1289 4136 ferre
1322 4086 1503 4136 Graeci
1543 4093 1755 4149 possent.
1819 4088 1916 4148 ἐμοὶ
1942 4088 2208 4147 praesidiis
2234 4086 2449 4149 reposuit
2471 4087 2713 4151 Bekker„
2733 4106 2836 4141 nee-

738 4150 856 4202 vid.
896 4167 1027 4214 supr.
1067 4164 1145 4213 23.
1220 4152 1365 4199 Haec
1406 4150 1555 4212 igitur
1595 4150 1755 4198 muni-
1819 4164 1920 4197 non
1952 4165 2042 4212 pro
2070 4152 2278 4212 ἱπᾱὶρηα
2299 4153 2400 4199 iam
2427 4152 2616 4211 liboris,
2633 4155 2836 4218 indiam

736 4220 922 4275 menta,
964 4215 1068 4263 sive
1120 4214 1319 4262 brachia
1364 4212 1560 4263 fuerant
1609 4214 1756 4262 inter·
1819 4214 1877 4262 in
1895 4214 2078 4273 uberis,
2099 4220 2299 4263 auctore
2321 4212 2592 4264 Gronovio.

736 4283 924 4339 saepta,
955 4279 1058 4327 sive
1088 4277 1379 4339 interrupta,
1418 4276 1647 4327 intercisa
1690 4278 1755 4325 ab
1885 4288 1913 4337 5
1945 4278 2206 4326 Praesidio
2223 4280 2296 4339 σι’]
2338 4276 2478 4325 Huic
2501 4276 2720 4327 militum
2743 4294 2834 4329 mae·

736 4338 993 4399 Remmia,
1025 4340 1109 4401 qui
1142 4340 1305 4389 medio
1336 4340 1466 4389 inter
1495 4346 1754 4403 utramque
1816 4338 1904 4389 nui
1923 4338 1976 4390 in
1998 4340 2294 4403 praesidium
2315 4339 2604 4393 mittendae.
2635 4340 2806 4393 Dona.
