3000 4784
726 243 855 306 476
1496 238 1722 304 ΤΙΤΙ
1777 236 1956 303 LIV
1970 238 2050 304 11

403 394 474 509 Ξῖ.
498 392 557 509 g.
579 390 690 519 {a}
730 374 1033 476 quodque
1068 376 1229 440 aeris
1256 396 1339 441 ex
1368 376 1447 439 iis
1490 375 1820 441 redactum
1849 388 1964 452 est,
1995 396 2078 440 ex
2107 398 2188 441 eo
2216 375 2398 440 aenei
2441 374 2639 439 orbes
2665 374 2854 449 faed,

614 472 643 505 ²
676 491 692 506 ·
846 462 917 526 ‘ti
960 484 1030 526 m
1058 461 1286 527 sacello
1334 461 1526 527 Sanci
1553 486 1768 527 versus
1810 462 2036 527 aedem
2085 462 2362 538 Quirini.
2455 460 2565 525 De
2613 476 2856 525 senatu

726 484 1097 613 manate
1156 549 1247 613 ita
1302 546 1652 627 decretum,
1713 561 1805 626 ut,
1865 549 1979 648 qui
2035 560 2288 613 senator
2343 546 2650 611 Priverni

726 634 1150 699 defectionem
1208 635 1287 699 ab
1350 635 1661 699 Romanis
1711 647 2059 712 manslsset,
2114 650 2286 699 trans
2337 633 2640 698 Tiberim
2723 656 2856 719 ege

729 720 973 798 eadem,
995 744 1125 808 qua
1139 720 1477 799 Veliterni,
1509 721 1839 785 habitaret.
1934 720 2058 784 His
2079 722 2169 785 ita
2195 720 2487 796 decretis,
2511 741 2730 805 usque
2759 718 2858 781 ad

729 806 1127 895 triumphum
1170 806 1404 871 Plautii
1460 807 1783 872 silentium
1825 807 1909 871 de
1953 806 2426 871 Privernatibus
2469 805 2599 869 suit
2616 830 2636 869 ε
2703 819 2858 892 post

733 893 1127 979 triumphum
1170 893 1411 970 consul,
1456 905 1697 958 necato.
1733 894 2023 958 Vitruvio
2061 893 2371 979 sociisque
2417 892 2558 956 eius
2606 914 2854 969 noxae,

412 1032 419 1041 .
734 1002 773 1043 a
814 978 907 1043 ud
934 980 1187 1044 satiatos
1206 980 1331 1043 iam
1360 980 1686 1067 suppliciis
1707 980 2075 1044 nocentium
2105 992 2310 1044 tutam
2327 978 2736 1043 mentionem
2757 978 2854 1041 de

408 1076 523 1127 Cos.
546 1075 693 1123 refert
734 1002 1207 1131 {givernatibus
1222 1078 1419 1141 ratus3
1470 1075 1489 1104 ‘
1517 1065 1837 1141 Quoniam
1858 1080 2146 1131 auctores
2167 1064 2580 1141 defectionis?
2601 1065 2850 1151 inquit,

392 1142 471 1252 :ld
492 1146 717 1252 {fugatura
735 1152 1027 1217 ‘meritas
1064 1174 1302 1239 poenas
1332 1164 1397 1215 et
1440 1152 1520 1217 ab
1549 1152 1672 1216 diis
1701 1152 2158 1217 immortalibus
2187 1164 2256 1216 et
2296 1175 2335 1215 a
2360 1151 2541 1215 vobis
2569 1150 2850 1225 habent,

408 1218 665 1318 ”zanger
736 1247 757 1277 6
772 1238 995 1304 Patres
1016 1238 1376 1326 conscripti,
1395 1238 1555 1325 quid
1582 1237 1793 1327 placet
1811 1238 1894 1303 de
1917 1239 2184 1303 innoxia
2209 1237 2630 1301 multitudine
2655 1238 2798 1301 fieri
2817 1240 2854 1300 ἲ

735 1334 756 1364 6
774 1324 1115 1413 Equidem,
1147 1326 1265 1390 etsi
1296 1347 1473 1390 meae
1503 1336 1714 1412 partes
1747 1324 2180 1412 exquirendae
2211 1324 2412 1411 magis
2451 1324 2850 1399 sententiae,

736 1421 757 1451 ‘
773 1433 968 1498 quam
1025 1410 1273 1475 dandae
1322 1424 1510 1488 sunt3
1573 1424 1808 1489 tamen,
1854 1434 2055 1497 quum
2101 1410 2373 1488 videam,
2425 1409 2854 1474 Privernatoe

736 1508 757 1537 ‘
772 1498 1013 1562 vicinos
1046 1497 1434 1562 Samnitibus
1464 1520 1618 1575 esse,
1644 1497 1817 1562 unde
1847 1520 2020 1562 nunc
2049 1497 2232 1561 nobis
2261 1496 2688 1560 incertissima
2717 1518 2852 1583 pax

738 1593 756 1623 ‘
778 1597 907 1661 est3
955 1606 1147 1699 q,uam
1188 1584 1524 1649 minimum
1576 1584 1808 1648 irarum
1859 1584 2026 1648 inter
2067 1606 2184 1647 nos
2223 1582 2512 1669 illosque,
2551 1582 2850 1669 relinqui

516 1680 619 1739 21.
736 1679 757 1709 ‘
776 1692 853 1733 ve
884 1670 898 1685 ‘
972 1717 987 1733 .
1100 1670 1323 1745 Quum
1352 1671 1489 1757 ipsa
1504 1693 1620 1757 per
1647 1692 1715 1735 se
1733 1693 1832 1734 res
1853 1691 2085 1756 anceps
2113 1681 2297 1745 oeset,
2315 1682 2506 1755 prout
2521 1668 2849 1754 cuiusque

412 1760 708 1836 prix-ematis
735 1755 1066 1841 ingenium
1111 1770 1265 1832 erat,
1302 1758 1577 1821 atrocius
1620 1757 1910 1820 mitiusve
1951 1754 2397 1831 suadentibus3
2445 1768 2582 1818 tum
2631 1754 2854 1818 incer-

400 1828 557 1889 ¹⁹⁸⁸²¹
578 1840 649 1936 ’ξ’
738 1842 899 1905 tiora
924 1841 1140 1905 omnia
1167 1864 1333 1905 unus
1376 1864 1459 1906 ex
1487 1841 1962 1907 Privernatibus
1999 1841 2222 1927 legatis
2248 1842 2421 1917 fecit,
2453 1840 2661 1926 magis
2689 1863 2848 1904 con-
2865 1877 2900 1916 ⁴

412 1905 590 2003 2221?
628 1904 674 1937 δ’
736 1926 1015 2004 ditionis,
1056 1927 1124 1990 in
1169 1950 1299 2014 qua
1338 1940 1527 1992 natus
1567 1941 1749 2006 esset,
1795 1950 1986 2015 quam
2031 1927 2378 2014 praesentis
2423 1926 2848 2003 necessitatis

736 2034 1010 2078 memor:
1074 2014 1207 2099 qui,
1254 2014 1676 2101 interrogatus
1725 2038 1765 2079 a
1806 2014 2084 2100 quodam
2137 2014 2428 2077 tristioris
2475 2014 2848 2077 sententiae

735 2112 1012 2178 auctore,
1036 2107 1256 2187 ‘quam
1275 2122 1546 2187 poenam
1570 2101 1826 2165 meritos
1843 2100 2246 2164 Privernates
2263 2099 2593 2163 censeret?
2633 2096 2851 2176 Eam,’

737 2187 966 2272 inquit,
1008 2195 1026 2225 ‘
1049 2209 1241 2273 quam
1286 2200 1628 2263 merentur,
1673 2187 1784 2273 qui
1829 2209 1896 2251 se
1939 2186 2228 2251 libertate
2269 2185 2497 2273 dignos
2532 2186 2852 2249 censent)

744 2271 947 2335 Cuius
978 2296 1178 2373 quum
1195 2272 1389 2337 feroci
1419 2295 1719 2360 responso
1749 2272 2102 2337 infestiores
2119 2272 2316 2335 factos
2345 2270 2590 2335 videret
2609 2272 2850 2335 consul

738 2380 865 2434 eost„
900 2382 1011 2445 qui
1054 2372 1201 2423 ante
1248 2358 1712 2423 Privernatium
1744 2381 1997 2423 causam
2039 2359 2533 2445 impugnabant3
2579 2370 2660 2421 ut
2705 2358 2728 2420 i

738 2445 1017 2530 benigna
1044 2445 1535 2531 interrogatione
1567 2445 1784 2509 mitius
1812 2467 2180 2532 responsum
2210 2444 2486 2521 eliceret„
2513 2452 2534 2481 ‘
2555 2380 2848 2520 Quidi’}

741 2531 1093 2617 ‘poenam,’
1147 2532 1378 2631 inquit,
1428 2541 1447 2569 6
1468 2531 1850 2595 remittimus
1891 2531 2090 2609 vobis,
2135 2530 2390 2617 qualem
2445 2552 2562 2594 nos
2604 2552 2850 2630 pacem

740 2626 761 2655 ‘
780 2618 1107 2683 vobiscum
1124 2617 1447 2682 habituros
1469 2618 1838 2705 speremus?
1887 2616 1954 2682 Si
1975 2618 2209 2681 bonam
2239 2616 2581 2692 dederitiS,’
2601 2638 2670 2679 m
2727 2618 2850 2691 uit,

742 2712 761 2740 6
780 2715 847 2768 et
864 2703 1080 2781 fidam,
1106 2716 1173 2767 et
1193 2715 1599 2790 perpetuam:
1639 2704 1690 2768 si
1715 2703 1964 2781 malam,
1987 2702 2160 2768 haud
2181 2702 2588 2768 diutumam.'
2733 2726 2849 2767 um
2865 2728 2892 2777 ε

741 2812 892 2853 vero
935 2790 1181 2867 minari,
1214 2813 1333 2853 nec
1376 2790 1441 2854 id
1484 2790 1800 2876 ambigue,
1831 2788 2266 2854 Privernatem
2299 2789 2578 2875 quidam,
2609 2800 2678 2852 et
2719 2790 2852 2852 illis

738 2875 999 2938 vocibus
1056 2875 1139 2938 ad
1195 2874 1632 2939 rebellandum
1692 2876 1944 2939 incitari
1999 2890 2252 2963 pacatos
2309 2874 2614 2961 populos:
2695 2897 2850 2961 pars

740 2957 965 3021 melior
1010 2972 1264 3023 senatus
1311 2959 1394 3024 ad
1440 2960 1704 3026 meliora
1753 2984 2122 3047 responsum
2172 2960 2440 3037 trahere,
2487 2974 2552 3025 et
2598 2960 2845 3037 dicere,

742 3050 763 3079 ‘
790 3042 945 3120 Viri,
992 3057 1059 3109 et
1100 3043 1304 3121 liberi,
1350 3068 1570 3109 vocem
1615 3047 1915 3111 auditam.
2009 3048 2121 3111 An
2164 3046 2338 3112 credi
2469 3070 2585 3123 sse,
2632 3045 2846 3110 ullum

742 3137 763 3167 ‘
782 3130 1111 3217 populum,
1142 3142 1253 3195 aut
1294 3129 1620 3195 hominem
1665 3133 1966 3219 denique,
2006 3133 2074 3197 in
2117 3156 2196 3197 ea
2238 3155 2356 3197 con
2407 3134 2624 3209 itione,
2655 3134 2846 3196 cuius

742 3225 763 3255 6
784 3238 931 3281 eum
962 3216 1304 3304 poeniteat,
1335 3215 1596 3295 diutim,
1628 3240 1822 3306 quam
1861 3241 2116 3283 necesse
2145 3220 2246 3295 sit,
2277 3218 2694 3283 mansurum?
2741 3218 2844 3283 Ibi

742 3311 763 3341 ‘
902 3325 1004 3367 em
1048 3326 1181 3368 esse
1226 3304 1443 3382 fidam,
1487 3304 1600 3368 ubi
1643 3304 1980 3369 voluntarii
2022 3305 2232 3393 pacati
2275 3305 2403 3369 sint
2419 3328 2438 3381 3
2501 3327 2716 3391 neque
2765 3328 2844 3369 eo

740 3399 759 3428 ‘
780 3325 941 3467 Raso,
966 3390 1077 3455 ubi
1098 3390 1467 3455 servitutem
1494 3412 1630 3454 esse
1653 3390 1870 3468 velint,
1895 3390 2090 3455 fidem
2109 3390 2484 3478 sperandam
2513 3392 2698 3455 esse.’
2763 3390 2844 3455 In

736 3476 905 3555 hanc
956 3478 1335 3542 sententiam
1392 3476 1668 3542 maxime
1721 3476 1939 3541 consul
1999 3478 2134 3564 ipse
2185 3477 2515 3542 inclinavit
2571 3477 2838 3554 animos,

740 3562 1092 3628 identidem
1110 3562 1192 3629 ad
1213 3563 1532 3650 principes
1547 3562 2002 3627 sententiarum
2026 3563 2404 3641 consulares»,
2427 3562 2526 3627 uti
2548 3563 2838 3627 exaudiri
2855 3573 2890 3624 6

739 3714 901 3765 Sanco
932 3716 1039 3765 iure
1070 3732 1099 3765 ο
1136 3717 1259 3767 timo
1291 3718 1538 3769 vindicata
1561 3724 1652 3778 est,
1671 3733 1753 3782 ap.
1821 3717 1980 3781 priore
2011 3718 2145 3767 bello
2183 3718 2386 3766 liberum
2421 3716 2550 3765 illud
2589 3717 2738 3779 legati
2771 3733 2838 3766 re·

740 3777 927 3826 Venut.
952 3780 1101 3827 Antie-
1138 3816 1151 3828 .
1176 3782 1225 3830 di
1250 3782 1413 3830 Roma
1434 3784 1481 3831 ii.
1509 3798 1557 3845 p.
1587 3784 1690 3845 178.
1819 3796 2050 3845 sponsum
2071 3788 2249 3830 narrat.
2284 3784 2346 3830 A.
2368 3782 2560 3830 Mnus.
2603 3832 2620 3847 ,

804 3858 835 3902 4
864 3843 1005 3890 Uram
1023 3859 1085 3892 σα·
1105 3845 1511 3906 Privernatibus]
1549 3846 1756 3921 Duplex
1885 3859 1912 3908 5
1951 3847 2072 3894 Tum
2093 3848 2232 3905 vero]
2272 3845 2402 3894 Tota
2434 3844 2528 3893 hac
2561 3844 2839 3893 narratione

739 3904 927 3955 bellum
951 3906 1207 3955 Privernas
1240 3914 1399 3956 exstat
1427 3924 1508 3972 ap.
1540 3910 1754 3970 Livium,
1820 3908 2091 3971 Dionysius
2108 3909 2407 3971 insignitera
2423 3908 2565 3957 Livio
2579 3908 2838 3969 dimpat,

740 3985 895 4019 unum
916 3986 1047 4033 supr.
1072 3970 1150 4020 vii.
1181 3970 1251 4021 16.
1270 3973 1481 4020 alterum
1500 3974 1551 4023 h.
1574 3975 1608 4022 1.
1633 3989 1652 4022 1
1819 3974 1880 4022 cf.
1900 3974 2024 4022 Exc.
2041 3972 2156 4022 Vat.
2173 3972 2257 4022 xii.
2278 3987 2353 4035 33.
2375 3972 2564 4034 quippe
2585 3972 2674 4033 qui
2695 3982 2839 4035 neget

742 4050 820 4085 αι.
857 4036 967 4083 Iam
984 4050 1094 4084 vero
1116 4036 1358 4085 consentit
1376 4036 1477 4085 Dio
1495 4038 1620 4087 Exc.
1638 3989 1756 4087 θεῖ.
1823 4037 2112 4087 Privernum
2141 4052 2172 4085 a
2197 4038 2397 4085 consule
2417 4035 2612 4083 Marcio
2633 4044 2836 4099 captum

744 4114 820 4161 31.
843 4115 957 4148 cum
984 4099 1141 4159 Livio,
1165 4100 1249 4162 qui
1282 4101 1333 4149 in
1366 4101 1461 4149 hoc
1492 4102 1758 4164 posteriore
1819 4101 1986 4161 fiiisse,
2005 4106 2063 4149 ut
2087 4116 2220 4164 supr.
2247 4101 2327 4150 vii.
2355 4098 2426 4149 16.
2461 4099 2524 4148 cf.
2549 4099 2672 4149 Vel.
2697 4100 2836 4149 Max.

739 4164 872 4213 bello
898 4178 1008 4213 eam
1040 4165 1299 4214 lectionem
1322 4166 1480 4228 ponit,
1499 4181 1648 4228 quam
1669 4180 1754 4213 au·
1819 4165 1881 4215 vi.
1907 4180 1950 4214 α.

740 4226 908 4277 dacter
928 4229 1061 4303 apud
1085 4228 1338 4278 Romanos
1358 4232 1552 4279 locutus
1579 4234 1654 4278 est
1685 4229 1752 4277 le-
1882 4226 1914 4279 6
1946 4230 2210 4291 Principes
2239 4229 2620 4288 antoniam]
2663 4244 2734 4277 sc.
2757 4229 2836 4277 Se—

737 4292 1269 4419 ῗέᾟΐὲξηῗψ·
1210 4292 1752 4419 ΒῙἪἽΞἊᾞἭ
1818 4291 2432 4418 amm&
2465 4290 2610 4354 ΡΜ
2645 4298 2834 4342 ”“““““

1040 4390 1053 4404 0
1272 4392 1285 4407 0
1410 4392 1422 4405 0
1527 4392 1542 4415 2
2433 4390 2448 4405 0
