3000 4784
716 247 838 308 114
1484 236 1708 304 ΤΙΤΙ
1767 237 2038 304 LIVII

390 389 458 440 U.
482 387 541 440 Ο.
566 385 673 451 263.
716 388 736 418 ⁶
758 377 914 443 Non
942 389 1154 442 tamen
1184 375 1528 442 admissmn
1558 377 1902 464 quicquam
1941 377 2019 441 ab
2048 376 2127 441 iis
2153 375 2555 444 criminatum
2586 372 2797 450 venio,

388 457 451 506 A.
483 452 543 506 Ο·
565 455 675 518 ⁴⁸9·
714 474 734 504 ‘
755 465 869 531 sed
917 477 1193 540 cautum,
1244 485 1328 538 ne
1385 462 1740 528 admittant.
1831 463 2054 528 Nimio
2153 462 2271 540 lus,
2333 485 2522 549 quam
2579 461 2800 538 velim,

714 561 736 592 ‘
754 562 1112 616 nostrorum
1142 549 1398 636 ingenia
1424 562 1574 614 sunt
1611 550 1884 615 mobilia.
1975 549 2054 614 M
2123 550 2204 614 tis
2233 549 2304 614 id
2340 548 2623 614 cladibus
2653 571 2802 612 sen-

716 648 736 678 ‘
752 639 979 703 simus:
1028 637 1265 724 quippe
1296 636 1410 723 qui
1438 659 1572 700 non
1593 651 1808 702 nostro
1837 638 2081 713 merito,
2105 637 2218 701 sed
2245 649 2452 700 vestra
2469 635 2799 723 patientia,

716 735 737 764 ‘
756 724 1103 790 incolumes
1131 723 1341 787 simus.
1433 722 1676 810 Magna
1703 724 1810 788 hic
1847 746 2022 788 nunc
2049 723 2424 788 Volscorum
2453 721 2802 786 multitudo

718 821 887 876 ‘estz
934 809 1071 876 ludi
1111 822 1291 874 sunt:
1338 809 1699 897 spectaculo
1738 811 1988 875 intenta
2013 811 2230 874 civitas
2269 810 2407 874 erit.
2499 807 2799 884 Memini,

718 909 737 938 ‘
758 898 919 986 quid
954 920 1071 984 per
1098 895 1366 962 eandem
1407 897 1800 962 occasionem
1839 898 1918 962 ab
1953 896 2332 961 Sabinorum
2369 896 2698 960 iuventute
2730 895 2800 958 in
2819 920 2850 953 2

720 994 739 1024 ‘
760 985 878 1050 hac
908 984 1063 1049 urbe
1105 983 1508 1048 commissum
1537 983 1656 1046 sit:
1705 983 1921 1048 horret
1958 983 2225 1061 animus,
2257 1006 2338 1046 ne
2376 982 2535 1071 quid
2575 981 2804 1046 incon-

719 1080 740 1110 ‘
760 1071 921 1136 sulte
951 1093 1025 1134 ac
1065 1083 1300 1134 temere
1328 1069 1455 1134 fiat.
1551 1068 1749 1146 Haec,
1780 1085 1995 1134 nostra
2031 1092 2139 1134 ves
2281 1092 2360 1134 ue
2391 1091 2595 1145 causa,
2624 1069 2806 1170 prius

721 1165 741 1196 ‘
760 1157 1034 1223 dicenda
1060 1155 1256 1233 vobis,
1288 1154 1596 1233 consuleS,
1627 1169 1798 1221 ratus
1825 1178 1983 1221 sum.
2081 1155 2192 1231 Qu
2306 1156 2389 1221 ad
2417 1179 2518 1220 me
2549 1169 2802 1232 attinet,

721 1254 740 1283 ‘
756 1243 1077 1330 extemplo
1115 1241 1267 1307 hinc
1305 1242 1566 1307 domum
1605 1243 1775 1308 abire
1805 1243 1874 1306 in
1913 1243 2125 1308 81111110
2166 1255 2280 1320 est,
2313 1266 2394 1308 ne
2433 1243 2614 1307 cuius
2649 1242 2803 1307 facti
2823 1264 2855 1312 3

722 1340 741 1369 ‘
760 1331 995 1396 dictive
1034 1329 1407 1416 contagione
1492 1351 1742 1394 raesens
1782 1329 2019 1395 violer)
2109 1329 2292 1394 Haec
2333 1330 2584 1408 locutus
2625 1329 2801 1394 abiit.

724 1416 1035 1482 Consules
1074 1439 1274 1503 quum
1312 1415 1396 1481 ad
1492 1429 1656 1480 atres
1699 1438 1836 1480 rem
1875 1416 2134 1482 dubiam
2172 1418 2290 1481 sub
2331 1430 2582 1481 auctore
2627 1429 2808 1482 certo

719 1503 1111 1580 detulissent,
1143 1515 1361 1568 auctor
1382 1503 1598 1589 magiS,
1622 1515 1697 1567 ut
1725 1503 1818 1580 fit,
1843 1526 2034 1590 (1118111
2054 1526 2172 1581 res,
2195 1503 2278 1568 ad
2298 1503 2807 1590 praecavendum

719 1590 823 1655 vel
879 1611 961 1653 ex
1010 1611 1397 1675 supervacuo
1457 1589 1686 1654 movit:
1761 1589 2055 1676 factoque
2113 1589 2672 1667 senatusconsulto,
2733 1603 2810 1653 ut

398 1688 567 1740 Volsci
586 1691 707 1739 urbe
722 1677 945 1740 urbem
966 1674 1351 1739 excederent
1372 1673 1610 1754 Volsci,
1641 1699 1981 1763 praecones
1998 1676 2424 1754 dimittuntur,
2449 1677 2560 1764 qui
2583 1699 2807 1741 omnes

396 1754 571 1805 exacti.

500 2111 601 2171 38.

402 2637 447 2683 A
470 2632 620 2683 Tullo

402 2698 646 2749 concitati.

722 1784 832 1828 eos
860 1761 1171 1849 proficisci
1214 1773 1361 1826 ante
1392 1775 1646 1827 noctem
1687 1763 1996 1828 iuberent.
2089 1763 2168 1827 In
2251 1785 2327 1827 ns
2363 1785 2559 1850 pavor
2596 1763 2806 1852 primo

723 1848 1143 1913 discurrentes
1200 1847 1283 1912 ad
1338 1870 1480 1912 suas
1537 1871 1637 1914 res
1687 1849 1996 1914 tollendas
2055 1851 2125 1914 in
2230 1850 2457 1938 ospitis
2510 1849 2804 1937 perculit.

724 1934 1278 2000 Proficiscentibus
1305 1935 1540 1999 deinde
1579 1935 1932 2023 indignatio
1963 1938 2218 2002 oborta:
2268 1945 2288 1975 ‘
2313 1936 2416 2014 Se,
2445 1949 2521 2001 ut
2548 1959 2810 2002 consce—

728 2031 747 2060 ‘
768 2021 996 2085 leratos
1054 2022 1657 2109 contaminatosque,
1709 2023 1789 2088 ab
1845 2022 2056 2102 ludis,
2085 2023 2258 2088 festis
2314 2023 2558 2102 diebus,
2617 2035 2810 2088 coetu

729 2117 749 2147 ⁶
769 2107 1239 2195 quodammodo
1259 2106 1591 2174 hominum
1611 2109 2024 2197 deorumque,
2049 2111 2300 2175 abactos
2321 2112 2495 2175 esse.’
2583 2109 2810 2185 Quum

770 2217 923 2282 rope
955 2195 1323 2260 continuato
1344 2196 1596 2296 agmine
1625 2196 1808 2274 irent,
1832 2219 2230 2284 praegressus
2258 2196 2485 2261 Tullus
2505 2197 2589 2260 ad
2615 2209 2810 2284 caput
2827 2225 2862 2270 4

724 2218 1159 2359 gerentinum,
1190 2293 1266 2345 ut
1293 2304 1560 2369 quisque
1589 2283 1854 2360 veniret,
1883 2285 2187 2371 primores
2215 2305 2432 2349 eorum
2462 2284 2810 2384 excipienS,

726 2366 1053 2455 querendo
1102 2367 1647 2456 indignandoque,
1700 2383 1770 2434 et
1819 2393 1926 2435 eos
1977 2371 2146 2458 ipsos
2201 2369 2421 2436 sedulo
2477 2369 2812 2436 audlentes

724 2453 1004 2519 secunda
1030 2454 1159 2520 irae
1199 2457 1407 2532 verba,
1438 2467 1506 2520 et
1533 2477 1649 2543 per
1687 2477 1795 2520 eos
1823 2457 2298 2521 multitudinem
2338 2457 2524 2522 8118111
2563 2457 2633 2521 111
2661 2459 2812 2523 sub-
2829 2477 2860 2528 5

724 2540 961 2606 iectum
1012 2542 1151 2607 viae
1202 2564 1495 2631 campum
1542 2542 1829 2607 deduxit.
1920 2543 2020 2608 Ibi
2071 2544 2140 2607 in
2182 2545 2503 2609 concionis
2545 2543 2812 2610 modum

726 2628 1079 2694 orationem
1119 2651 1399 2706 exorsus,
1437 2639 1456 2668 ‘
1474 2626 1742 2694 Veteres
1783 2630 2006 2718 populi
2047 2630 2324 2696 Romani
2367 2631 2645 2710 iniurias,
2683 2631 2814 2697 cla-

728 2723 748 2753 ‘
765 2715 1005 2802 desque
1034 2716 1241 2802 gentis
1269 2715 1665 2794 Volscorum,
1689 2729 1764 2780 ut
1792 2717 2042 2795 omnia‚’
2062 2717 2292 2805 inquit,
2327 2717 2811 2783 ‘obliviscamini

729 2809 749 2840 ‘
767 2800 908 2878 alia,
962 2801 1333 2865 hodiernam
1383 2801 1548 2866 hanc
1607 2803 2056 2869 contumeliam
2151 2827 2236 2868 uo
2287 2804 2546 2870 tandem
2596 2805 2814 2870 animo

729 2896 748 2925 ‘
764 2886 957 2963 fertis,
988 2909 1119 2973 (1118
1143 2909 1259 2973 per
1285 2903 1563 2952 nostram
1592 2889 2004 2976 ignominiam
2031 2889 2102 2956 lu
2145 2914 2214 2956 os
2241 2891 2607 2957 commisere
2625 2893 2656 2956 ἲ
2699 2893 2816 2956 An

729 2981 749 3012 ‘
766 2993 899 3036 non
956 2972 1254 3050 sensistis,
1315 2974 1774 3060 triumphatum
1830 2975 2022 3042 hodie
2079 2978 2160 3043 de
2210 2978 2388 3043 vobis
2445 3001 2578 3043 esse
2599 2979 2630 3043 Ρ
2676 2983 2817 3044 'vos

730 3066 751 3096 ‘
768 3058 1082 3136 omnibus,
1124 3059 1382 3136 civibus,
1413 3061 1780 3148 peregrinis,
1813 3075 1908 3128 tot
1943 3064 2232 3129 finitimis
2267 3065 2538 3152 populis,
2719 3078 2818 3131 ta·-

731 3152 752 3182 ‘
767 3144 914 3209 culo
965 3146 1271 3210 abeuntes
1318 3145 1560 3211 fuisse?
1630 3161 1867 3214 vestras
1925 3151 2245 3239 coniuges,
2297 3165 2535 3218 vestros
2567 3087 2816 3218 mres

732 3240 751 3270 ‘
768 3231 1087 3296 traductos
1196 3255 1227 3297 1·
1248 3255 1358 3298 ora
1375 3233 1744 3300 hominum?
1794 3236 1971 3312 Quid
1989 3261 2115 3316 eos,
2139 3240 2252 3325 qui
2275 3239 2570 3304 audivere
2590 3261 2816 3304 vocem
2833 3247 2866 3298 6

732 3255 1378 3471 :mss
1406 3321 1548 3495 8
1673 3322 2516 3477 mm
2542 3327 2817 3478 mu}

733 3490 892 3590 ‘'nisi
922 3427 1182 3577 affiuod
1209 3492 1491 3580 profecto
1519 3494 1696 3560 nefas
1723 3519 1878 3574 esse,
1910 3458 2143 3583 qu0‚'si
2179 3436 2816 3588 intersimuspspeeta-

730 3741 969 3804 ..gnificat
993 3745 1154 3804 aliter,
1185 3746 1271 3794 sed
1302 3745 1450 3794 etiam
1482 3753 1742 3810 usurpatur
1803 3748 1865 3798 cf.
1885 3749 1919 3797 i.
1945 3759 2022 3810 5ο.

731 3821 820 3868 pro
834 3821 935 3855 non
950 3809 1085 3867 bene,
1098 3807 1181 3856 ubi
1196 3823 1299 3858 rem
1314 3811 1507 3860 mollire
1521 3812 1740 3861 oratione
1869 3825 1896 3875 5
1928 3813 2153 3863 Secunda
2173 3815 2304 3874 irae]
2349 3814 2516 3863 Verba
2545 3813 2648 3864 1188
2679 3815 2818 3877 quasi

731 3884 857 3933 opus
876 3876 964 3919 est.
998 3871 1158 3921 011811.
1803 3878 2186 3927 obsecundantia
2213 3885 2280 3927 eti
2291 3878 2608 3928 blandientia.
2675 3879 2819 3928 simi-

796 3948 825 3982 8
857 3937 937 3982 Ab
956 3935 1247 3986 Sabinorum
1276 3939 1554 3999 invenstae]
1608 3939 1741 3990 Vide
1803 3941 1916 3990 liter
1928 3956 2009 4004 ap.
2025 3943 2168 3992 Ovid.
2179 3943 2412 3992 Art.Am.
2429 3943 2524 4004 584
2539 3943 2636 4007 legi
2657 3944 2819 3993 “Neu

732 4012 862 4060 supr.
890 3999 963 4049 18.
1802 4005 1994 4054 dubites
2044 4005 2120 4054 illi
2172 4009 2320 4056 verba
2370 4009 2586 4056 secunda
2631 4007 2820 4070 loqui.”

798 4075 827 4124 3
860 4065 941 4112 Ne
961 4065 1265 4125 massueti]
1292 4066 1391 4125 Ne,
1406 4064 1445 4114 81
1462 4081 1740 4117 remaneam
1806 4068 1980 4118 Dnm.

732 4131 784 4174 et
806 4141 1034 4189 praesens
1052 4128 1223 4188 adsim,
1239 4130 1291 4177 in
1310 4144 1392 4178 1118
1412 4136 1626 4180 transeat
1641 4134 1740 4181 vel·
1866 4132 1899 4183 6
1930 4135 2192 4184 Traducta
2205 4151 2301 4198 per
2320 4151 2409 4184 ora
2429 4136 2706 4196 homnium]
2733 4136 2820 4185 Al-

732 4195 796 4265 ut·
825 4205 888 4264 οξ
926 4191 1211 4265 contagione
1252 4194 1386 4267 labes
1426 4209 1487 4242 88
1529 4195 1738 4258 suspicio
1802 4197 1930 4246 ludit
1963 4201 2028 4247 ad
2061 4198 2382 4276 triumphum,
2415 4199 2468 4247 in
2500 4215 2600 4262 quo
2631 4199 2822 4274 captivi

731 4255 937 4303 alicuius
1008 4256 1269 4303 inconsulti
1350 4256 1473 4305 dicti
1545 4259 1738 4310 fictive.
1801 4262 2182 4312 mduoebuntur
2211 4277 2262 4311 m
2291 4263 2446 4312 oculis
2471 4263 2646 4326 populi
2669 4269 2820 4314 ucto-

732 4317 894 4365 Omw.
1805 4325 1886 4384 ris,
1905 4326 2049 4388 eique
2069 4327 2350 4389 spectaculo
2369 4333 2523 4376 818111..
2555 4328 2721 4377 Om-

804 4397 836 4438 4
868 4379 1031 4442 Caput
1064 4384 1406 4445 Ferentinum]
1463 4401 1528 4436 sc.
1552 4387 1740 4449 Aquae.
