3000 4784
849 228 1038 295 LIB.
1089 230 1175 295 X.
1246 228 1466 295 CAP.
1518 235 1575 295 6.
2131 236 2255 296 563

131 364 438 451 pandere
491 366 658 431 viam
695 367 880 455 fugae
927 366 1440 446 conclamassent,
1482 369 1697 456 plures
1742 369 2034 447 inermes,
2065 393 2257 457 quam
2280 390 2344 439 U.
2367 390 2425 439 0.
2451 404 2558 451 45¹·

133 453 396 529 armati,
439 453 742 518 evadunt.
835 452 982 519 Hoc
1023 453 1264 542 proelio
1301 454 1535 519 fractae
1578 456 1809 520 iterum
1846 455 2255 522 Etruscorum
2276 456 2335 503 A.
2366 456 2424 503 C·
2450 468 2557 515 30¹·

131 538 308 603 vires
331 564 350 603 t
406 552 504 616 et,
551 554 738 627 pacto
784 563 999 606 annuo
1043 541 1378 629 stipendi0,
1421 556 1488 607 et
1526 542 1727 607 duum
1774 542 2087 607 mensium
2126 543 2258 608 fru-

133 638 390 704 mento,
417 627 800 715 permissum
822 628 902 692 ab
924 628 1248 705 dictatore,
1273 640 1346 692 ut
1366 626 1450 693 de
1477 650 1633 715 pace
1663 628 1723 693 le
1806 642 1903 694 tos
1932 630 2256 695 mitterent

135 710 458 777 Romam.
553 713 688 778 Pax
741 726 1006 801 negata:
1071 713 1356 779 indutiae
1405 715 1651 779 biennii
1746 728 1923 780 ataex
1990 715 2259 781 dictator

133 798 564 887 triumphans
613 800 686 865 in
733 802 954 867 urbem
1005 800 1210 866 rediit.
1301 800 1531 866 Habeo
1582 813 1888 879 auctores,
1936 802 2073 867 sine
2124 802 2257 868 ullo

131 886 559 951 memorabili
609 886 850 974 proelio
901 900 1184 974 pacatam
1235 888 1316 951 ab
1368 887 1675 953 dictatore
1725 888 2045 953 Etruriam
2097 912 2254 966 esse,

133 971 584 1038 seditionibus
654 986 900 1038 tantum
961 975 1404 1039 Arretinorum
1463 975 1844 1062 compositis,
1910 988 1979 1040 et
2037 975 2254 1041 Cilnio

133 1080 388 1142 genere
433 1082 587 1123 cum
673 1059 814 1124 lebe
857 1060 927 1123 in
967 1060 1231 1147 gratiam
1275 1059 1555 1127 reducto.
1652 1058 1896 1125 Consul
1934 1084 2017 1125 ex
2055 1062 2255 1127 dicta-

137 1158 290 1208 tura
317 1144 538 1209 factus
645 1194 662 1209 .
685 1145 993 1211 Valeriae.
1087 1144 1242 1211 Non
1277 1158 1621 1233 petentem,
1652 1159 1843 1234 atque
1874 1146 2033 1211 adeo
2063 1148 2254 1212 etiam

135 1230 513 1309 absentem,
553 1245 834 1298 creatum
881 1232 1206 1298 credidere
1251 1232 1553 1319 quidam3
1602 1250 1669 1298 et
1713 1256 1831 1320 per
1875 1233 2256 1321 interregem

139 1339 220 1380 ea
252 1318 534 1383 comitia
553 1319 732 1385 facta.
809 1318 890 1383 Id
917 1342 1118 1385 unum
1147 1342 1278 1383 non
1307 1318 1665 1407 ambigitur,
1689 1318 2087 1385 consulatum
2108 1343 2253 1385 cum

141 1402 256 1489 Ap
304 1404 492 1469 uleio
522 1406 731 1471 Pansa
843 1407 1042 1471 ssisse.

317 1538 334 1555 .
361 1490 632 1557 Valerio
665 1506 734 1557 et
871 1492 1196 1580 Appuleio
1223 1492 1605 1570 consulibua,
1636 1493 1785 1559 satis
1817 1506 2075 1580 pacatae
2104 1493 2255 1558 foris
2399 1489 2458 1549 6·

143 1598 246 1639 res
277 1576 487 1643 fuere.
581 1578 920 1644 Etruscum
949 1579 1209 1645 adversa
1235 1578 1388 1644 belli
1421 1602 1523 1644 res
1558 1592 1625 1644 et
1652 1579 1935 1645 indutiae
1967 1579 2255 1667 quietum
2274 1573 2342 1623 U.
2366 1573 2425 1623 0·
2448 1584 2561 1634 4⁵²·

143 1664 504 1729 tenebant:
543 1664 913 1745 Samnitem,
935 1665 1276 1731 multorum
1294 1688 1605 1731 annorum
1622 1666 1904 1731 cladibus
1919 1665 2251 1743 domitum,
2272 1638 2565 1751 &3312ss

143 1748 496 1815 hauddum
523 1750 793 1818 foederis
821 1753 970 1817 novi
998 1752 1382 1841 poenitebat.
1455 1753 1701 1817 Romae
1722 1776 1979 1841 quoque
2003 1752 2255 1840 plebem
2275 1766 2338 1815 V.
2355 1766 2423 1841 q,
2439 1766 2540 1828 Ap-

144 1836 448 1922 quietam
478 1851 547 1903 et
573 1853 978 1904 exoneratam
1006 1838 1282 1904 deducta
1309 1838 1378 1902 in
1399 1839 1677 1904 colonias
1705 1839 2046 1905 multitudo
2076 1862 2257 1927 prae-
2274 1831 2582 1893 Pu¹⁰¹⁰⁰⁰⁸⁸·
2624 1904 2631 1913 ,

145 1924 378 1989 stabat.
451 1924 718 2003 Tamen,
739 1949 824 1991 ne
853 1926 1136 2013 undique
1166 1925 1542 2013 tranquillae
1565 1948 1665 1991 res
1682 1938 1912 2003 essent,
1936 1939 2255 1991 certamen
2274 1936 2545 2011 portunen-

146 2008 472 2076 iniectum
511 2012 678 2077 inter
713 2012 1020 2100 primores
1064 2012 1352 2089 civitatis,
1383 2012 1679 2100 patricios
1716 2012 2143 2099 plebeiosque,
2176 2012 2256 2077 ab
2274 2006 2403 2075 uper
2422 2005 2568 2062 μω·

151 2096 438 2162 tribunis
479 2097 680 2185 plebis
729 2098 812 2175 Q.
845 2112 909 2163 et
957 2098 1081 2164 Cn.
1111 2097 1174 2164 Ο
1333 2098 1370 2112 ”
1520 2098 1673 2173 Qui,
1719 2096 2005 2184 undique
2049 2099 2259 2163 crimi-
2273 2065 2583 2185 gffogtdgffi'.

151 2183 526 2249 nandorum
583 2185 846 2250 Patrum
905 2183 1075 2272 apud
1135 2206 1179 2271 p
1203 2184 1386 2249 ebem
1444 2183 1877 2248 occasionibus
1938 2184 2257 2271 quaesitis,
2275 2191 2514 2242 cerdotiis·

152 2283 506 2358 postquam
535 2271 657 2336 alia
683 2271 912 2336 frustra
941 2282 1184 2336 tentata
1210 2283 1410 2347 erant,
1441 2292 1583 2334 eam
1618 2269 1933 2334 actionem
1968 2292 2259 2357 suscepe-

155 2370 328 2434 runt,
363 2380 498 2445 qua
526 2381 654 2423 non
685 2356 968 2423 infimam
997 2357 1250 2446 plebem
1278 2354 1716 2433 accenderent,
1748 2354 1861 2420 sed
1890 2356 2026 2443 ipsa
2052 2356 2261 2444 capita

155 2442 384 2527 plebis,
419 2445 777 2511 consulares
807 2443 1342 2533 triumphalesque
1379 2441 1696 2530 plebeios:
1745 2465 2018 2529 quorum
2055 2443 2258 2508 hono-

159 2528 334 2596 ribus
395 2531 580 2609 nihil,
630 2546 878 2619 praeter
931 2530 1296 2607 sacerdotia,
1349 2552 1515 2616 quae
1566 2528 1851 2593 nondum
1904 2528 2259 2617 promiscua

115 2638 144 2685 3
159 2631 364 2697 erant,
397 2618 664 2684 deesset.
755 2617 1178 2705 Rogationem
1213 2638 1364 2702 ergo
1400 2614 1903 2703 promulgarunt,
1935 2628 2025 2692 ut,
2057 2638 2256 2701 quum

161 2717 470 2788 quattuor
495 2727 782 2793 augures,
813 2716 1113 2791 quattuor
1149 2702 1481 2789 pontifices
1518 2724 1596 2767 ea
1622 2714 1996 2788 tempestate
2026 2716 2255 2779 essent,

159 2789 572 2879 placeretque
625 2792 840 2879 augeri
891 2789 1284 2855 sacerdotum
1337 2810 1693 2866 numerum,
1749 2802 2049 2875 quattuor
2098 2811 2259 2875 pon-

119 2898 150 2939 4
165 2875 388 2958 tifices,
489 2878 728 2967 uinque
787 2898 1076 2965 augures,
1136 2874 1219 2939 de
1279 2874 1463 2963 plebe
1524 2898 1763 2953 omneS,
1816 2874 2255 2963 allegarentur.

119 2958 388 3055 gQuem
474 2964 734 3029 modum
801 2964 882 3029 ad
955 2974 1254 3051 quattuor
1323 2984 1636 3049 augurum
1710 2984 2068 3041 numerum,
2137 2964 2259 3027 nisi

167 3064 372 3117 morte
404 3052 694 3129 duorum,
731 3051 800 3115 id
837 3050 1041 3138 redigi
1080 3047 1418 3135 collegium
1458 3049 1756 3135 potuerit,
1788 3072 1919 3114 non
1958 3050 2254 3125 inveni03

167 3226 218 3269 et
231 3222 498 3285 Sigoniani.
550 3222 718 3285 Vulgo
730 3222 1146 3285 supernaturalium
1163 3240 1178 3269 .·
1248 3218 1390 3276 disse,
1422 3224 1474 3267 et.
1504 3218 1650 3267 sacris
1682 3234 1710 3266 e
1748 3218 2023 3279 principum
2058 3232 2259 3265 numero

170 3289 300 3345 quod
322 3288 524 3337 fortasse
555 3287 786 3335 mendum
821 3290 893 3333 est
924 3298 1182 3347 operarum
1313 3282 1503 3331 ntifices
1518 3282 1733 3345 quinque
1754 3280 2060 3343 praefecisse:
2089 3282 2173 3329 sed
2196 3296 2257 3329 ex

171 3363 257 3409 per
285 3352 470 3401 multas
500 3350 730 3413 deinceps
757 3348 1009 3405 editiones,
1029 3353 1088 3396 ut
1109 3346 1181 3403 fit,
1281 3360 1418 3393 orum
1440 3360 1643 3393 numero
1660 3360 1811 3393 unum
1830 3344 2105 3406 pontificem
2124 3361 2259 3393 mae-

170 3420 509 3479 propagatum.
543 3416 704 3464 Caav.
1244 3412 1394 3457 imum
1413 3410 1562 3457 fuisse
1591 3408 1763 3471 liquet,
1784 3408 1855 3455 ita
1877 3414 1935 3457 ut
1960 3413 2254 3457 tantummo-

236 3493 264 3541 3
297 3481 636 3543 Βοραεὶοησιη]
687 3478 833 3535 Quae
869 3481 1040 3539 postea
1075 3475 1180 3523 Lex
1246 3473 1310 3522 do
1327 3479 1558 3536 quattuor
1582 3474 1836 3535 penufius
1854 3473 2059 3521 maiores
2079 3478 2254 3521 esent.

172 3540 388 3604 Ogulnia
410 3548 582 3593 vocata
601 3548 688 3593 est.
1247 3537 1382 3587 Hinc
1420 3537 1545 3585 falso
1582 3536 1767 3585 dictum
1802 3535 1995 3583 videtur
2025 3551 2155 3598 supr.
2190 3534 2254 3585 iv.

235 3626 268 3668 4
299 3610 380 3659 De
407 3610 546 3671 plebe
581 3608 766 3666 onmes]
810 3604 1061 3663 Quoniam
1095 3618 1178 3651 au·
1245 3618 1290 3663 4.
1323 3617 1539 3663 aunum
1575 3602 1779 3649 Romulo
1819 3606 2056 3661 remonte
2097 3602 2257 3650 nullos

173 3684 314 3728 mnes
337 3671 536 3723 comitia
559 3670 790 3733 religione
809 3670 1020 3731 quadam
1052 3682 1178 3729 rege-
1233 3668 1412 3726 fuisse.
2040 3728 2049 3739 ⁶
2212 3729 2221 3740 υ

174 3734 310 3795 bant,
329 3742 477 3801 atque
499 3734 756 3799 pontifices
777 3750 854 3783 res
878 3748 1053 3792 sacras,
1073 3746 1179 3780 san-
1307 3728 1339 3779 6
1370 3730 1486 3777 Nisi
1518 3736 1667 3779 morte
1698 3730 1930 3790 dmm]
1982 3728 2032 3777 N
2034 3730 2255 3778 iebuhno

175 3803 349 3859 etaaet
359 3800 604 3863 religiosas
613 3798 1178 3855 adminismbant,max-
1243 3794 1275 3843 i.
1311 3810 1360 3843 n.
1401 3804 1507 3856 773.
1550 3794 1715 3856 placet
1752 3793 1975 3855 patribus
2012 3794 2255 3843 minorum

177 3861 260 3910 imi
287 3864 520 3913 momenti
544 3868 647 3912 erat
682 3862 814 3925 plebi
844 3866 899 3910 ut
930 3860 1092 3909 aditus
1115 3860 1178 3907 ad
1242 3858 1480 3921 gentium,
1495 3858 1681 3907 scilicet
1696 3858 1979 3919 Luceribus‚
1994 3872 2153 3920 neque
2170 3872 2253 3905 au-

177 3924 346 3982 horum
379 3942 584 3978 munera
619 3926 720 3975 suis
757 3930 960 3988 pateret,
983 3939 1045 3973 ne
1075 3924 1182 3971 iura
1243 3938 1385 3997 gures
1413 3938 1579 3985 neque
1615 3922 1871 3985 pontifices
1910 3922 2147 3971 hactenus
2180 3920 2253 3968 fu-

177 4004 264 4039 sua
279 3993 440 4043 civilia
453 3990 814 4056 quodammodo
835 3988 1178 4037 claudicarent.
1245 4002 1364 4037 isse:
1401 3986 1585 4049 quippe
1608 3986 1877 4036 Romulum
1908 4001 1969 4033 ex
2004 3986 2251 4033 Ramnen-

244 4068 269 4117 5
291 4060 331 4105 A
339 4060 376 4106 d
506 4063 618 4106 tuor
631 4070 880 4117 auant-um
894 4054 1175 4111 numerum]
1243 4052 1368 4101 sium
1402 4059 1453 4101 et
1477 4050 1768 4099 Titiensium
1800 4049 2020 4097 tribubus
2048 4062 2253 4109 augures

179 4118 282 4169 Cic.
297 4124 360 4171 de
461 4138 508 4184 p.
531 4120 580 4169 ii.
602 4134 652 4183 9.
675 4119 964 4175 Romulum,
983 4117 1066 4180 qui
1089 4115 1178 4165 sibi
1243 4116 1458 4191 singulos
1493 4120 1763 4187 cooptane,
1794 4111 1970 4173 quibus
2005 4111 2129 4160 duos
2168 4112 2252 4159 ad-

177 4192 332 4236 essent
363 4187 412 4236 in
444 4184 690 4247 auspiciis,
709 4198 771 4231 ex
801 4182 1004 4244 singulis
1029 4180 1177 4229 tribu·
1242 4180 1412 4229 iecisse
1434 4179 1687 4227 Numam:
1728 4182 1799 4225 ita
1827 4180 1883 4223 ut.
1902 4180 2131 4237 quattuor
2152 4187 2254 4223 om·

181 4246 269 4296 bus
301 4251 515 4314 singulos
549 4253 802 4311 cooptasse
831 4260 1038 4309 augures
1068 4244 1178 4293 scri-
1245 4243 1360 4291 nino
1381 4258 1587 4304 augures
1608 4241 1883 4291 evaderent.
1952 4238 2049 4288 Sed
2070 4240 2133 4287 de
2162 4240 2255 4287 hac

183 4308 274 4369 bit;
301 4330 490 4365 necnon
509 4312 730 4363 Numam
753 4325 914 4372 regem
936 4309 1001 4358 ad
1023 4307 1178 4371 pristi-
1244 4322 1296 4355 re
1317 4307 1464 4355 adeas
1485 4305 1683 4354 omnino
1709 4302 1949 4353 Niebuhr.
1973 4303 2005 4353 i.
2027 4320 2075 4353 n.
2102 4314 2209 4365 775.

183 4388 296 4424 num
335 4392 592 4429 numerum
635 4377 757 4425 duos
800 4387 1006 4434 augures
1047 4370 1178 4419 addi-

1734 4434 1911 4493 002
