3000 4784
840 175 1031 241 LIB.
1080 174 1203 241 ΙΙΙ.
1264 176 1486 241 CAP.
1537 181 1640 241 38.
2187 178 2304 239 187

168 322 397 409 tuum
442 309 740 388 libertas3
788 334 909 375 nec
936 310 1176 375 vindex
1212 311 1550 397 quisquam
1593 313 1859 389 exsistit,
1905 324 2018 376 aut
2059 310 2310 375 futurus
2329 335 2396 384 U.
2419 335 2479 383 c,
2505 348 2614 397 305·

170 396 482 461 videtur.
576 396 723 461 Nec
763 398 885 485 ipsi
928 396 1135 461 solum
1178 396 1652 484 desponderant
1693 398 1957 475 animos,
1997 397 2113 462 sed
2153 418 2308 460 con·
2327 400 2388 447 A·
2421 400 2480 449 C·
2505 412 2630 460 447:

176 484 413 546 temni
464 483 677 570 coepti
728 495 911 549 erant
958 505 999 546 a
1040 482 1341 582 finitimis·
1369 483 1655 570 populis:
1707 485 2174 584 imperiumque
2219 481 2308 546 ibi

174 590 369 646 esse,
401 569 513 633 ubi
549 592 681 633 non
710 582 875 635 esset
904 568 1177 645 libertas,
1208 568 1718 719 iuffiffi'fbmmr‘
1817 570 2034 635 Sabim
2081 590 2312 655 magna
2327 586 2496 636 Sabini

178 676 411 719 manu
462 655 890 719 incursionem
940 654 1011 717 in
1060 676 1280 739 agrum
1442 678 1703 721 manum
1753 656 1996 721 fecere:
2053 656 2116 721 la
2226 676 2308 717 ue
2326 666 2496 713 agrum

182 740 525 841 populati,
571 763 771 827 quum
815 740 1148 805 hominum
1192 754 1383 827 atque
1436 743 1758 829 pecudum
1805 742 1994 807 inulti
2046 764 2196 830 prae
2243 762 2310 803 as
2327 716 2588 839 ssfffiitffi

186 839 515 913 egissent,
559 840 819 914 recepto
862 827 946 891 ad
990 825 1280 904 Eretum,
1313 829 1488 913 quod
1538 830 1768 916 passim
1811 840 2108 917 vagatum
2153 838 2308 902 erat,

190 912 491 999 agmine,
522 925 725 1012 castra
767 913 999 990 locant,
1036 934 1215 999 spem
1258 914 1323 977 iu
1370 914 1688 981 discordia
1732 916 2025 980 Romana
2065 934 2313 1001 ponen-

194 1014 349 1075 tes;
396 1020 540 1062 eam
569 998 1099 1085 impedimentum
1129 998 1407 1064 delectui
1434 1001 1587 1065 fore.
1659 1001 1726 1066 N
1729 1024 1814 1065 on
1841 1001 2054 1067 nuntii
2085 998 2309 1075 solum,

194 1084 331 1149 sed
374 1107 493 1185 per
525 1086 749 1150 urbem
778 1086 1119 1173 agrestium
1148 1084 1301 1172 fuga
1327 1086 1816 1173 trepidationem
1845 1086 2084 1173 iniecit.
2177 1084 2316 1148 De·

194 1192 483 1235 cemvm
528 1170 909 1248 consultant,
956 1170 1115 1259 quid
1156 1194 1197 1235 o
1243 1194 1319 1235 us
1358 1171 1526 1237 sacto
1567 1173 1666 1236 sit.
1759 1172 2102 1237 Destitutis
2145 1171 2316 1235 inter

200 1257 485 1321 Patrum
516 1269 583 1321 et
611 1257 815 1344 plebis
842 1257 992 1323 odia
1018 1256 1169 1321 addi
1214 1257 1267 1322 it
1310 1270 1612 1322 terrorem
1656 1258 1802 1322 insu
1883 1278 1917 1320 r
1958 1256 2154 1321 alium
2188 1246 2316 1320 for·

204 1356 397 1407 tuna.
490 1344 709 1431 Aequi
738 1344 861 1408 alia
886 1366 970 1409 ex
998 1356 1177 1430 parte
1208 1356 1409 1407 castra
1451 1344 1521 1406 in
1553 1341 1793 1429 Algido
1845 1355 2068 1407 ocantz
2115 1342 2315 1429 depo-
2332 1350 2494 1414 Aequi
2518 1352 2643 1401 Tua-

204 1428 641 1516 pulatumque
686 1430 837 1495 inde
868 1428 1348 1494 excursionibus
1379 1427 1816 1493 Tusculanum
1861 1450 2084 1515 agrum
2126 1426 2316 1514 legati
2333 1417 2582 1465 culmum.

208 1516 299 1579 ab
334 1515 643 1593 Tusculo,
676 1516 1063 1616 praesidium
1106 1528 1375 1593 orantes,
1420 1515 1736 1580 nuntiant.
1829 1513 1893 1579 Is
1935 1536 2133 1601 pavor
2173 1534 2319 1613 per-

208 1601 390 1688 pulit
417 1602 827 1679 decemvlros,
850 1615 925 1665 ut
944 1614 1255 1677 senatum,
1274 1601 1461 1665 simul
1490 1601 1740 1666 duobus
1767 1598 2320 1665 circumstantibus

212 1688 452 1751 urbem
480 1687 681 1765 bellis,
712 1688 1131 1753 consulerent.
1223 1686 1425 1751 Citari
1455 1688 1680 1753 iubent
1707 1689 1776 1751 in
1804 1686 2047 1752 curiam
2077 1684 2318 1761 Patres,

212 1774 401 1838 haud
430 1774 652 1861 ignari,
683 1788 925 1861 quanta
964 1773 1240 1838 invidiae
1286 1773 1648 1839 immineret
1675 1785 2050 1861 tempestas:
2097 1793 2320 1836 omnes
2365 1790 2404 1825 Δ

214 1860 453 1925 vastati
481 1861 615 1946 agri
642 1859 1193 1947 periculorumque
1226 1859 1696 1924 imminentium
1725 1882 1942 1925 causas
1970 1859 2040 1923 in
2069 1880 2136 1921 se
2167 1878 2322 1923 con-

216 1958 532 2033 gesturos,
566 1946 1107 2031 tentationemque
1139 1948 1280 2011 eam
1308 1944 1441 2010 fore
1483 1945 1783 2010 abolendi
1825 1946 1946 2010 sibi
1991 1944 2324 2029 magistra·-

222 2048 353 2109 ωε,
382 2034 455 2096 ni
492 2055 805 2097 consensu
848 2031 1229 2108 resisterent,
1260 2031 1487 2117 imperi
1573 2054 1656 2095 ue
1700 2030 2051 2096 inhibendo
2095 2029 2324 2093 acriter

220 2120 297 2183 in
327 2141 563 2205 paucos
590 2118 967 2206 praeferocis
994 2118 1191 2181 animi
1221 2129 1483 2182 conatus
1577 2118 1779 2182 'orum
1807 2116 2320 2202 comprimerent.

224 2206 581 2290 Postquam
616 2204 833 2269 audita
860 2226 983 2268 vox
1029 2207 1099 2268 in
1140 2204 1277 2269 foro
1320 2215 1417 2267 est
1456 2204 1804 2291 praeconis,
1835 2202 2059 2267 Patres
2101 2201 2171 2263 in
2213 2222 2326 2264 cu·
2345 2206 2582 2255 Senatum

226 2292 393 2353 riam
438 2290 522 2354 ad
562 2290 951 2355 decemviros
992 2290 1311 2365 vocantis3
1356 2288 1533 2353 velut
1575 2311 1740 2353 nova
1781 2310 1900 2365 res,
1933 2287 2085 2387 quia
2127 2287 2325 2350 inter-
2343 2269 2622 2383 {gfff-¹2⁶²·

230 2376 537 2441 miserant
579 2376 819 2441 iamdiu
862 2399 1105 2441 morem
1148 2374 1522 2440 consulendi
1566 2388 1839 2451 senatus,
1885 2372 2326 2437 mlrabundam
2543 2367 2556 2380 '

230 2462 489 2551 plebem
519 2463 850 2539 convertit,
884 2471 904 2500 ‘
920 2462 1229 2548 quidnam
1257 2459 1602 2535 incidisset,
1633 2480 1748 2522 cur
1791 2480 1872 2522 ex
1917 2470 2095 2521 tanto
2131 2458 2329 2519 inter-

234 2560 255 2591 ‘
272 2550 439 2616 vallo
482 2572 617 2615 rem
652 2548 977 2613 desuetam
1016 2570 1131 2611 usu
1212 2557 1408 2611 arent.
1503 2542 1812 2608 Hostibus
1854 2542 2148 2628 belloque
2185 2562 2330 2627 gra·

236 2646 255 2677 ‘
276 2638 431 2701 tiam
474 2634 854 2711 habendam,
884 2633 1069 2719 quod
1104 2656 1173 2698 so
1200 2634 1358 2696 'tum
1394 2630 1737 2717 quicquam
1779 2628 2014 2693 liberae
2060 2626 2330 2692 civitatis

239 2734 259 2761 ‘
278 2722 497 2787 fieret!
588 2722 1135 2807 circumspectare
1168 2717 1462 2783 omnibus
1490 2716 1610 2781 fori
1645 2716 1924 2803 partibus
1953 2725 2329 2793 senatorem,

236 2830 505 2893 raroque
558 2830 826 2894 usquam
884 2805 1234 2870 noscitare:
1296 2804 1537 2869 curiam
1590 2802 1742 2866 inde
1793 2824 1866 2865 ac
1923 2798 2332 2864 solitudinem

186 2922 221 2969 9
240 2894 410 2958 circa
436 2894 825 2958 decemviros
866 2891 1137 2968 intueri3
1178 2912 1385 2989 quum
1428 2902 1495 2953 et
1529 2888 1660 2975 -ipsi
1704 2887 1978 2952 invisum
2021 2906 2335 2949 consensu

240 2980 601 3065 imperium,
632 2991 699 3043 et
726 2979 923 3065 plebs,
955 2978 1107 3064 quia
1134 2976 1392 3065 privatis
1434 2976 1534 3039 ius
1577 2996 1708 3038 non
1747 2984 1912 3038 esset
1940 2970 2210 3036 vocandi
2237 2992 2336 3034 se-

242 3080 485 3143 natum,
516 3087 648 3129 non
676 3064 1014 3129 convenire
1047 3064 1270 3127 Patres
1298 3062 1897 3147 interpretarentur3
1947 3058 2115 3121 ‘iam
2144 3067 2338 3143 caput

246 3160 266 3189 ‘
284 3150 425 3213 ficri
466 3150 824 3215 libertatem
867 3148 1313 3236 repetentium,
1345 3147 1399 3209 si
1442 3169 1508 3209 se
1553 3145 1732 3245 plebs
1761 3144 2058 3209 comitem
2087 3140 2338 3205 senatui

249 3246 267 3275 ‘
286 3236 415 3313 det,
444 3250 530 3313 et,
563 3234 1102 3322 quemadmodum
1132 3234 1357 3298 Patres
1383 3244 1591 3295 vocati
1635 3252 1765 3294 non
1797 3232 2024 3293 coeant
2059 3228 2128 3290 in
2157 3248 2339 3290 sena-

250 3319 273 3363 (
290 3336 444 3399 tum,
474 3324 565 3387 sic
607 3322 789 3409 plebs
820 3322 1059 3384 abnuat
1100 3318 1460 3383 delectum!
1549 3315 1732 3379 Haec
1775 3314 2056 3379 fremunt
2096 3312 2333 3400 plebes.

250 3410 513 3473 Patrum
562 3407 736 3471 haud
779 3406 909 3471 fere
956 3406 1290 3491 quisquam
1338 3402 1407 3465 in
1450 3402 1608 3478 foro,
1653 3402 1722 3465 in
1745 3402 1922 3467 ‘urbe
1969 3398 2094 3463 rari
2137 3410 2337 3463 erant.

210 3523 227 3555 ι
254 3494 639 3580 Indignitatc
691 3514 903 3556 rerum
953 3502 1273 3555 cesserant
1322 3488 1391 3551 in
1430 3509 1649 3573 agros3
1699 3508 1952 3550 suarum
2001 3509 2081 3549 ue
2126 3506 2340 3550 rerum

252 3595 449 3656 erant,
486 3580 713 3643 amissa
755 3576 1042 3666 publica:
1092 3587 1341 3639 tantum
1394 3574 1472 3637 ab
1532 3571 1764 3635 iniuria
1811 3594 1877 3634 se
1925 3594 1970 3639 a
2012 3594 2146 3635 esse
2200 3570 2340 3646 rati,

253 3678 559 3755 quantum
590 3676 635 3730 a'
657 3678 845 3731 coetu
867 3682 1335 3749 congressuque
1366 3657 1814 3745 impotentium
1843 3656 2245 3720 dominorum
2275 3678 2342 3719 se

316 3858 347 3905 9
366 3844 531 3899 Quum
552 3847 599 3890 et
622 3842 743 3902 ipsi]
776 3839 825 3887 h.
842 3854 883 3886 e.
911 3840 1073 3896 Quum
1090 3852 1151 3884 ex
1170 3850 1270 3884 una
1331 3838 1411 3893 tio,
1432 3834 1510 3883 ius
1535 3850 1634 3881 non
1657 3848 1760 3881 esse
1783 3832 1986 3881 vocandi
2009 3836 2232 3881 senatum
2257 3846 2344 3893 pu-

258 3914 389 3969 μήθ
410 3907 507 3967 ipsi
536 3904 815 3951 Decemviri
838 3902 907 3959 id,
928 3902 1060 3962 quod
1088 3916 1187 3949 non
1218 3899 1269 3946 in
1332 3904 1507 3947 tarent.
1542 3898 1756 3947 Srnoru.
1831 3896 1930 3945 Sed
1964 3912 2201 3945 omnen-m
2238 3908 2345 3955 pro-

258 3971 435 4019 curiam
463 3968 779 4016 convenirent
804 3967 991 4023 Patres,
1024 3964 1095 4011 ita
1114 3966 1265 4013 inler-
1331 3968 1441 4022 pter
1470 3976 1759 4009 consensum
1783 3960 2168 4009 decemvirorum
2199 3958 2346 4005 inter·

258 4040 585 4097 precarentur,
617 4030 754 4093 qussi
792 4029 853 4077 iis
884 4028 1111 4077 omnibus
1142 4028 1267 4075 invi·
1333 4031 1553 4087 pretatur
1577 4026 1726 4073 Doer.

260 4116 358 4155 mm
388 4097 453 4146 sit
484 4098 679 4144 illorum
710 4096 987 4155 imper-ium,
1018 4106 1081 4139 ex
1114 4092 1270 4139 altera
1403 4103 1422 4136 1
1461 4090 1772 4151 Suammque
1809 4087 2000 4144 rerum]
2065 4083 2176 4133 Suis
2207 4082 2352 4129 rebus

264 4178 367 4211 rem
400 4160 558 4224 plebs,
590 4165 851 4221 propterea
881 4172 981 4205 non
1012 4156 1269 4205 convenire
1334 4152 1505 4201 dediti.
1571 4152 1652 4201 Sic
1685 4166 1813 4212 supr.
1848 4148 1921 4211 36.
1955 4148 2235 4217 tramittunt,-
2253 4159 2352 4192 non

260 4234 435 4289 paim,
478 4227 599 4287 quia
642 4224 829 4271 Decem
838 4220 965 4279 viris,
1015 4224 1269 4280 tanquam,
1332 4232 1614 4271 causarum,
1635 4216 1720 4263 toti
1741 4220 1902 4269 eram,
1918 4217 1968 4257 et
1991 4210 2100 4256 infr.
2117 4222 2254 4255 xxm.
2278 4221 2352 4267 14.

268 4290 393 4338 finito
422 4290 521 4337 iam
558 4288 751 4335 illorum
780 4284 1083 4346 magistratu,
1100 4284 1269 4344 priva-
1339 4281 1399 4328 In
1426 4278 1536 4327 MS.
1563 4277 1748 4333 Veith„
1769 4277 1940 4323 omissa
1957 4272 2172 4333 publica.
2205 4270 2320 4321 Su.
