3000 4784
310 311 378 360 U.
402 312 462 362 C.
486 313 597 374 283.

310 377 371 430 A.
405 375 465 428 G.
487 375 597 441 469.

416 2551 518 2612 60.

312 2634 539 2692 Quinctii

310 2703 424 2752 Cos.
440 2699 587 2748 comi-

310 2771 399 2814 tae.

641 167 764 228 140
1396 160 1624 226 ΤΙΤΙ
1685 159 1952 224 LIVII

635 310 905 375 vocaret,
950 307 1338 362 concurrunt
1386 296 1470 361 ad
1513 319 1663 360 eum
1705 294 1900 382 legati
1943 290 2330 380 tribunique,
2375 302 2730 368 monente&

636 407 717 448 ne
748 384 969 469 utique
998 384 1275 470 experiri
1304 383 1495 447 vellet
1524 382 1882 470 imperium,
1913 381 2092 446 cuius
2121 380 2214 444 vis
2241 379 2449 446 omnis
2477 379 2548 442 in
2577 402 2734 443 con·
2751 404 2778 452 5

634 493 823 534 sensu
880 470 1319 535 obedientium
1376 481 1559 534 esset.
1651 468 1904 555 Negare
1965 467 2156 554 vulgo
2215 466 2466 543 milites,
2519 488 2587 529 se
2650 465 2735 530 ad

634 556 1009 621 concionem
1037 557 1270 632 ituros3
1319 556 1678 643 passimque
1719 553 2008 620 exaudiri
2033 576 2222 618 voces
2248 552 2734 640 postulantium,

634 655 710 708 ut
758 657 961 708 castra
1008 665 1092 707 ex
1138 643 1375 710 Volsco
1426 665 1578 729 agro
1627 652 2016 706 moveantur.
2109 639 2380 704 Hostem
2425 639 2738 704 victorem

634 729 850 816 paullo
896 743 1043 794 ante
1091 751 1289 817 prope
1335 729 1405 793 in
1450 728 1650 816 portis
1695 751 1770 792 ac
1815 727 1980 791 vallo
2030 727 2262 802 fuisse3
2325 725 2736 812 ingentisque
2751 731 2783 780 6

636 815 785 879 mali
814 839 945 880 non
976 816 1397 903 suspicionem
1426 815 1638 892 modo,
1662 815 1775 879 sed
1805 826 2085 900 apertam
2219 813 2382 878 ciem
2412 813 2736 878 obversari

634 915 786 966 ante
815 902 1047 967 oculos
1144 902 1369 968 Victus
1399 900 1677 978 tandem,
1708 899 2112 1001 (quandoqui
2155 923 2260 964 em
2291 898 2452 962 nihil
2479 911 2738 985 praeter

638 1002 888 1076 tempus
933 1011 1137 1054 noxae
1178 987 1605 1074 lucrarentur)
1638 1009 1896 1052 remlssa
1933 986 2262 1062 concione,
2291 987 2414 1049 iter
2453 985 2524 1048 in
2560 987 2736 1050 inse-
2757 1000 2783 1048 7

638 1089 943 1174 quentem
972 1075 1144 1140 diem
1172 1075 1568 1163 pronuntiari
1597 1095 1798 1160 quum
1827 1073 2123 1150 iussisset,
2153 1073 2359 1160 prima
2391 1071 2533 1136 luce
2570 1071 2737 1136 clas-

636 1184 769 1226 sico
806 1162 1059 1250 signum
1096 1162 1506 1249 profectionis
1543 1161 1739 1225 dedit.
1836 1159 2054 1234 Quum
2099 1159 2372 1223 maxime
2417 1181 2652 1245 agmen
2696 1182 2734 1224 e

638 1249 857 1313 castris
884 1248 1324 1337 explicaretur,
1359 1248 1598 1325 Volsci,
1629 1259 1704 1311 ut
1737 1246 1964 1312 eodem
2001 1247 2050 1310 ε’
2145 1269 2184 1310 o
2213 1245 2490 1322 excitati,
2519 1246 2736 1310 novis-

638 1335 828 1402 simos
856 1336 1245 1401 adoriuntur.
1337 1334 1403 1398 A
1434 1335 1666 1422 quibus
1697 1333 1974 1420 perlatus
2134 1333 2370 1418 primos
2401 1331 2733 1410 tumultus,

636 1443 715 1486 eo
754 1445 985 1508 pavore
1028 1423 1333 1509 signaque
1378 1435 1447 1486 et
1488 1421 1744 1486 ordines
1787 1420 2079 1496 turbavit,
2113 1431 2185 1484 ut
2221 1441 2434 1505 neque
2463 1417 2738 1505 imperia

636 1509 946 1585 exaudiri,
992 1531 1203 1594 neque
1252 1508 1479 1572 instrui
1523 1507 1688 1572 acies
1729 1519 2001 1594 possent.
2095 1505 2308 1570 Nemo
2351 1505 2562 1582 ullius,
2607 1506 2734 1570 nisi

636 1594 842 1680 fugae,
890 1617 1146 1658 memor.
1239 1594 1341 1658 Ita
1383 1595 1582 1658 effuso
1625 1593 1877 1680 agmine
1920 1615 2037 1680 per
2075 1605 2351 1679 stragem
2393 1613 2733 1678 corporum
2751 1615 2782 1661 8

637 1703 1081 1766 armorumque
1113 1703 1383 1757 evasere,
1416 1693 1490 1744 ut
1563 1680 1691 1744 rius
1719 1679 1914 1744 hostis
1943 1679 2272 1744 desisteret
2299 1679 2502 1764 sequi,
2533 1701 2734 1766 quam

641 1765 971 1830 Romanus
1020 1766 1256 1853 fugere.
1366 1703 1679 1843 Tange-em,
1728 1764 2010 1830 collectis
2059 1788 2140 1830 ex
2191 1764 2492 1852 dissipato
2541 1787 2734 1830 cursu

638 1851 963 1929 militibus,
1005 1853 1244 1930 consul,
1286 1875 1487 1940 quum
1530 1851 1884 1918 revocando
1926 1851 2356 1939 nequicquam
2397 1873 2544 1917 suos
2588 1875 2734 1939 per-

638 1951 893 2003 secutus
938 1951 1119 2016 esset,
1164 1939 1234 2003 in
1279 1951 1504 2027 pacato
1633 1962 1702 2003 ro
1747 1951 1950 2004 castra
1994 1939 2245 2026 posuit3
2299 1937 2731 2024 advocataque

638 2026 966 2103 concione,
1018 2024 1305 2090 invectus
1362 2025 1536 2090 haud
1619 2025 1748 2090 also
1805 2025 1876 2088 in
1932 2025 2320 2111 proditorem
2377 2025 2732 2090 exercitum

638 2111 927 2176 militaris
969 2111 1357 2199 disciplinae,
1388 2113 1775 2177 desertorem
1817 2112 2181 2198 signorum3
2229 2111 2340 2177 ubi
2382 2111 2582 2200 sig-na,
2623 2113 2732 2177 ubi

638 2221 814 2263 arma
878 2213 1107 2276 essent,
1176 2199 1454 2286 singulos
1527 2199 1824 2285 rogitanS,
1891 2199 2164 2262 inermes
2235 2197 2488 2276 milites,
2545 2199 2730 2286 signo

638 2285 866 2350 amisso
910 2285 1279 2372 signifer083
1330 2286 1411 2350 ad
1456 2286 1577 2350 hoc
1617 2285 2019 2349 centuriones
2057 2283 2584 2372 duplicariosque,
2615 2286 2730 2372 qui
2748 2311 2782 2359 9

636 2370 1026 2458 reliquerant
1052 2373 1326 2451 ordines,
1358 2373 1550 2459 virgis
1579 2394 1792 2436 caesos
1832 2372 2038 2436 securi
2076 2371 2400 2458 percussit.
2495 2371 2735 2439 Cetera

638 2458 981 2524 multitudo
1009 2473 1175 2525 sorte
1206 2459 1489 2524 decimus
1520 2459 1790 2546 quisque
1821 2458 1903 2522 ad
1931 2457 2310 2544 supplicium
2341 2457 2508 2523 lecti.

728 2545 973 2611 Contra
1001 2570 1078 2612 ea
1104 2547 1175 2610 in
1204 2547 1451 2634 Aequis
1480 2547 1651 2611 inter
1677 2545 2002 2610 consulem
2031 2567 2104 2609 ac
2133 2544 2401 2608 militem
2431 2547 2731 2611 comitate

636 2655 710 2696 ac
739 2633 1065 2698 beneficiis
1093 2647 1407 2698 certatum
1434 2648 1548 2698 est.
1613 2631 1700 2696 Et
1729 2645 1953 2696 natura
1979 2630 2320 2705 Quinctius
2342 2645 2478 2697 erat
2505 2631 2730 2709 lenior,

634 2731 703 2783 et
742 2721 1001 2784 saevitia
1036 2719 1257 2784 infelix
1298 2719 1598 2805 collegae,
1631 2741 1760 2804 quo
1803 2718 1857 2782 is
1899 2718 2098 2804 magis
2135 2717 2442 2804 gauderet
2468 2719 2732 2805 ingenio

635 2828 771 2882 suo,
803 2806 1112 2869 effecerat.
1208 2805 1381 2870 Huic
1412 2818 1622 2869 tantae
1653 2804 2026 2869 concordiae
2057 2802 2239 2868 ducis
2279 2805 2724 2891 exercitusque

635 2914 767 2955 non
807 2892 943 2954 ausi
984 2891 1210 2955 offerre
1254 2913 1341 2967 se,
1382 2891 1600 2976 Aequi
1647 2891 1858 2977 vagari
1905 2913 1990 2977 po
2035 2890 2432 2955 ulabundum
2480 2892 2728 2958 hostem

635 2999 753 3063 per
803 2999 985 3062 agros
1036 2977 1216 3062 passi.
1312 2976 1380 3039 N
1382 2999 1457 3040 ec
1510 2976 1642 3040 ullo
1693 2991 1840 3040 ante
1891 2977 1972 3042 be
2021 3001 2061 3042 o
2111 2976 2300 3042 latius
2349 2977 2500 3044 inde
2552 2991 2730 3042 actae

636 3061 945 3149 praedae:
1013 3063 1218 3127 omnis
1269 3063 1456 3127 militi
1500 3061 1652 3127 data
1696 3075 1810 3126 est.
1904 3062 2330 3130 Addebantur
2375 3076 2444 3129 et
2488 3063 2730 3142 laudes,

636 3150 886 3236 quibua,
912 3149 1085 3214 haud
1114 3149 1325 3216 minus
1353 3172 1548 3236 quam
1577 3149 2185 3237 praemio‚.gaudent
2207 3149 2483 3215 militum
2512 3150 2728 3219 animi.

702 3423 729 3473 5
764 3413 1002 3472 Experiri
1024 3445 1037 3460 .
1065 3447 1079 3465 .
1103 3446 1116 3460 .
1140 3447 1152 3460 .
1174 3414 1459 3474 imperium]
1517 3413 1650 3462 Peri·

636 3474 793 3524 clitari
826 3481 877 3522 et
908 3480 1115 3534 tentare,
1136 3491 1376 3537 quaenam
1408 3482 1534 3526 esset
1563 3478 1650 3524 im-

637 3538 758 3602 perii
786 3538 873 3597 vis,
894 3545 1131 3600 quantum
1163 3540 1443 3602 imperatori
1478 3541 1530 3589 in
1563 3541 1651 3589 mi-

636 3603 749 3652 lites
771 3602 950 3651 liceret.
986 3605 1146 3653 Cnssv.

640 3728 653 3741 .
701 3665 733 3716 6
754 3669 1067 3730 Immitisque
1082 3670 1224 3728 mali]
1252 3667 1303 3718 Si
1316 3669 1499 3718 milites
1515 3685 1651 3718 arma

636 3747 689 3779 in
723 3737 1064 3792 imperatorem
1108 3738 1365 3791 verterent,
1404 3739 1455 3781 et
1498 3733 1652 3781 victor

639 3795 793 3844 hostis
814 3800 971 3844 castra
992 3795 1137 3844 simul
1159 3803 1476 3858 oppugnaret.

706 3871 733 3921 7
756 3861 953 3918 Nax-ae]
982 3859 1169 3908 Milites
1184 3860 1266 3922 qui
1284 3860 1333 3907 in
1352 3875 1483 3908 noxa
1499 3866 1652 3909 erant.

639 3927 788 3972 Noa-a
820 3929 895 3970 est
929 3923 980 3971 id
1016 3939 1161 3972 omne
1191 3925 1320 3985 quod
1358 3929 1521 3982 nocet,
1553 3923 1653 3972 sive

628 3989 806 4049 ¹culpa,
828 3987 928 4035 sive
949 3988 1115 4046 laesio,
1136 3987 1237 4036 sive
1268 3987 1373 4049 ipse
1400 3987 1548 4035 homo
1571 3988 1654 4048 qui

640 4053 839 4113 culpam
862 4051 1119 4109 commisit,
1141 4052 1435 4099 damnumve
1468 4051 1652 4100 intulit.

643 4117 757 4164 Hoc
779 4115 955 4163 ultimo
974 4131 1119 4164 sensu
1147 4115 1432 4176 intelligitur
1452 4131 1512 4164 ac
1535 4117 1650 4164 defi-

640 4179 773 4228 nitur
787 4195 820 4229 α,
837 4179 1105 4232 Iustiniano
1126 4179 1285 4228 Instit.
1305 4180 1366 4227 iv.
1384 4180 1459 4228 tit.
1480 4181 1527 4228 8.
1572 4180 1652 4228 Sic

642 4249 692 4290 et
711 4245 912 4292 servitia
942 4259 1028 4305 pro
1048 4245 1217 4301 servis,
1237 4259 1412 4305 operae
1436 4259 1522 4305 pro
1544 4259 1651 4306 ope-

640 4308 767 4357 rarii
790 4306 1031 4356 dicuntur.
1065 4307 1225 4356 Cas-w.
1297 4307 1395 4357 Sed
1420 4308 1650 4370 Doering.

1715 3428 1894 3462 noxam
1923 3428 2132 3474 poenam
2154 3429 2258 3461 esse
2279 3429 2404 3477 quae
2427 3418 2628 3476 propter
2649 3415 2732 3462 de-

1716 3477 1888 3526 lictum
1918 3476 2187 3539 infligiturg
2225 3483 2283 3525 ut
2318 3493 2496 3526 noa-am
2533 3494 2731 3528 merere.

1715 3541 1824 3590 infr.
1849 3540 1946 3589 viii.
1971 3543 2046 3589 28.
2114 3543 2306 3591 Constr.
2335 3541 2730 3603 quandoquidem

1714 3605 1895 3654 milites
1931 3605 2056 3654 nihil
2095 3605 2187 3654 nisi
2227 3613 2416 3668 tempus
2450 3621 2626 3664 noa-ae,
2663 3623 2729 3655 sc.

1715 3669 1998 3718 dilationem
2055 3685 2242 3732 poenae
2283 3671 2599 3718 lucrarentur.
2669 3671 2731 3721 cf.

1717 3732 1913 3782 Brisson
1947 3735 2010 3782 de
2044 3734 2175 3797 Sign.
2213 3735 2338 3782 Voc.
2371 3739 2423 3782 et
2453 3733 2564 3782 infr.
2597 3735 2732 3785 xxvi.

1721 3811 1795 3860 29.

1782 3861 1812 3909 8
1843 3863 2089 3924 Serayem]
2145 3862 2262 3909 Non
2302 3863 2449 3909 modo
2487 3863 2550 3910 de
2587 3863 2732 3910 inter-

1717 3924 1873 3983 fectis,
1895 3927 1980 3974 sed
2001 3925 2148 3974 etiam
2183 3927 2246 3974 de
2279 3925 2427 3987 lapsis
2459 3933 2509 3973 et
2543 3942 2730 3976 coacer-

1720 3988 1856 4036 vatis.
1891 3989 2105 4038 S‘morn.

1737 4071 1742 4076 ’
1781 4067 1812 4116 9
1845 4055 2184 4114 Duplican‘os]
2223 4053 2328 4110 Qui
2362 4054 2582 4116 duplicia
2603 4054 2731 4103 ciba·

1717 4115 1789 4164 ria
1829 4119 1892 4164 ob
1931 4118 2158 4166 virtutem
2202 4118 2496 4181 acciperent.
2568 4119 2730 4168 Usita-

1717 4187 1822 4228 tum
1846 4181 1940 4229 fuit
1961 4198 2041 4244 ap.
2069 4183 2321 4230 Romanos
2349 4183 2444 4231 hoc
2472 4184 2618 4231 modo
2643 4184 2731 4231 vir-

1718 4249 1872 4293 tutem
1897 4245 2158 4294 militarem
2181 4246 2490 4296 remunerari.
2525 4248 2634 4297 infr.
2651 4247 2728 4296 vii.

1721 4319 1796 4370 37.
1829 4310 1989 4360 cmv.
2057 4311 2118 4360 cf.
2141 4313 2312 4360 Creuz.
2337 4312 2402 4361 R.
2427 4313 2544 4366 Ant.
2569 4312 2598 4370 ἓ
2623 4325 2730 4376 259.
