3000 4784
703 204 832 271 272
1479 204 1709 271 ΤΙΤΙ
1768 202 2043 271 LIVII

468 352 530 405 0·
555 362 664 416 337.
703 340 1000 419 subsidia,
1025 364 1190 443 quae
1219 342 1611 442 respicerent
1638 342 1705 407 in
1730 364 1799 406 re
1829 339 2099 427 trepida,
2116 348 2491 427 praeparata
2514 348 2727 401 erant
2760 336 2857 401 ab

470 418 529 469 0·
552 432 610 479 4¹
619 430 664 480 ⁵·
703 427 962 493 tribuno
979 428 1284 493 militamt
1331 450 1635 515 iussuque
1652 426 1961 504 eiusdem,
1980 448 2097 513 per
2111 426 2389 491 minores
2410 424 2859 510 magistratus

703 512 924 579 sedato
951 514 1024 579 in
1051 516 1208 580 urbe
1247 514 1549 593 tumultu,
1578 514 2005 602 speculatores
2044 534 2311 600 propere
2350 510 2525 575 missi
2554 510 2859 575 nuntia-

703 622 872 678 vere,
933 600 1200 666 Tusculi
1261 602 1458 667 duces
1514 602 1993 687 exercitumque
2054 621 2227 664 esset
2298 598 2553 662 hostem
2610 610 2861 660 castra

375 694 689 771 QServilius
703 686 846 752 loco
889 709 1024 753 non
1069 688 1355 753 movisse.
1450 687 1558 765 Et,
1604 687 1783 775 quod
1828 685 2177 774 plurimum
2228 684 2589 749 animorum
2638 682 2857 757 fecit,

375 760 598 810 dictator.
702 772 974 874 dictator
995 796 1078 839 ex
1099 774 1645 840 senatusconsulto
1676 774 1887 874 dictus
1920 772 2004 848 Q,
2032 770 2334 871 Servilius
2362 770 2647 869 Priscum
2710 769 2857 845 vir,

703 860 1852 1048 {fflssssuss‘sssszflessxssffiiffffix
1868 855 2863 1029 tassusseffi‘zssffissi‘ssffiz

703 1033 818 1097 uni
845 1044 1170 1098 certamen
1199 1035 1601 1099 tribunorum
1630 1046 1995 1120 suspectum
2026 1044 2174 1096 ante
2205 1052 2339 1095 rem
2370 1028 2537 1093 male

701 1118 944 1195 firerat3
991 1120 1290 1207 magistro
1307 1120 1601 1207 equitum
1624 1133 1858 1197 creato,
1881 1142 1922 1183 a
1941 1119 2117 1206 quoi
2256 1116 2513 1181 tribuno
2530 1114 2851 1179 militum

703 1204 976 1271 dictator
1019 1220 1154 1271 erat
1197 1206 1426 1283 dictus,
1461 1206 1596 1271 filio
1641 1228 1777 1283 su0,
1822 1216 1897 1270 ut
1938 1204 2103 1269 tradi
2148 1226 2253 1268 ere
2298 1201 2585 1289 quidam,
2632 1201 2851 1287 (nam

618 1306 622 1311 ’
703 1291 811 1357 alii
855 1292 1132 1358 Ahalam
1179 1292 1521 1358 Servilium
1555 1292 1925 1379 magistrum
1958 1290 2251 1377 equitum
2285 1311 2363 1353 eo
2406 1310 2585 1353 anno
2620 1287 2849 1351 fuisse

703 1379 1042 1465 scribunt‚)
1088 1402 1254 1445 novo
1297 1379 1587 1445 exercitu
1626 1378 1949 1466 profectus
1994 1377 2077 1441 ad
2116 1373 2375 1451 bellum,
2430 1374 2656 1439 accitis
2702 1374 2847 1460 qui

705 1464 973 1566 Tusculi
1007 1479 1206 1544 erant,
1243 1466 1375 1531 duo
1407 1465 1609 1530 millia
1648 1487 1945 1552 passuum
1981 1464 2063 1528 ab
2106 1463 2289 1527 hoste
2330 1460 2547 1527 locum
2594 1461 2847 1525 castris

377 350 446 403 U.

375 418 438 469 A.

703 1572 777 1615 ce
823 1564 891 1615 it.

478 1636 585 1700 47.
779 1574 1160 1703 ffransierat
1193 1661 1275 1703 ex
1311 1660 1380 1703 re
1419 1639 1587 1705 bene
1620 1650 1799 1725 gesta
1826 1636 2125 1724 superbia
2158 1658 2287 1722 neg
2313 1636 2326 1649 “
2414 1634 2687 1720 ntiaque
2740 1633 2843 1699 ad

376 1720 551 1770 vincit
703 1721 990 1821 Aequoe,
1030 1747 1196 1810 quae
1241 1725 1311 1788 in
1352 1724 1663 1790 Romanis
1696 1724 1965 1789 ducibus
2006 1722 2233 1787 fuerat.
2364 1734 2554 1807 taque
2600 1718 2837 1807 primo

374 1786 556 1836 hostes.
700 1821 914 1873 statim
941 1810 1182 1896 proelio
1213 1832 1414 1896 quum
1437 1811 1709 1876 dictator
1735 1810 2029 1911 equitatu
2056 1807 2339 1873 immisso
2360 1807 2839 1894 antesignanos

699 1894 980 1959 hostium
1039 1897 1367 1973 turbasset,
1420 1896 1749 1985 legionum
1806 1896 1959 1961 inde
2019 1896 2203 1983 signa
2258 1894 2477 1959 inferri
2534 1915 2837 1993 propere

698 1981 899 2057 iussit,
952 1981 1324 2069 signiferum
1369 2006 1452 2048 ue
1510 2006 1595 2048 ex
1653 1984 1782 2048 suis
1842 2004 2042 2047 unum
2092 1992 2501 2047 cunctantem
2548 1980 2831 2044 occidit.

699 2067 950 2133 Tantus
976 2068 1164 2134 ardor
1201 2068 1285 2133 ad
1383 2069 1751 2134 micandum
1798 2069 1941 2147 fuit,
1971 2080 2045 2133 ut
2071 2068 2383 2155 impetum
2414 2066 2635 2153 Aequi
2676 2088 2837 2131 non

699 2154 998 2221 tulerint:
1045 2156 1328 2242 victique
1373 2156 1511 2221 acie
1548 2178 1753 2243 quum
1790 2155 1945 2257 fuga
1984 2154 2194 2220 effusa
2227 2153 2539 2241 petissent
2582 2166 2831 2229 casu-a,

698 2241 951 2305 brevior
992 2254 1274 2329 tempore
1305 2254 1374 2307 et
1409 2242 1758 2307 certamine
1788 2264 1998 2307 minor
2036 2252 2383 2307 castrorum
2411 2254 2832 2326 oppugnatio

697 2325 840 2405 fuit,
895 2350 1088 2414 quam
1139 2328 1452 2415 proelium
1512 2328 1735 2394 fuerat.
1832 2326 2055 2415 Captis
2112 2326 2506 2414 direptisque
2564 2326 2829 2403 castris,

699 2434 902 2499 quum
936 2414 1238 2500 praedam
1271 2414 1544 2480 dictator
1582 2414 1770 2479 militi
1818 2413 2242 2490 concessisset,
2274 2412 2605 2498 secutique
2640 2411 2831 2499 fugi-

699 2512 914 2565 entem
973 2524 1056 2565 ex
1131 2501 1348 2567 castris
1414 2501 1665 2567 hostem
1722 2501 1971 2588 equites
2038 2500 2525 2575 renuntiassent,
2584 2520 2829 2563 omnes

372 2588 542 2665 Lavi-ei
699 2584 1054 2652 Lavicanos
1083 2589 1301 2667 victos,
1333 2610 1631 2676 magnam
1669 2600 1915 2675 partem
1946 2590 2323 2673 Aequorum
2352 2583 2624 2650 Lavicos
2650 2607 2827 2651 con·

373 2660 520 2717 ‘²¹³⁸’
697 2672 968 2760 fugisse3
1029 2686 1282 2761 postero
1332 2674 1440 2740 die
1491 2674 1576 2739 ad
1624 2673 1891 2739 Lavicos
1937 2673 2169 2738 ductus
2210 2672 2558 2737 exercitus:
2623 2673 2825 2759 oppi-
2846 2683 2876 2733 7

699 2758 1007 2844 dumque,
1043 2782 1278 2825 corona
1311 2760 1797 2837 circumdatum,
1840 2759 2021 2825 scalis
2063 2770 2323 2847 captum
2365 2780 2441 2823 ac
2482 2757 2821 2844 direptum

699 2856 811 2908 est.
904 2844 1216 2923 Dictator,
1237 2848 1527 2911 exercitu
1542 2848 1782 2913 victore
1814 2846 2089 2912 Romam
2110 2846 2397 2922 reducto,
2420 2844 2525 2909 die
2557 2858 2815 2923 octavu,

699 2950 894 3015 quam
933 2942 1180 2995 creatus
1214 2944 1370 3009 erat,
1417 2933 1788 3020 magistratu
1830 2955 1897 2998 se
1933 2932 2286 3009 abdicavit3
2334 2945 2401 2996 et
2442 2953 2529 3018 op
2616 2944 2817 2997 rtune

699 3026 978 3092 senatus,
1021 3016 1394 3103 priusquam
1437 3019 1518 3083 ab
1562 3020 1835 3085 tribunis
1883 3018 2059 3106 plebi
2108 3019 2387 3106 agrariae
2438 3040 2505 3083 se
2556 3017 2815 3097 'tionem

700 3101 1024 3167 mentione
1055 3101 1228 3168 illata
1254 3103 1338 3168 de
1481 3128 1523 3169 o
1552 3104 1875 3170 Lavicano
1900 3104 2266 3183 dividendo,
2286 3104 2535 3181 fierent,
2556 3106 2817 3170 censuit

699 3187 792 3253 sre
839 3210 1018 3268 uena,
1050 3189 1362 3255 coloniam
1464 3192 1674 3257 avicos
1702 3191 2163 3257 deducendam.
2260 3189 2497 3257 Coloni
2537 3191 2618 3255 ab
2646 3192 2815 3257 urbe
2831 3206 2862 3253 8

700 3274 788 3339 mi
835 3298 872 3340 e
905 3290 972 3341 et
1001 3276 1340 3365 quingenti
1369 3278 1543 3343 missi
1571 3279 1727 3343 bina
1753 3278 1975 3365 iugera
2002 3290 2402 3379 acceperunt.
2828 3306 2859 3355 9

373 3376 442 3428 U.
467 3376 526 3427 C.
551 3377 660 3440 338·
792 3360 1020 3449 Captis
1048 3362 1320 3442 Lavicis,
1352 3388 1428 3429 ac
1455 3365 1693 3430 deinde
1736 3364 2009 3429 tribunis
2036 3364 2313 3429 mihtum
2342 3363 2663 3429 consulari
2690 3386 2813 3452 po-

368 3442 681 3569 zrcffllss-
701 3460 947 3526 testate,
991 3450 1284 3539 Agrippa
1323 3450 1635 3517 Menenio
1681 3450 1951 3529 Lanato,
1990 3466 2057 3516 et
2098 3450 2174 3515 L.
2210 3450 2478 3516 Servilio
2528 3450 2808 3529 Structo,

367 3584 456 3683 '4²³-
475 3568 670 3684 Ψ
701 3636 1369 3749 stammas&
1402 3638 1723 3764 “sam
1786 3638 1881 3749 ,ξεῖ
1902 3636 2427 3751 &333⁰ssssae
2437 3638 2735 3751 ,tw
2652 3640 2811 3753 „132⁸

700 3762 998 3812 Lavicanam
1014 3716 1302 3813 Gabiisli'ere
1317 3765 1631 3813 desertiorem
1644 3764 1717 3813 fu-
1780 3764 1875 3813 isse
1898 3717 2064 3814 cenule’t
2086 3764 2293 3814 Niebhr.
2318 3766 2351 3815 i.
2368 3771 2471 3815 not.
2496 3780 2635 3833 1093.
2657 3768 2729 3816 ita
2750 3774 2809 3817 ut

698 3825 794 3875 isse
815 3826 1022 3889 legimus
1041 3842 1123 3889 ap.
1147 3827 1252 3877 Cic.
1276 3843 1366 3890 pro
1391 3829 1563 3877 Plane.
1588 3844 1635 3893 9.
1782 3828 1998 3891 legiones
2018 3832 2173 3879 ternis
2192 3830 2406 3879 millibus
2438 3830 2664 3893 peditum
2692 3834 2806 3881 scri-

775 3890 806 3939 8
847 3892 1118 3951 Coloniam]
1193 3892 1256 3941 Id
1298 3908 1452 3955 genus
1499 3892 1722 3941 coloniae
1784 3894 2030 3943 berentur.
2096 3894 2269 3950 Quum
2294 3908 2407 3942 vero
2428 3896 2603 3943 decem
2636 3895 2809 3953 tribus,

699 3954 834 4016 quod
879 3954 1070 4004 Graece
1113 3955 1378 4019 κληρουχία
1423 3957 1721 4019 appellatur.
1786 3972 1855 4007 sc.
1879 3957 2085 4007 dimidia.
2116 3972 2231 4020 pan
2252 3958 2489 4018 tribuum,
2508 3957 2561 4007 in
2582 3958 2679 4008 hoc
2700 3961 2803 4008 bel·

700 4019 764 4068 cf.
791 4018 978 4068 Herod.
1003 4035 1046 4068 ν.
1074 4032 1150 4082 77.
1183 4020 1372 4070 Boeck.
1396 4021 1581 4070 Oecon.
1600 4021 1721 4070 Ath.
1787 4022 1891 4069 lum
1908 4028 2038 4071 sorte
2050 4024 2231 4071 ductae
2243 4029 2422 4081 ment,
2432 4038 2565 4085 supr.
2574 4022 2655 4084 46.
2676 4026 2807 4075 uallo

689 4082 750 4134 ii.
779 4084 852 4133 18.
889 4082 1096 4133 Niebhr.
1119 4083 1169 4133 ii.
1191 4090 1296 4134 not.
1319 4096 1429 4159 9⁵⁷·
1485 4084 1725 4134 Similiter
1785 4092 1835 4135 es
1854 4088 2113 4149 qva-'nyma
2132 4086 2317 4135 milites
2336 4086 2689 4138 efficiebantur.
2742 4090 2806 4138 In

699 4146 862 4196 coloni
881 4146 1086 4197 Eoetms
1102 4147 1254 4209 missi,
1272 4148 1380 4197 Liv.
1397 4148 1447 4197 ii.
1467 4160 1544 4210 25.
1571 4148 1722 4199 Dion.
1786 4149 1881 4198 hac
1916 4165 1971 4198 re
2008 4151 2142 4201 haud
2178 4150 2327 4199 dubie
2364 4166 2513 4200 causa
2547 4152 2691 4213 latet,
2721 4168 2809 4201 cur

703 4211 767 4260 vi.
792 4225 870 4273 32·
1788 4214 1953 4263 coloni
1988 4214 2129 4263 mille
2160 4220 2212 4263 et
2242 4214 2493 4277 quingenti
2538 4213 2593 4263 in
2636 4232 2803 4280 agrum

763 4289 798 4337 9
829 4277 978 4325 Mille
1014 4283 1062 4325 ee
1097 4277 1380 4339 quingenti]
1433 4274 1587 4338 Legio
1622 4276 1723 4325 Ro·
1790 4278 2093 4329 Lavicanum
2126 4278 2259 4328 missi
2291 4278 2489 4329 fuerint.
2523 4279 2731 4331 Niebhr.
2755 4281 2803 4333 ii.

701 4350 851 4385 mana
882 4338 1152 4401 antiquitus
1183 4354 1244 4388 ex
1269 4338 1486 4402 quinque
1516 4340 1723 4389 cohorti·
1788 4344 1899 4405 958.
