3000 4784
1067 597 1459 685 EPITO
1486 601 1577 684 M
1601 601 1678 684 E
1761 600 2139 684 LIBRI
2230 601 2399 683 111.

690 1091 933 1158 SEDI
934 1095 1045 1158 TI
1045 1093 1243 1159 ONE'
1247 1093 1303 1157 S
1317 1095 1390 1156 de
1416 1094 1686 1187 aqi-ariis
1715 1093 1938 1176 leyibus
1947 1095 2185 1176 factae.
2287 1091 2680 1176 Capitolium,
2715 1091 2801 1154 ab

682 1182 980 1244 exsulibus
1007 1192 1065 1245 et
1090 1185 1276 1244 servis
1304 1175 1678 1264 occupatum,
1705 1181 1890 1241 caesis
1919 1182 1994 1241 iis
2023 1188 2321 1282 receptum
2349 1189 2452 1241 est.
2556 1178 2800 1242 Census

683 1267 773 1329 bis
800 1277 973 1330 actus
1000 1278 1102 1332 est.
1192 1267 1413 1330 Priore
1448 1267 1637 1328 lustro
1671 1287 1847 1327 censa
1875 1275 2017 1327 sunt
2051 1269 2266 1328 civium
2307 1267 2514 1348 capita
2549 1275 2799 1327 centum

682 1363 969 1457 quattuor
996 1355 1189 1418 millia
1206 1354 1461 1416 ducenta
1490 1351 1980 1436 quattuordecim,
2001 1361 2252 1435 praeter
2272 1353 2442 1413 orbos
2457 1351 2796 1435 orbasque:

680 1444 962 1524 sequenti,
983 1451 1215 1503 centum
1236 1441 1621 1523 septendecim
1643 1437 1834 1500 millia
1851 1439 2106 1499 ducenta
2127 1438 2515 1499 novendecim.
2577 1436 2800 1514 Quum

681 1525 971 1588 adversus
997 1527 1240 1610 Aequos
1268 1547 1363 1588 res
1390 1525 1548 1586 male
1567 1533 1738 1608 qesta
1767 1532 1931 1599 esset,
1961 1523 2041 1586 L.
2087 1522 2407 1600 Quinctius
2453 1523 2798 1586 Cincinna-

682 1619 781 1672 tus
820 1613 1077 1673 dictator
1097 1613 1337 1694 sactus,
1370 1632 1556 1694 quum
1585 1631 1728 1672 rure
1755 1612 2015 1672 intentus
2049 1613 2272 1671 rustico
2296 1612 2467 1693 operi
2502 1619 2672 1686 esset,
2705 1609 2804 1672 ad

680 1697 752 1758 id
775 1697 989 1760 bellum
1011 1697 1337 1780 yerendum
1367 1699 1688 1758 arcessitus
1716 1704 1816 1757 est.
1908 1694 1978 1757 Is
2005 1698 2188 1757 victos
2215 1695 2406 1757 hostes
2433 1695 2540 1758 sub
2571 1698 2794 1780 iugum

678 1784 856 1844 misit.
962 1783 1371 1845 Tribunorum
1409 1783 1598 1865 plebis
1640 1803 1924 1843 numerus
1966 1781 2295 1864 ampliatus
2337 1791 2440 1858 est,
2481 1790 2553 1844 ut
2593 1791 2796 1845 essent

676 1867 892 1943 decem,
930 1871 1229 1953 triqesimo
1262 1877 1423 1929 sexto
1457 1888 1619 1928 anno
1653 1889 1695 1928 a
1723 1869 1948 1950 primis
1981 1869 2237 1930 tribunis
2259 1868 2470 1951 plebis.
2560 1867 2793 1931 Petitis

666 1975 787 2037 per
816 1954 1057 2038 leqatos,
1088 1963 1147 2016 et
1171 1954 1377 2016 allatis
1404 1953 1629 2016 Atticis
1659 1953 1898 2036 leyibus,
1929 1954 2018 2014 ad
2042 1955 2481 2037 constituendas
2507 1976 2616 2017 eas
2631 1977 2792 2038 pro-

666 2040 1094 2124 ponendasque
1121 2041 1436 2102 decemviri
1450 2059 1574 2122 pro
1602 2039 1938 2101 consulibus
1964 2042 2091 2102 sine
2120 2040 2259 2102 ullis
2287 2040 2427 2102 aliis
2455 2043 2792 2124 mayistra-

676 2125 837 2188 tibus
874 2129 1079 2202 creati,
1110 2127 1298 2188 altero
1335 2135 1395 2186 et
1434 2127 1832 2186 trecentesimo
1869 2146 2047 2201 anm,
2079 2147 2262 2210 quam
2298 2127 2499 2188 Roma
2538 2128 2789 2190 condita

676 2221 849 2275 erat:
894 2222 969 2288 et,
1002 2222 1073 2274 ut
1098 2234 1140 2274 a
1178 2211 1413 2296 reyibus
1442 2211 1530 2272 ad
1554 2211 1836 2286 consules,
1868 2213 1959 2273 ita
1987 2235 2028 2272 a
2068 2212 2405 2274 consulibus
2432 2213 2520 2274 ad
2552 2213 2790 2276 decem-

674 2299 837 2360 viros
865 2257 1227 2360 trdnslatum
1266 2299 1600 2380 imperium.
1691 2297 1806 2372 Hi,
1838 2297 2033 2358 decem
2072 2297 2292 2359 tabulis
2331 2299 2524 2382 lequm
2541 2302 2788 2382 positis,

540 2470 543 2473 Ι
674 2404 862 2468 quum
902 2385 1157 2445 modeste
1194 2405 1256 2445 se
1282 2385 1348 2444 in
1388 2404 1452 2444 eo
1490 2382 1710 2444 honore
1747 2385 2081 2483 ,acesi-sem,
2113 2393 2172 2446 et
2207 2385 2277 2446 ob
2315 2385 2386 2445 id
2419 2387 2485 2446 in
2522 2385 2790 2448 alterum

673 2490 904 2618 W
922 2469 1505 2618 αἷῗῗὲῗῶἔὲῗεῗὲε
1503 2469 2790 2656 fixumssfflssmfflffl

670 2643 1096 2790 maqistratum
1124 2641 1443 2704 noluerunt
1468 2641 1771 2724 deponere,
1803 2649 1862 2701 et
1887 2643 1952 2702 in
1981 2643 2220 2704 tertium
2253 2663 2482 2704 annum
2521 2646 2790 2706 retinue-

922 2727 1104 2789 donec
1147 2729 1337 2788 inviso
1382 2747 1584 2788 eorum
1635 2727 1887 2828 imperio
1912 2727 2112 2806 finem
2166 2727 2376 2791 attulit
2421 2729 2601 2790 libido
2649 2729 2784 2813 Ap.

681 2811 945 2875 Claudii.
1050 2811 1194 2888 Qui,
1226 2832 1409 2894 quum
1438 2814 1505 2872 in
1534 2832 1794 2873 amorem
1823 2813 2074 2895 viryinis
2095 2814 2413 2891 incidisset,
2443 2817 2784 2892 summisso,

664 2899 781 2980 qui
804 2918 937 2958 eam
964 2898 1030 2958 in
1068 2899 1405 2958 servitutem
1423 2905 1670 2978 peteret,
1703 2900 2100 2960 necessitatem
2128 2903 2309 2982 patri
2333 2902 2460 2962 eius
2505 2899 2784 2984 Virqimb

667 2983 969 3065 imposuit,
1000 2991 1179 3064 rapto
1204 3003 1275 3042 ez
1304 2982 1554 3042 taberna
1581 2985 1867 3083 proxima
1896 2985 2107 3060 cultro,
2139 2993 2211 3046 ut
2221 2985 2441 3066 filiam
2479 2988 2785 3049 interime-

667 3076 806 3142 ret3
850 3087 1035 3150 quum
1074 3066 1252 3128 aliter
1288 3087 1419 3128 eam
1456 3068 1617 3128 tueri
1652 3089 1769 3130 non
1797 3078 2017 3152 posset,
2051 3091 2124 3132 ne
2159 3072 2226 3133 in
2265 3081 2614 3155 potestatem
2647 3083 2782 3136 stu-

657 3173 849 3236 prum
900 3152 1139 3215 illaturi
1184 3145 1423 3215 veniret.
1514 3151 1659 3215 Hoc
1703 3163 1829 3216 tam
1880 3177 2137 3240 maqnae
2187 3157 2466 3220 luxuriae
2514 3158 2781 3242 exemplo

660 3239 829 3322 plebs
867 3241 1121 3301 incitata
1160 3247 1413 3302 montem
1445 3239 1814 3302 Aventinum
1853 3262 1996 3303 occu
1985 3244 2183 3326 pavit,
2215 3245 2512 3328 coeqitque
2547 3245 2782 3307 decem-

664 3327 827 3387 viros
854 3325 1137 3387 abdicare
1162 3347 1226 3387 se
1253 3327 1636 3409 magistratu.
1725 3325 1836 3388 Ex
1864 3327 2078 3410 quibus
2106 3328 2352 3412 Appius
2381 3339 2440 3392 et
2465 3351 2624 3393 unus
2652 3331 2777 3393 col-

666 3409 957 3512 leqarum,
982 3412 1090 3494 qui
1098 3413 1427 3494 praecipue
1436 3433 1698 3494 poenam
1716 3423 2075 3491 nwruerant,
2095 3417 2160 3476 in
2177 3437 2474 3477 carcer-mi
2493 3419 2773 3492 coniecti,-

664 3497 843 3558 ceteri
867 3498 933 3558 i'n
961 3495 1232 3558 exsilium
1260 3499 1399 3558 acti.
1491 3497 1618 3558 Res
1637 3507 1956 3600 praeterea
1985 3509 2196 3562 contra
2233 3499 2508 3578 Sabinos,
2533 3511 2595 3564 et
2630 3503 2776 3566 Vol-

662 3603 809 3657 scos,
850 3590 912 3644 et
949 3582 1191 3666 Aequos
1222 3604 1514 3667 prospere
1543 3591 1746 3666 qestas
1788 3586 2060 3660 continet,
2103 3595 2162 3647 et
2185 3608 2418 3669 parum
2461 3588 2774 3652 honestum

653 3667 876 3751 populi
893 3667 1163 3731 Romani
1181 3669 1505 3731 iudicium.-
1551 3670 1722 3752 qui‚2
1699 3669 1879 3731 iudex
1899 3671 2056 3732 inter
2076 3671 2377 3746 Ardeates
2397 3681 2458 3735 et
2480 3675 2775 3738 Aricinos

660 3762 954 3836 sumptus,
984 3775 1223 3838 aqrum,
1254 3755 1359 3816 de
1354 3775 1472 3839 quo
1500 3754 1930 3838 ambiqebatur,
1961 3757 2077 3818 sibi
2102 3757 2510 3822 adiudicavit.
