3000 4784
652 198 782 261 406
1432 188 1659 257 ΤΙΤῙ
1718 186 1989 256 LIVII

331 338 400 387 U·
423 338 484 387 C·
509 350 618 402 393·
719 330 898 395 ·Priu
975 350 1123 393 uam
1166 328 1436 393 dictator
1477 326 1891 415 legionesque
1934 338 2136 393 novae
2182 326 2253 391 in
2294 325 2625 395 Hernicos
2644 350 2757 393 fe·

329 402 392 451 A.
427 404 486 453 ⁰·
511 416 620 467 ³⁵9·
656 418 888 494 nitent,
901 352 1119 481 Sdluctu
1165 414 1244 479 C.
1281 414 1549 501 Sulpicii
1595 413 1791 503 legati
1836 436 1937 479 res
1981 436 2099 502 per
2140 414 2549 481 occasionem
2590 429 2759 503 gata

463 470 522 531 7·
656 502 908 590 egregie
951 514 1066 567 est.
1159 499 1239 566 In
1277 500 1613 578 HernicoS,
1646 512 1849 567 morte
1894 500 2171 567 consulis
2215 503 2647 590 contemptim
2686 500 2761 565 ad

655 604 860 655 castra
902 588 1196 655 Romana
1242 610 1391 652 cum
1441 587 1617 652 haud
1666 587 1863 652 dubia
1912 588 2327 675 expugnandi
2378 612 2497 675 spe
2552 611 2765 653 succe-

655 676 900 754 dentes,
945 675 1240 740 hortante
1285 673 1519 761 legato,
1564 686 1631 738 et
1676 674 1883 761 plenis
1931 675 2063 739 irae
2114 687 2310 761 atque
2360 673 2765 762 indignitatis

656 763 934 827 militum
961 761 1210 838 animis,
1241 761 1492 847 eruptio
1523 772 1621 825 est
1646 760 1827 825 sacta.
1906 760 2193 826 Multum
2222 762 2305 825 ab
2302 784 2451 911 ¹‘sipe
2484 759 2767 826 adeundi

661 848 810 913 valli
848 870 950 913 res
987 846 1290 913 Hernicis
1329 848 1525 911 afuitz
1573 846 1735 911 adeo
1774 847 2043 911 turbatis
2078 847 2231 911 inde
2260 870 2303 912 o
2380 848 2603 913 inibus
2632 848 2769 913 ahs-

657 957 914 1001 cessere.
1007 934 1356 999 Dictatoris
1386 934 1623 997 deinde
1654 932 1933 998 adventu
1974 956 2177 999 novus
2202 934 2405 999 veteri
2448 934 2769 999 exercitis

659 1023 771 1087 iun
817 1022 964 1099 itur,
993 1034 1062 1085 et
1107 1020 1326 1107 copiae
1375 1019 1818 1107 duplicantur:
1867 1034 1935 1084 et
1975 1042 2093 1107 pro
2140 1020 2453 1085 concione
2494 1022 2767 1086 dictator

657 1107 766 1173 lau
813 1108 951 1173 ibus
989 1106 1182 1194 legati
1225 1106 1503 1171 militum
1548 1130 1648 1184 ue,
1680 1129 1955 1194 quorum
1988 1108 2221 1171 virtute
2262 1118 2473 1171 castra
2508 1108 2769 1173 defensa

658 1208 858 1271 erant,
883 1193 1072 1259 simul
1093 1193 1496 1259 audientibus
1587 1194 1746 1258 udes
1774 1194 2049 1271 meritas,
2073 1193 2237 1257 tollit
2258 1194 2550 1271 animos3
2582 1191 2767 1259 simul

660 1295 901 1347 ceteros
949 1280 1032 1346 ad
1077 1278 1485 1346 aemulandas
1520 1280 1784 1344 virtutes
1830 1281 2016 1345 acuit.
2110 1278 2345 1365 Neque
2384 1280 2657 1367 segnius
2688 1277 2803 1343 ads

659 1368 872 1433 hostes
899 1367 1140 1433 bellum
1169 1378 1527 1453 apparatur,
1551 1367 1683 1452 qui,
1708 1376 1775 1430 et
1796 1366 1959 1452 parti
1982 1378 2128 1429 ante
2150 1365 2398 1430 decoris
2426 1388 2767 1440 memores,

658 1476 869 1541 neque
921 1454 1126 1540 ignari
1177 1466 1503 1516 auctarum
1551 1452 1783 1517 virium
1833 1452 2051 1529 hostia,
2096 1474 2239 1516 suas
2290 1475 2559 1551 quoque
2604 1456 2767 1517 vires

657 1552 910 1626 augent.
1005 1540 1218 1605 Omne
1271 1537 1629 1603 Hernicum
1680 1560 1937 1616 nomen,
1992 1538 2197 1602 omnis
2248 1538 2547 1603 militaris
2598 1553 2766 1604 aetas

657 1626 921 1690 excitur.
1035 1625 1622 1712 Quadi-ingenariae
1696 1639 1842 1689 octo
1914 1624 2223 1703 cohortes,
2297 1623 2467 1690 lecta
2540 1627 2807 1692 robora9

657 1712 955 1788 virorum,
1015 1713 1396 1776 scribuntur.
1506 1710 1705 1776 Hunc
1764 1710 2070 1775 eximium
2128 1711 2351 1777 florem
2410 1711 2765 1777 iuventutis

657 1820 734 1861 eo
781 1798 993 1873 etiam,
1035 1796 1229 1883 quod,
1273 1810 1346 1861 ut
1391 1797 1635 1884 duplex
1680 1797 2041 1884 acciperent
2085 1798 2501 1885 stipendium,
2544 1799 2765 1865 decre·-

655 1895 896 1959 verant‚
943 1884 1080 1969 spei
1131 1883 1619 1971 animorumque
1670 1884 2061 1971 implevere.⁷
2122 1883 2483 1949 Immunes.
2548 1908 2761 1973 noque

655 1990 919 2055 operum
979 1968 1345 2033 militarium
1397 1983 1596 2047 erant,
1652 1984 1767 2050 ut,-
1796 1972 1867 2035 in
1916 1994 2120 2035 unum
2170 1993 2424 2058 pugnae
2628 1994 2763 2037 rem

653 2056 970 2133 reservati,
1079 2054 1178 2120 lus
1235 2056 1374 2133 sibi,
1428 2078 1622 2143 quam
1682 2080 1799 2144 pro
1857 2056 2023 2122 virili
2081 2070 2279 2207 parte,
2330 2057 2761 2125 annitendum

653 2142 904 2207 scirent.
1059 2155 1202 2207 xtra
1235 2142 1527 2208 ordinem
1568 2144 1761 2209 etiam
1802 2143 1871 2207 in
1910 2144 2044 2208 acie
2108 2143 2293 2221 ocati,
2372 2167 2456 2208 uo
2492 2167 2763 2233 conspe-

657 2229 818 2293 ctior
837 2230 1034 2294 virtus
1057 2242 1236 2295 esset.
1290 2230 1515 2295 Duum
1538 2230 1808 2293 millium
1826 2229 2119 2316 planities
2140 2242 2342 2295 casn-a
2424 2253 2665 2297 omana
2683 2231 2760 2296 ab

658 2314 958 2379 Hernicis
979 2315 1346 2381 dirimebat:
1383 2316 1470 2379 ibi
1499 2316 1637 2402 pari
1658 2315 1855 2381 ferme
1878 2316 2428 2403 utrimque'spatio
2448 2316 2521 2381 in
2548 2318 2760 2393 medio

327 2418 482 2466 Atrox
656 2414 1010 2489 pugnatum
1027 2414 1138 2467 est.
1181 2401 1396 2467 Primo
1413 2402 1589 2467 stetit
1605 2402 1901 2502 ambigua
1917 2424 2029 2489 spe
2045 2425 2287 2490 pugna3
2322 2404 2759 2491 nequicquam

324 2496 504 2545 pugna.
653 2510 842 2575 saepe
881 2489 1126 2553 conatis
1171 2488 1492 2575 equitibus
1532 2488 1841 2553 Romanis
1886 2489 1975 2554 im
2062 2501 2131 2553 tu
2176 2490 2429 2554 turbare
2478 2490 2759 2556 hostium

655 2575 874 2639 aciem.
945 2576 1292 2661 Postquam
1323 2598 1358 2639 e
1407 2575 1631 2640 uestris
1658 2598 1875 2725 pugna
1902 2598 1939 2639 e
1988 2588 2153 2653 ectu,
2179 2598 2373 2662 quam
2400 2578 2759 2653 conatibus,

655 2662 874 2727 vanior
935 2676 1109 2738 erat3
1179 2684 1376 2726 consu
1402 2677 1468 2727 to
1524 2662 1705 2761 prius
1800 2663 2063 2727 ictatore
2124 2664 2391 2749 equiteS,
2528 2664 2759 2729 rmiaeu

653 2747 890 2812 deinde
931 2749 1087 2825 eius,
1117 2748 1352 2813 relictis
1391 2770 1593 2835 equis,
1624 2748 1895 2813 clamore
1942 2750 2191 2836 ingenti
2233 2772 2431 2836 provo
2454 2764 2573 2813 ant
2610 2763 2755 2815 ante
2776 2772 2796 2807 ¹

651 2832 849 2918 signa,
895 2846 962 2898 et
1007 2856 1238 2898 novam
1284 2835 1611 2921 integrant
1654 2856 1975 2922 pugnam:
2040 2858 2253 2922 neque
2296 2836 2601 2900 sustineri
2644 2860 2759 2924 po·

652 2930 876 2994 terant,
919 2919 989 2981 ni
1027 2920 1562 2986 extraordinariae
1608 2923 1899 2986 cohortes
1944 2921 2081 3021 pari
2126 2944 2465 3021 corporum
2510 2923 2759 2990 animo·

457 3002 516 3060 8·
651 3025 791 3067 rum
841 3026 920 3069 ue
943 3005 1168 3069 robore
1191 3026 1258 3069 se
1281 3004 1674 3073 obiecissent.
1740 3007 1928 3073 Tunc
1958 3020 2125 3072 mter
2150 3030 2459 3094 primores
2479 3008 2754 3075 duorum

737 3027 1030 3176 piiiorum
1061 3112 1160 3155 res
1189 3090 1445 3177 geritur.
1519 3093 1849 3181 Quicquid
1877 3094 2029 3158 hinc
2058 3108 2169 3159 aut
2196 3094 2373 3159 illinc
2394 3096 2757 3161 communis

733 3200 834 3243 ars
871 3176 1022 3243 belli
1069 3177 1290 3255 aufert,
1329 3177 1687 3267 multiplex,
1720 3202 1911 3265 quam
1957 3202 2077 3267 pro
2121 3202 2409 3259 numer0‚
2442 3182 2754 3247 damnum

652 3277 784 3329 est:
850 3266 1078 3352 vulgus
1129 3265 1302 3330 aliud
1354 3279 1755 3343 armatorum,
1806 3266 1981 3331 velut
2028 3266 2321 3353 delegata
2368 3268 2756 3354 primoribus

649 3372 886 3452 pugna,
949 3365 1247 3418 eventum
1311 3374 1498 3417 suum
1564 3351 1632 3415 in
1689 3352 1923 3416 virtute
1988 3352 2197 3416 aliena
2260 3354 2459 3440 ponit.
2556 3352 2753 3419 Multi

652 3451 972 3528 utrimque
1047 3438 1303 3517 cadunt,
1377 3437 1593 3525 plures
1663 3436 1927 3503 vulnera
1994 3438 2335 3525 accipiunt.
2456 3438 2751 3505 Tandem

652 3525 900 3610 equites
949 3525 1108 3590 alius
1167 3525 1360 3590 alium
1419 3525 1838 3611 increpantes,
1905 3534 1923 3563 ‘
1992 3524 2103 3587 uid
2154 3524 2389 3589 deinde
2449 3527 2751 3605 restaret,'

652 3612 1036 3692 quaerendo,
1085 3621 1104 3650 ‘
1125 3612 1178 3675 si
1213 3634 1424 3699 neque
1455 3635 1538 3677 ex
1574 3610 1757 3697 equis
1798 3634 1927 3698 pep
1998 3611 2191 3675 'ssent
2227 3610 2501 3689 hostem,
2538 3636 2749 3702 neque

652 3702 672 3730 ‘
693 3694 941 3778 pedites
985 3698 1327 3783 quicquam
1373 3697 1681 3762 momenti
1723 3696 2054 3763 facerent?
2096 3720 2294 3784 quam
2338 3699 2595 3765 tertiam
2642 3724 2749 3765 ex·

652 3786 672 3815 ‘
692 3791 1047 3864 spectarent
1075 3803 1356 3867 pugnam
1378 3784 1408 3845 P
1451 3785 1612 3869 quid
1642 3796 1786 3848 ante
1817 3784 1997 3869 signa
2023 3782 2265 3848 feroces
2294 3784 2745 3871 prosiluissent,

2937 2628 2944 2707 ἒ

709 4006 740 4054 8
771 4004 856 4052 Aa
881 4003 1060 4077 hoste-f]
1079 4019 1158 4079 pc.
1183 4004 1332 4078 Apud
1349 4004 1527 4055 hostes.
1580 4010 1666 4055 Ad
1727 4008 2023 4059 Samnitium
2046 4009 2269 4059 cohortes
2290 4016 2447 4060 erant.
2480 4010 2592 4061 infr.
2607 4028 2656 4061 x.
2671 4026 2743 4072 40.

645 4084 733 4133 pro
746 4069 884 4131 apud
894 4082 1174 4129 saepissime
1187 4069 1444 4127 dicitur‚ut
1457 4085 1587 4133 supr.
1600 4070 1659 4119 vi.
1798 4087 1816 4120 1
1854 4074 2055 4123 Relictis
2088 4076 2251 4136 equis]
2296 4074 2453 4123 Haud
2486 4076 2639 4124 dubie
2668 4076 2745 4123 hic

646 4148 721 4195 34.
747 4134 961 4195 polemi:
981 4134 1048 4181 ad
1067 4133 1256 4195 plebem
1277 4138 1328 4181 et
1353 4136 1569 4196 ,qratiam
1596 4137 1663 4184 ad
1726 4142 1777 4185 et
1818 4136 1935 4185 alibi
1978 4136 2169 4199 equites
2210 4138 2485 4201 pedestrmn
2532 4154 2741 4203 pugnam

641 4200 842 4259 valgium
863 4199 1152 4260 quaesierat.
1181 4201 1231 4245 et
1251 4196 1360 4246 infr.
1385 4213 1432 4246 x.
1459 4212 1535 4263 ²9·
1548 4201 1657 4261 for-
1722 4199 1871 4260 cient,
1905 4199 2022 4263 quia
2052 4200 2106 4249 in
2138 4202 2334 4264 regione
2366 4202 2507 4265 equis
2545 4204 2740 4253 minime

599 4288 624 4307 0
641 4262 837 4308 midinis
853 4262 1007 4321 plena
1027 4262 1190 4309 omnia
1211 4262 1277 4309 ad
1296 4262 1450 4311 hostes
1469 4279 1585 4315 esse.
1722 4270 2002 4325 opportuna
2024 4280 2101 4313 res
2120 4266 2393 4327 gerebatur.

703 4338 734 4382 9
769 4324 1250 4383 Quadrinyevaart'ae]
1309 4325 1422 4373 Pari
1451 4342 1655 4374 numero
