3000 4784
1054 227 1566 294 EPITOMAE.
2231 235 2357 296 613

238 375 476 429 cerunt.
568 365 880 428 Adversus
924 387 1037 441 eos,
1078 375 1139 428 et
1178 366 1483 442 Lucanos,
1525 376 1584 428 et
1627 366 1927 441 Bruttios,
1959 377 2018 428 et
2059 365 2359 430 Etruscos

241 453 487 537 aliquot
520 451 773 536 proeliis
823 474 865 514 a
920 451 1324 536 compluribus
1374 453 1628 515 ducibus
1671 454 1810 514 bene
1853 461 2200 536 puqnatum
2251 463 2354 516 est.

244 539 541 623 Pyrrhus
584 538 989 622 Epirotarum
1034 561 1157 614 rex,
1200 549 1271 601 ut
1312 539 1609 602 auxilium
1633 539 1840 622 ferret
1895 539 2264 614 Tarentinis,
2297 543 2362 602 in

248 625 509 687 Italiam
538 627 711 686 venit.
819 625 1024 702 Quum
1054 628 1119 688 in
1139 626 1520 709 praesidium
1549 625 1965 710 Rheqinorum
1989 625 2139 710 leqio
2179 625 2364 689 Cam-

236 733 422 794 pana
446 733 580 772 cum
601 713 913 794 praesecto
935 711 1129 773 Decio
1159 712 1409 775 Iubellio
1430 714 1616 774 missa
1645 721 1809 788 esset,
1843 715 2049 774 occisis
2070 711 2366 796 Rheqinis

250 798 561 881 Rheqz‘um
594 799 925 880 occupavit.

794 1027 1261 1107 EPITOME
1300 1045 1588 1108 LIBRI
1623 1045 1828 1108 XIII.

274 1214 767 1283 VALERIUS
803 1199 1317 1280 LAEVINUS
1342 1216 1553 1278 consul
1570 1238 1803 1300 parum
1829 1239 2118 1301 prospere
2153 1218 2368 1280 adver-

250 1327 363 1369 sus
398 1303 716 1388 Pyrrhum
746 1305 1069 1388 puqnavit,
1102 1303 1554 1386 elephantorum
1595 1305 1852 1365 max-ime
1887 1306 2181 1365 inusitata
2191 1305 2370 1386 facie

254 1393 489 1454 territis
506 1390 810 1452 militibus.
885 1389 1041 1451 Post
1056 1389 1122 1450 id
1126 1389 1427 1472 proelium
1446 1410 1633 1474 quum
1655 1409 1910 1473 σοφίη-α
1928 1389 2366 1466 Romanorum,

254 1479 372 1564 qui
412 1479 477 1538 in
533 1478 663 1538 acie
704 1475 1058 1549 ceciderant,
1108 1475 1397 1558 Pyrrhus
1440 1478 1774 1558 inspiceret,
1821 1478 2022 1538 omnia
2073 1497 2246 1538 versa
2305 1479 2370 1536 in

256 1565 487 1626 hostem
530 1564 772 1636 invenit,
794 1561 1381 1645 populabundusque
1406 1561 1495 1622 ad
1521 1561 1725 1623 urbem
1755 1561 2018 1624 Romam
2055 1563 2364 1645 processit.

270 1649 344 1713 C.
370 1649 717 1722 Fabricius,
748 1650 965 1710 missus
991 1646 1079 1708 ad
1115 1668 1249 1708 eum
1278 1669 1319 1708 a
1348 1655 1581 1721 senatu,
1615 1657 1685 1708 ut
1717 1648 1789 1709 de
1817 1649 2174 1710 redimendis
2218 1669 2367 1730 cap-

258 1738 405 1797 tivis
438 1744 657 1818 aqeret,
670 1735 948 1816 frustra,
981 1741 1051 1795 ut
1066 1734 1345 1815 patriam
1380 1732 1688 1808 desereret,
1719 1755 1760 1795 a
1799 1756 1934 1818 reqe
1969 1743 2232 1796 tentatus
2259 1741 2362 1795 est.

272 1819 524 1904 Captivi
536 1823 663 1881 sine
680 1821 880 1901 pretio
900 1821 1135 1880 remissi
1160 1827 1317 1880 sunt.
1422 1817 1661 1894 Cineas,
1687 1819 1920 1902 leqatus
1945 1841 1988 1882 a
2009 1819 2260 1904 Pyrrho
2287 1819 2376 1882 ad

261 1915 538 1970 senatum
590 1907 825 1979 missus,
854 1907 1055 1987 petiit,
1105 1914 1177 1967 ut
1218 1905 1654 1987 componendae
1689 1909 1870 1989 pacis
1916 1928 2106 1968 causa
2152 1927 2258 1967 rex
2308 1908 2372 1966 in

265 1994 473 2056 urbem
504 1993 880 2073 reciperetur.
972 1990 1079 2052 De
1146 2011 1229 2052 ua
1260 2012 1325 2051 re
1368 2011 1554 2072 quum
1584 1990 1671 2051 ad
1677 1992 2156 2074 frequentiorem
2193 2013 2370 2053 sena-

264 2089 397 2141 tum
425 2078 646 2158 referri
670 2075 1020 2159 placuisset,
1108 2097 1175 2158 p.
1211 2074 1527 2150 Claudius,
1559 2077 1668 2157 qui
1691 2085 1948 2158 propter
1975 2077 2373 2140 valetudinem

266 2164 577 2228 oculorum
620 2163 745 2224 iam
796 2162 903 2223 diu
948 2159 1213 2222 consiliis
1249 2159 1514 2242 publicis
1563 2181 1626 2222 se
1672 2161 2062 2236 abstinuerat,
2109 2165 2272 2222 venit
2307 2165 2373 2224 in

267 2253 526 2324 curiam,
557 2257 618 2310 et
642 2249 931 2310 sententia
958 2267 1075 2308 sua
1106 2247 1315 2320 tenuit,
1347 2254 1417 2306 ut
1442 2245 1512 2307 id
1536 2245 1787 2328 Iyrrho
1816 2255 2154 2329 neqaretur.
2257 2245 2368 2310 Cn.

268 2337 585 2400 Domitius
632 2355 836 2396 censor
870 2337 1115 2418 primus
1160 2354 1231 2393 ea.-
1266 2331 1438 2416 plebe
1486 2331 1744 2394 lustrum
1794 2333 2073 2394 condidit.
2179 2330 2373 2396 Censa

268 2431 415 2486 sunt
456 2424 675 2483 civium
717 2423 924 2504 capita
968 2420 1224 2481 ducenta
1266 2421 1651 2502 septuaginta
1695 2427 1823 2480 octo
1866 2418 2079 2494 millia,
2117 2419 2374 2482 ducenta

268 2509 487 2592 viyinti
528 2507 663 2568 duo.
756 2507 991 2569 Iterum
1043 2506 1331 2566 adversus
1377 2503 1696 2588 Pyrrhum
1740 2503 1920 2566 dubio
1965 2515 2174 2566 eventu
2208 2527 2374 2588 puy-

270 2604 485 2658 natum
532 2603 633 2656 est.
737 2591 891 2656 Cum
962 2589 1560 2676 Carthayiniensibus
1616 2598 1902 2675 quartum
1923 2591 2152 2672 foedus
2203 2613 2376 2652 reno-
2497 2583 2505 2588 ’

270 2690 481 2744 vatum
504 2689 605 2742 est.
711 2678 917 2756 Quum
951 2676 1019 2741 C'.
1042 2677 1329 2738 Fabricio
1346 2676 1578 2740 consuli
1595 2677 1667 2752 is,
1689 2678 1797 2760 qui
1816 2677 1904 2737 ad
1915 2697 2047 2738 eum
2067 2699 2108 2738 a
2125 2677 2376 2760 Pyrrho

273 2767 712 2850 transfuqerat,
763 2764 1169 2848 polliceretur,
1228 2785 1291 2824 se
1340 2765 1473 2846 reqi
1527 2783 1812 2824 venenum
1869 2763 2176 2838 daturum,
2239 2783 2376 2824 cum

270 2853 496 2916 indicio
516 2853 603 2914 ad
629 2873 822 2936 reqem
841 2851 1121 2912 remissus
1137 2859 1239 2911 est.
1330 2847 1457 2910 Res
1473 2859 1794 2932 praeterea
1818 2859 2027 2911 contra
2056 2849 2374 2926 Etruscos,

274 2940 583 3014 Lucanos,
608 2937 908 3011 Bruttios,
940 2945 999 2998 et
1032 2934 1333 2998 Samnites
1351 2956 1641 3019 prospere
1662 2943 1865 3020 qestas
1893 2938 2164 3000 continet.

810 3182 1283 3248 EPITOME
1321 3181 1613 3245 LIBRI
1647 3183 1846 3244 XIV.
1935 3150 1938 3153 ’

280 3350 754 3420 PYRRHUS
777 3353 839 3414 in
877 3349 1149 3413 Siciliam
1181 3349 1433 3410 traiecit.
1539 3345 1741 3424 Quum
1763 3349 1918 3408 inter
1944 3347 2073 3408 alia
2091 3347 2382 3430 prodiqia

260 3438 535 3524 fulmine
552 3439 836 3500 deiectum
859 3445 1008 3498 esset
1026 3439 1091 3498 in
1113 3433 1411 3518 Capitolio
1432 3431 1600 3502 Iovis
1627 3434 1884 3515 siqnum,
1909 3442 2097 3514 caput
2119 3436 2246 3493 eius
2265 3454 2383 3515 per

280 3528 631 3609 haruspices
669 3526 971 3586 inventum
1018 3531 1119 3584 est.
1223 3520 1449 3584 Curius
1491 3519 1820 3592 Dentatus,
1864 3539 2048 3601 quum
2095 3519 2380 3582 delectum

282 3613 543 3686 liaberet,
574 3613 719 3686 eius,
750 3612 859 3694 qui
896 3611 1116 3670 citatus
1160 3629 1277 3670 non
1321 3605 1730 3689 responderat,
1763 3604 1916 3666 bona
1947 3607 2198 3689 primus
2241 3627 2382 3668 ven-

283 3699 455 3762 didit.
548 3697 867 3781 Pyrrhum
896 3697 1113 3758 iterum
1146 3715 1217 3754 es:
1250 3691 1467 3754 Sicilia
1496 3693 1561 3752 in
1590 3689 1847 3755 Italiam
1891 3713 2190 3754 reversum
2219 3695 2380 3767 vicit,

283 3794 345 3848 et
384 3783 579 3846 Italia
624 3782 869 3868 expulit.
960 3781 1287 3843 Fabricius
1328 3798 1534 3840 censor
1581 3776 1660 3840 P.
1695 3775 2038 3841 Cornelium
2084 3778 2384 3859 Rufinum

288 3871 659 3934 consularem
702 3877 915 3930 senatu
959 3868 1157 3941 movit,
1188 3865 1349 3949 quod
1388 3867 1442 3926 is
1484 3864 1680 3926 decem
1713 3866 1924 3950 pondo
1967 3865 2386 3948 arqentifacti

287 3957 544 4020 haberet.
644 3955 876 4018 Lustro
935 3975 975 4014 a
1035 3951 1369 4015 censoribus
1426 3951 1678 4028 condito,
1741 3973 1918 4013 censa
1975 3958 2120 4012 sunt
2173 3951 2384 4033 capita

289 4046 507 4106 civium
536 4043 793 4104 ducenta
821 4041 1209 4126 septuaqinta
1232 4060 1416 4102 unum
1446 4038 1660 4114 millia,
1683 4038 1938 4098 ducenta
1967 4037 2181 4117 viqinti
2207 4043 2387 4117 quat-

290 4139 443 4192 tuor.
458 4160 475 4171 ⁶
544 4129 701 4192 Cum
726 4127 1066 4190 Ptolemaeo
1096 4127 1365 4210 Aeyypti
1382 4147 1516 4207 reye
1543 4125 1790 4186 societas
1810 4125 2017 4182 iuncta
2039 4129 2139 4183 est.
2239 4120 2388 4182 Sex-

290 4216 425 4278 tilia
442 4217 613 4298 virqo
646 4213 920 4289 Vestalis,
940 4215 1232 4275 damnata
1252 4213 1475 4284 incesti,
1496 4213 1635 4272 viva
1652 4209 1888 4289 defossa
1917 4217 2018 4268 est.
2105 4205 2388 4268 Coloniae

292 4303 578 4365 deductae
616 4309 761 4362 sunt
794 4299 1123 4362 Posidonia
1162 4307 1219 4360 et
1264 4297 1440 4361 Cosa.
1544 4295 2134 4376 Cartkaqiniensium
2180 4293 2388 4356 classis
