3000 4784
632 204 714 264 32
1394 199 1619 267 ΤΙΤΙ
1680 200 1950 269 L1V11
2982 137 2985 232 l

307 348 371 396 In
385 347 461 397 iun
473 363 612 398 νοω-
629 335 927 402 horrendi
978 336 1274 400 carminis
1324 349 1498 402 erat:
1564 345 1585 376 ‘
1606 337 1947 404 Duumviri
1995 335 2497 426 perduellionem
2550 333 2727 400 iudi·
2744 353 2781 404 5
2982 289 2984 348 γ

303 417 399 462 tur.
629 430 652 461 ‘
671 436 837 488 cent.
933 421 1002 488 Si
1052 446 1091 488 a
1139 424 1490 488 duumviris
1532 427 1903 511 provocarit,
1954 424 2396 512 provocatione
2440 437 2685 487 certato
2702 448 2723 487 z

630 518 652 549 ‘
670 510 724 574 si
753 510 1027 586 vincent,
1051 523 1242 610 caput
1269 510 1607 575 obnubito:
1640 511 1877 576 infelici
1906 511 2111 576 arbori
2134 521 2295 575 reste
2317 509 2721 596 suspendito:

631 605 653 636 ‘
671 597 997 661 verberato
1021 596 1122 661 vel
1141 609 1309 662 intra
1327 598 1744 684 pomoerium,
1767 598 1869 663 vel
1890 611 2071 663 extra
2090 596 2525 684 pomoerium.’
2574 595 2725 660 Hac

628 681 768 770 lege
792 683 1110 748 duumviri
1137 683 1350 760 creati,
1375 684 1488 770 qui
1518 707 1585 748 se
1615 684 1934 749 absolvere
1965 707 2095 748 non
2124 683 2423 748 rebantur
2450 705 2527 746 ea
2552 682 2723 770 lege,

629 793 710 834 ne
762 769 1095 834 innoxium
1187 770 1422 846 uidem,
1469 793 1672 857 posse,
1718 794 1917 856 quum
1962 770 2522 844 condemnassent3
2578 781 2779 834 tum6

627 855 787 920 alter
814 879 896 920 ex
924 855 1042 932 his,
1087 865 1107 894 ‘
1184 904 1201 920 .
1237 855 1486 934 Horati,
1519 857 1635 921 tibi
1662 857 2163 944 perduellionem
2192 855 2443 932 iudice,’
2484 855 2719 941 inquit.

631 951 651 980 ‘
673 941 727 1020 I,
757 941 959 1019 lictor,
1000 942 1230 1029 colliga
1263 944 1526 1007 manus?
1612 943 1987 1008 Accesserat
2024 943 2224 1018 lictor,
2268 941 2723 1028 iniiciebatque

625 1028 942 1116 laqueum.
1035 1029 1206 1092 Tum
1253 1027 1579 1107 HoratiuS‚
1632 1043 1887 1094 auctore
1938 1029 2150 1106 Tulle,
2202 1027 2516 1093 clemente
2558 1027 2723 1113 legis

623 1115 988 1202 interprete,
1033 1123 1053 1153 ‘
1074 1115 1398 1193 Provoc0,’
1439 1115 1509 1179 in
1556 1116 1668 1180 uit.
1760 1114 1860 1180 Ita
1901 1116 1982 1180 de
2024 1114 2470 1202 provocatione
2516 1126 2724 1178 certa-
2742 1133 2777 1181 7

625 1214 763 1266 tum
807 1200 889 1266 ad
921 1201 1234 1352 Boii-Imm
1279 1215 1390 1267 est.
1562 1203 1655 1267 oti
1705 1201 1995 1268 homines
2036 1213 2186 1266 sunt
2228 1201 2297 1264 in
2340 1223 2417 1265 eo
2456 1199 2720 1277 iudicio,

624 1288 898 1352 maxime
979 1336 994 1352 .
1089 1288 1287 1354 oratio
1315 1299 1494 1375 patre
1524 1288 1971 1375 proclamante,
1994 1311 2061 1352 se
2082 1287 2278 1352 filiam
2308 1287 2445 1350 iure
2467 1309 2721 1350 caesam

623 1374 932 1440 iudicare:
981 1375 1050 1439 ni
1079 1376 1170 1439 ita
1197 1389 1378 1452 esset,
1409 1375 1614 1462 patrio
1644 1375 1779 1440 iure
1810 1376 1878 1438 in
1906 1375 2109 1438 filium
2138 1373 2724 1439 animadversurum

622 1459 832 1526 fuisse.
885 1460 1126 1526 Orabat
1154 1462 1408 1538 deinde,
1432 1485 1515 1526 ne
1544 1484 1633 1538 se,
1702 1483 1851 1526 uem
1879 1461 2094 1548 paullo
2122 1474 2269 1525 ante
2292 1481 2441 1523 cum
2462 1460 2725 1546 egregia

623 1547 818 1633 stirpe
866 1548 1358 1634 conspexissent,
1403 1548 1629 1613 orbum
1658 1485 1893 1612 (liberis
1942 1547 2239 1612 facerent.
2338 1544 2518 1610 Inter
2558 1545 2725 1610 haec

623 1655 841 1709 senex,
881 1634 1177 1697 iuvenem
1207 1633 1569 1720 amplexus,
1599 1655 1629 1698 s
1713 1633 1799 1697 lia
1831 1631 2261 1699 Curiatiorum
2288 1632 2419 1696 fixa
2445 1654 2523 1696 eo
2551 1631 2721 1732 lpco,

625 1719 737 1819 qni
783 1741 956 1783 nunc
995 1718 1139 1783 Pila
1177 1718 1447 1783 Horatia
1487 1742 1649 1806 appe
1736 1732 1858 1797 tur,
1906 1732 2248 1797 ostentam,
2292 1727 2312 1757 ‘
2335 1717 2723 1796 Hunccme,’
2738 1735 2777 1783 8

624 1806 850 1882 alebat,
894 1813 915 1842 ‘
935 1827 1128 1892 quem
1158 1805 1349 1870 modo
1387 1805 1755 1870 decoratum
1792 1818 2215 1892 ovantemque
2244 1804 2507 1870 victoria
2542 1804 2725 1869 ince-

628 1899 649 1928 ‘
667 1892 928 1956 dentem
973 1891 1233 1969 vidistis,
1287 1891 1591 1969 Quirites,
1643 1914 1792 1957 eum
1837 1892 1953 1956 sub
1998 1891 2175 1957 furca
2212 1892 2499 1956 vinctum
2546 1891 2725 1956 inter

626 1984 649 2015 ‘
667 1979 930 2042 verbera
956 1989 1024 2042 et
1053 1978 1364 2042 cruciatus
1391 1977 1608 2043 videre
1636 1979 1896 2065 potestis
1911 1980 1941 2042 ?
1984 1979 2159 2065 quod
2186 1978 2295 2042 vix
2317 1977 2724 2042 Albanorum

626 2070 649 2101 ‘
667 2063 836 2128 oculi
873 2076 1002 2129 tam
1045 2063 1324 2129 deforme
1368 2065 1797 2151 spectaculum
1838 2065 2001 2129 ferre
2044 2077 2318 2152 possent.
2408 2063 2463 2142 I,
2508 2063 2721 2142 lictor,

625 2157 648 2188 ‘
666 2150 894 2238 colliga
919 2173 1163 2228 manus,
1195 2173 1358 2236 quae
1387 2150 1603 2238 paullo
1631 2163 1779 2215 ante
1808 2163 2083 2215 armatae
2112 2150 2450 2238 imperium
2477 2149 2725 2237 populo

624 2243 646 2274 ‘
669 2235 962 2301 Romano
1087 2249 1404 2322 pererunt.
1496 2235 1551 2314 1,
1596 2259 1671 2301 ca
1715 2249 1787 2300 ut
1829 2237 2082 2301 obnube
2134 2236 2491 2302 liberatoris
2540 2237 2725 2301 urbis

623 2329 645 2360 ‘
665 2321 888 2386 huius:
931 2345 1000 2386 ar
1085 2322 1140 2386 ri
1167 2321 1403 2386 infelici
1431 2260 1774 2409 suspense:
1812 2323 2092 2400 verbera,
2123 2322 2227 2387 vel
2254 2323 2423 2388 intra
2540 2345 2723 2388 moe-

622 2415 645 2446 ‘
664 2408 849 2486 rium,
903 2409 1093 2474 modo
1144 2409 1312 2473 inter
1355 2407 1466 2472 illa
1509 2408 1641 2495 pila
1685 2421 1751 2473 et
1907 2408 1995 2473 lia
2034 2409 2343 2487 hostium3
2396 2431 2475 2472 ve
2534 2422 2727 2474 extra

623 2502 644 2533 ‘
749 2495 1076 2573 moerium,
1100 2495 1292 2560 modo
1321 2495 1488 2560 inter
1516 2493 1802 2582 sepulcra
1888 2495 2273 2559 uriatiorum.
2359 2494 2511 2569 Quo
2540 2495 2724 2560 enim

621 2589 644 2620 ‘
710 2605 896 2648 ucere
927 2582 1100 2646 hunc
1137 2581 1435 2646 iuvenem
1465 2581 1746 2682 potestiS,
1785 2581 1893 2646 ubi
1922 2604 2055 2645 non
2084 2603 2197 2645 sua
2224 2581 2456 2645 decora
2488 2603 2640 2645 eum
2683 2605 2727 2646 a

620 2675 643 2706 ‘
663 2681 841 2734 tanta
880 2669 1185 2734 foeditate
1231 2667 1524 2754 supplicii
1567 2667 1957 2733 vindicent?’
2046 2665 2199 2731 Non
2244 2667 2393 2730 tulit
2440 2667 2729 2754 populus

617 2777 738 2820 nec
766 2755 962 2843 patris
987 2754 1292 2846 lacrimaS,
1333 2776 1454 2817 nec
1483 2753 1679 2839 ipsius
1708 2775 1924 2840 parem
1950 2753 2023 2816 in
2053 2753 2227 2817 omni
2256 2752 2538 2853 periculo
2578 2755 2727 2818 ani-

295 2855 576 2906 Abmlvitur
620 2863 822 2905 mum:
855 2839 1380 2923 absolveruntque
1404 2837 1819 2902 admiratione
1842 2839 2041 2925 magis
2060 2839 2328 2916 virtutis,
2352 2861 2547 2925 quam
2576 2840 2723 2906 iure

293 2935 326 2966 ⁸
349 2919 405 2970 P.
431 2921 495 2971 R..
619 2948 861 2991 causae.
952 2924 1200 3010 Itaque,
1232 2936 1306 2986 ut
1333 2923 1560 2987 caedes
1594 2923 1924 2988 manifesta
1960 2925 2174 3024 aliquo
2209 2939 2425 2989 tamen
2460 2926 2723 3025 piaculo

619 3011 918 3087 lueretur,
947 3011 1328 3096 imperatum
1357 3009 1540 3094 patri,
1584 3021 1657 3074 ut
1684 3009 1887 3074 filium
1926 3023 2213 3097 expiaret
2244 3033 2521 3099 pecunia
2551 3013 2725 3098 pub-

618 3096 756 3161 lica.
864 3095 948 3174 Is,
1001 3093 1381 3182 quibusdam
1437 3093 1858 3181 piacularibus
1914 3096 2233 3161 sacrificiis
2287 3097 2487 3174 factis,
2548 3121 2723 3185 quae

619 3182 853 3248 deinde
903 3181 1084 3270 genti
1128 3179 1434 3245 Horatiae
1488 3179 1719 3245 tradita
1766 3195 1935 3259 sunt,
1982 3183 2341 3248 transmisso
2386 3206 2505 3271 per
2546 3186 2725 3249 viam

619 3269 840 3356 agino,
871 3268 1077 3356 capite
1108 3267 1430 3354 adoperto,
1449 3266 1627 3333 velut
1652 3267 1769 3332 sub
1798 3267 2020 3354 iugum
2050 3267 2221 3333 misit
2248 3269 2567 3335 iuvenem.
2636 3270 2725 3337 Id

692 3459 720 3508 5
757 3446 1023 3506 Carminis]
1083 3446 1185 3494 Hic
1217 3445 1340 3494 nihil
1371 3445 1508 3495 aliud
1540 3451 1631 3506 est,
1694 3450 1747 3494 et
1768 3444 1897 3494 diem
1919 3445 2067 3494 alicui
2089 3446 2226 3506 dicit,
2247 3447 2299 3495 id
2328 3447 2522 3496 nonita
2542 3454 2727 3498 notum

618 3525 768 3623 quffi
789 3515 921 3623 σει-ω
940 3510 1247 3622 ωΙοὲηὶῗῙιιξ
1269 3510 1629 3620 νοιὶδοτιέωὴὲοτ-
1693 3524 1809 3620 ξεὲιὲ
1830 3509 2107 3620 Ἕὴίῖτοτ.ἶ’.
2148 3511 2291 3559 Haec
2314 3527 2391 3586 res
2412 3511 2453 3560 si
2475 3511 2547 3560 ita
2567 3513 2609 3561 si
2632 3513 2723 3562 hae-

617 3590 726 3700 ἔζεε
747 3589 1280 3700 νοτὴζκξὶιιίςυέθωτωιυ
1241 3589 1496 3687 nngagg-
1542 3589 1631 3687 θέε
1694 3607 1881 3698 publ’ici
1902 3589 2249 3700 ffimliorliulltitii
2280 3591 2439 3688 'di-2¹11?
2439 3591 2467 3696 :3
2470 3583 2729 3701 effingi

619 3703 842 3752 macrob.
865 3703 1058 3750 Saturn.
1081 3701 1131 3751 ii.
1161 3699 1232 3750 16.
1694 3714 1807 3747 reus
1850 3714 2111 3760 provocare
2152 3701 2404 3760 noluisset,
2447 3709 2499 3751 et
2548 3705 2621 3752 ita
2666 3721 2725 3754 se

681 3763 715 3814 6
745 3769 827 3814 Ne
855 3768 1110 3814 innoxium
1141 3765 1356 3828 quidem]
1405 3764 1633 3812 Muretus
1694 3762 1901 3810 noxium
1948 3764 2189 3824 professus
2229 3773 2373 3825 esset,
2414 3773 2524 3814 tum
2572 3768 2727 3818 lictor

618 3837 786 3877 autem
817 3828 868 3877 in
903 3829 1022 3877 Var.
1057 3829 1194 3877 Lect.
1227 3827 1325 3875 xiv.
1365 3825 1438 3884 16,
1475 3829 1631 3876 “oon-
1694 3841 1870 3874 manus
1900 3827 2177 3889 colligabat,
2208 3835 2260 3876 et
2290 3835 2529 3892 tanquam
2560 3833 2723 3881 mani-

617 3895 878 3942 domanda·
900 3893 1100 3940 verbum
1116 3907 1212 3940 non
1228 3891 1292 3939 de
1307 3890 1468 3938 iudice
1485 3893 1634 3940 modo
1696 3891 1822 3938 festa
1856 3905 2003 3950 noxa,
2034 3891 2191 3940 arbori
2228 3893 2411 3942 infelici
2448 3897 2725 3957 suspende-

619 3957 704 4004 ·ed
721 3962 774 4004 et
788 3957 851 4005 de
865 3962 1161 4014 accusatore,
1177 3955 1260 4016 qui
1277 3968 1412 4002 reum
1431 3955 1634 4016 peragit,
1697 3955 1797 4001 bat.
1840 3953 1919 4002 cf.
1943 3955 2048 4003 Cic.
2073 3956 2242 4004 Rabir.
2264 3975 2309 4017 4.

619 4020 734 4080 dici,
775 4035 921 4069 nemo
961 4025 1052 4077 est,
1090 4018 1279 4080 opinor,
1319 4017 1437 4078 quin
1477 4017 1631 4066 sciat:
1766 4027 1792 4078 7
1824 4019 1907 4064 Ita
1926 4019 2009 4077 dc]
2046 4022 2129 4067 Ita
2148 4022 2354 4080 donnum,
2376 4021 2488 4072 MS.
2508 4023 2653 4073 Leid.
2673 4039 2725 4075 α.

618 4085 784 4146 idque,
804 4089 854 4132 et
878 4088 990 4158 post
1017 4084 1080 4130 ab
1111 4083 1236 4140 aliis,
1257 4086 1309 4128 et
1339 4080 1631 4142 iampridem
1696 4080 1825 4142 quod
1848 4081 2011 4141 plures
2031 4085 2319 4144 approbant.

618 4151 684 4195 ab
714 4146 1038 4196 eruditissimo
1061 4145 1264 4194 Budaeo
1297 4149 1521 4192 notatum
1542 4151 1631 4194 est.
1759 4145 1791 4191 8
1822 4145 1940 4192 Pila
1971 4147 2209 4206 Horatia]
2286 4149 2553 4210 Columna,
2587 4167 2723 4214 quae

619 4212 718 4260 Sed
754 4212 971 4260 indicare
1008 4223 1200 4270 quoque
1233 4207 1348 4266 dici,
1379 4223 1479 4256 non
1517 4223 1631 4256 eum
1692 4207 1745 4256 in
1778 4217 2148 4257 monumentum
2180 4213 2480 4274 tergeminae
2514 4215 2723 4266 Horatii

619 4277 784 4334 modo,
816 4275 899 4337 qui
935 4273 1214 4335 pronuntiat
1251 4276 1302 4320 et
1339 4271 1630 4320 sententiam
1695 4271 1923 4320 victoriae
1942 4280 2123 4334 erecta,
2139 4273 2267 4324 Livii
2288 4277 2453 4326 adhuc
2472 4293 2599 4328 aevo
2621 4287 2725 4330 sta-

621 4337 731 4397 fert,
753 4353 918 4387 verum
943 4351 1056 4388 eum
1077 4351 1272 4398 quoque
1303 4335 1388 4397 qui
1417 4342 1633 4396 accusat,
1694 4337 1794 4385 bat.
1828 4335 1989 4384 Can-v.
