3000 4784
869 217 1060 283 LIB.
1119 217 1168 283 1.
1239 217 1460 283 CAP.
1526 225 1622 284 ll.
2214 221 2289 284 15

185 349 627 425 continebant,
675 350 789 414 sed
833 352 1380 439 congregabantur
1423 351 1712 438 undique
1766 350 1849 416 ad
1895 349 2118 416 Titum
2165 351 2293 416 Ta-

187 438 376 513 tium,
431 459 648 524 regem
704 437 1124 502 Sabinorum:
1187 451 1253 502 et
1304 437 1655 524 legationes
1704 460 1801 515 ec,
1856 438 2032 528 quod
2090 439 2295 502 maxi-

185 545 370 586 mum
419 522 594 588 Tatii
645 547 881 588 nomen
932 525 1002 588 in
1053 524 1151 589 his
1196 525 1561 612 regionibus
1610 537 1765 601 erat,
1810 525 2289 590 conveniebant.

189 607 638 674 Caeninenses
669 609 1194 698 Crustuminique
1225 626 1292 676 et
1322 611 1745 676 Antemnates
1790 623 1991 688 erant,
2022 611 2105 677 ad
2133 635 2295 698 quos

185 696 331 759 eius
373 696 628 760 iniuriae
670 720 814 784 pars
854 699 1231 785 pertinebat.
1323 697 1531 764 Lente
1574 720 1761 785 agere
1806 697 1884 762 iis
1914 697 2139 762 Tatius
2182 697 2297 764 Sa-

185 783 458 868 binique
509 783 626 846 visi
672 796 837 848 sunt.
928 783 1062 871 Ipsi
1105 785 1272 849 inter
1312 807 1380 849 se
1424 798 1551 849 tres
1592 784 1813 872 populi
1872 785 2295 849 communiter

183 868 434 932 bellum
463 883 706 955 parant.
773 869 877 935 Ne
905 869 1304 935 Crustumini
1334 871 1595 957 quidem
1627 885 1820 958 atque
1851 872 2292 946 Antemnates,

183 977 310 1042 pro
339 956 566 1020 ardore
596 957 816 1043 iraque
857 956 1377 1034 Caeninensium,
1409 959 1559 1022 satis
1586 981 1653 1022 se
1693 958 1963 1046 impigre
2004 970 2289 1022 movent:

131 1074 164 1108 2
185 1043 282 1106 ita
325 1065 444 1129 per
486 1065 553 1106 se
599 1043 808 1142 ipsum
853 1066 1092 1108 nomen
1140 1042 1503 1109 Caeninum
1547 1044 1618 1108 in
1660 1067 1881 1131 agrum
1929 1045 2291 1109 Romanum
2312 1059 2511 1108 Bellum

182 1130 510 1214 impetum
537 1129 705 1194 facit.
781 1129 908 1194 Sed
937 1131 1134 1194 effuse
1163 1132 1553 1195 vastantibus
1580 1131 1658 1195 fit
1685 1132 1907 1196 obvius
1936 1153 2082 1194 cum
2112 1153 2294 1196 exer·
2310 1126 2485 1175 Caeni-

179 1215 326 1279 citu
361 1215 696 1294 Romulus,
728 1215 979 1304 levique
1009 1217 1352 1282 certamine
1384 1216 1591 1294 docet,
1636 1241 1863 1282 vanam
1892 1218 2029 1282 sine
2058 1218 2295 1282 viribus
2311 1206 2477 1240 nense.

181 1303 356 1365 iram
385 1325 555 1366 esse:
589 1303 940 1367 exercitum
969 1303 1183 1368 fundit
1219 1303 1559 1402 fugatque=
1602 1303 1815 1368 fusum
1856 1305 2291 1392 persequitur=

309 1411 417 1452 em
447 1389 517 1452 in
545 1388 787 1476 proelio
816 1391 1151 1456 obtruncat
1179 1404 1245 1454 et
1273 1389 1535 1477 spohat:
1570 1390 1733 1455 duce
1764 1389 2041 1454 hostium
2070 1390 2295 1467 occis0,

181 1411 420 1540 urrefiem
447 1477 656 1562 primo
684 1477 928 1563 impetu
955 1477 1142 1564 capit.
1233 1475 1396 1541 Inde
1427 1477 1715 1542 exercitu
1739 1477 1977 1541 victore
2008 1477 2294 1554 reductu,

179 1563 330 1650 ipse
379 1585 578 1648 quum
621 1562 800 1628 factis
841 1563 936 1626 vir
976 1562 1370 1650 magnificus,
1417 1575 1555 1627 tum
1597 1563 1905 1628 factorum
1948 1575 2298 1628 ostentator

179 1648 372 1713 haud
413 1649 641 1726 minor,
672 1649 874 1736 spolia
902 1649 1082 1714 ducis
1123 1650 1400 1715 hostium
1444 1650 1611 1716 caesi
1650 1673 1953 1737 suspensa
1992 1650 2298 1715 fabricato

181 1735 276 1801 ad
313 1734 388 1798 id
421 1747 570 1822 apte
611 1735 850 1800 ferculo
893 1759 1137 1822 gerens,
1175 1738 1246 1800 in
1290 1735 1683 1824 Capitolium
1718 1737 2027 1801 ascendit:
2076 1738 2295 1824 ibique

183 1845 274 1887 ea
300 1844 506 1908 quum
534 1823 619 1887 ad
647 1845 952 1909 quercum
994 1823 1345 1911 pastoribus
1383 1845 1621 1887 sacram
1657 1823 2067 1910 deposuisset,
2108 1823 2297 1888 simul

185 1931 348 1973 cum
401 1907 572 1974 dono
629 1909 984 1996 designavit
1047 1909 1284 1997 templo
1345 1907 1514 1974 Iovis
1574 1910 1753 1987 finoe,
1814 1932 2168 2010 cognomen
2217 1933 2296 1974 ue

93 2051 100 2060 .
133 2017 168 2065 3
187 1995 449 2060 addidit
478 1995 635 2061 deo:
687 2005 709 2034 ‘
729 1995 975 2082 Iupiter
998 1995 1279 2073 Feretri‚’
1300 1996 1532 2083 inquit,
1567 2006 1585 2034 ‘
1602 1997 1761 2061 haec
1791 1997 1908 2060 tib1
1937 1997 2140 2062 victor
2228 2019 2297 2061 o-
2317 2009 2508 2086 Iupitef

191 2092 214 2120 ‘
239 2080 456 2146 mulus
497 2105 613 2146 rex
654 2081 832 2169 regia
873 2105 1047 2147 arma
1087 2082 1240 2159 fero,
1287 2081 1724 2182 templumque
1776 2083 1854 2147 iis
1912 2084 2296 2170 regionibus,
2315 2073 2575 2125 Feres-ms.

191 2178 214 2207 ‘
239 2191 402 2256 quas
449 2168 642 2234 modo
687 2168 900 2233 animo
951 2181 1223 2233 metatus
1269 2191 1429 2246 sum,
1491 2168 1740 2247 dedico,
1800 2169 2017 2234 sedem
2069 2171 2301 2258 opimis

137 2292 173 2335 4
193 2265 216 2293 ‘
239 2255 481 2342 spoliis,
513 2278 698 2342 quae,
740 2255 994 2342 regibus
1021 2254 1416 2342 ducibusque
1460 2255 1743 2320 hostium
1770 2257 1985 2334 caesis,
2018 2279 2121 2322 me
2151 2279 2301 2322 auc-

194 2352 217 2381 ‘
239 2357 448 2408 torem
490 2353 846 2429 sequentes,
869 2343 1114 2442 posteri
1155 2342 1398 2406 ferent!
1485 2341 1669 2408 Haec
1716 2343 1933 2431 templi
1969 2357 2065 2409 est
2100 2345 2193 2408 ori
2278 2392 2297 2420 ,

190 2429 377 2516 quod
405 2428 684 2516 primum
713 2451 1000 2493 ommum
1020 2428 1266 2493 Romae
1296 2441 1607 2494 sacratum
1634 2441 1746 2493 est.
1799 2429 1901 2494 Ita
1919 2430 2155 2494 deinde
2226 2431 2301 2494 'is

191 2516 427 2593 visum,
457 2537 578 2580 nec
607 2516 846 2580 irritam
875 2515 1220 2580 conditoris
1251 2513 1472 2601 templi
1494 2537 1714 2579 vocem
1738 2537 1894 2591 esse,
1919 2539 2049 2602 qua
2063 2515 2299 2580 laturos

191 2625 276 2668 ea
303 2601 506 2690 spolia
542 2615 828 2689 posteros
861 2602 1288 2687 nuncupavit:
1332 2622 1452 2664 nec
1492 2600 1899 2666 multitudine
1933 2615 2297 2688 compotum

141 2717 172 2766 ⁵
191 2691 340 2754 eius
381 2689 536 2754 doni
577 2688 822 2776 vulgari
867 2686 1142 2752 laudem.
1235 2685 1403 2751 Bina
1443 2699 1682 2774 postea,
1724 2687 1893 2752 inter
1936 2700 2032 2752 tot
2078 2710 2298 2765 annoS,

195 2789 296 2841 tot
338 2775 522 2853 bella,
567 2776 782 2862 opima
818 2787 1000 2862 parta
1037 2786 1187 2838 sunt
1225 2773 1459 2860 spolia:
1506 2773 1667 2838 adeo
1711 2795 1853 2839 rara
1880 2775 2017 2840 eius
2044 2774 2301 2866 fortuna

191 2862 446 2928 decoris
471 2862 610 2926 fuit.

287 2948 468 3013 Dum
499 2971 578 3014 ea
605 2948 695 3012 ibi
727 2947 1004 3012 Romani
1032 2960 1285 3034 gerunt,
1319 2947 1813 3012 Antemnatium
1840 2949 2157 3014 exercitus
2184 2970 2301 3050 per
2417 2951 2448 3011 1
2461 2951 2514 3012 1.

195 3036 598 3101 occasionem
637 3057 710 3098 ac
750 3034 1160 3099 solitudinem
1195 3033 1509 3100 hostiliter
1542 3033 1611 3098 in
1655 3034 1815 3099 fines
1846 3034 2171 3100 Romanos
2198 3058 2299 3099 in·
2315 3034 2583 3111 ⁴4¹²oean

195 3122 558 3188 cursionem
597 3121 766 3186 facit.
860 3119 1125 3207 Raptim
1163 3132 1231 3185 et
1273 3120 1356 3186 ad
1399 3121 1517 3187 hos
1559 3120 1855 3186 Romana
1894 3120 2062 3208 legio
2106 3122 2301 3187 ducta
2314 3105 2390 3148 *θ’
2411 3105 2541 3148 '¹⁰²¹‘

195 3208 442 3296 palatos
493 3209 561 3273 in
612 3207 778 3294 agris
827 3206 1156 3294 oppressit.
1248 3206 1398 3272 Fusi
1449 3208 1646 3294 igitur
1693 3209 1900 3294 primo
1943 3208 2189 3296 impetu
2234 3223 2300 3273 et

197 3295 475 3360 clamore
541 3295 788 3369 hostes;
864 3293 1172 3380 oppidum
1241 3305 1533 3379 captum:
1609 3292 1977 3380 duplicique
2036 3295 2301 3360 victoria

274 3548 304 3582 2
345 3533 617 3582 Caeninum
679 3531 879 3591 nomen]
978 3529 1218 3592 Populus,
1280 3530 1331 3578 in
1373 3531 1525 3580 classe
1572 3531 1839 3593 procincta,
1876 3538 2139 3595 antequam
2177 3533 2305 3581 alius

197 3611 376 3646 omnes
399 3597 748 3654 Caeninenses,
779 3593 1016 3656 quidquid
1049 3609 1218 3642 eorum
1282 3595 1539 3657 quisquam
1600 3597 1758 3658 spolia
1807 3597 2031 3658 cepisset,
2083 3598 2303 3646 detracta

199 3663 314 3721 fuit,
346 3667 402 3709 nt
433 3676 608 3710 nomen
645 3660 896 3718 Latinum,
928 3660 1221 3717 Hernicum,
1285 3665 1424 3708 erant
1465 3673 1496 3708 a
1533 3660 1660 3708 duce
1696 3661 1941 3719 Romano,
1974 3661 2052 3710 vel
2086 3660 2233 3709 etiam
2271 3677 2305 3709 a

201 3729 495 3784 Romanum,
515 3727 782 3774 Etruscum
805 3729 900 3772 etc.
965 3722 1047 3772 sie
1079 3728 1132 3772 et
1162 3721 1221 3770 τὸ
1285 3724 1577 3786 manipulari
1602 3724 1772 3772 milite.
1841 3724 2025 3773 Eorum
2050 3732 2187 3773 erant
2210 3725 2305 3774 tria

199 3787 424 3848 Θηβαίων
457 3787 602 3848 ὄνομα
635 3803 717 3851 ap.
743 3787 1055 3846 Aeschinem,
1076 3793 1126 3836 et
1158 3787 1218 3835 si-
1281 3803 1476 3850 gonem,
1497 3789 1664 3836 omnia
1684 3795 1851 3837 tamen
1874 3789 2054 3852 opima.
2092 3789 2171 3839 cf.
2187 3789 2301 3838 Fes-

199 3855 342 3903 milia
362 3852 494 3902 alibi.
529 3853 662 3902 Bur.
1281 3857 1362 3899 tus
1405 3869 1450 3902 v.
1496 3852 1721 3916 Opimus.
1783 3853 2001 3902 Perizon.
2042 3853 2304 3904 Animadv.

269 3933 300 3982 3
331 3919 528 3994 Iupiter
570 3918 788 3976 Fer-ehi]
849 3915 1042 3978 Iupiter
1077 3917 1222 3966 Fere-
1290 3915 1423 3966 Hist.
1451 3928 1492 3978 7.

201 3986 331 4032 trias
355 3983 518 4031 dictus
532 3987 606 4030 est
637 3996 670 4029 a
687 3982 896 4042 feretro,
916 3981 1020 4029 sive
1039 3979 1224 4028 ferculo
1352 3996 1380 4044 5
1413 3983 1574 4041 Bina]
1626 3981 1855 4030 Secunda
1884 3981 2000 4030 tulit
2030 3983 2091 4031 A.
2120 3981 2303 4031 Corne-

201 4049 291 4096 illo
325 4046 611 4109 spoliorum,
649 4045 800 4107 quod,
833 4050 890 4092 ut
931 4044 1080 4092 modo
1116 4059 1224 4092 nar-
1289 4044 1384 4094 lius
1395 4046 1593 4106 Cossus,
1612 4045 1761 4094 Larte
1776 4045 2043 4094 Tolumnio
2058 4061 2170 4108 rege
2185 4045 2301 4094 Vei·

203 4113 344 4162 rabat
379 4110 564 4167 Livius,
597 4109 690 4171 ipsi
728 4109 1022 4158 sacrabatur.
1061 4108 1224 4158 Casv,
1287 4111 1475 4159 entium
1519 4109 1696 4168 occiso,
1740 4109 1807 4159 U.
1838 4111 1896 4160 C.
1938 4111 2046 4172 318.
2083 4110 2191 4158 infr.
2240 4109 2303 4157 iv.

203 4177 284 4227 ct
333 4176 482 4237 Prop.
534 4174 598 4224 iv.
651 4187 722 4222 ιο.
781 4173 915 4222 Plut.
977 4173 1029 4220 in
1080 4172 1228 4222 Rom.
1301 4188 1371 4238 ¹9·
1405 4174 1551 4222 tertia
1579 4174 1652 4223 Μ.
1676 4173 1913 4223 Claudius
1943 4172 2212 4222 Marcellus
2242 4187 2305 4219 ex

211 4257 228 4289 1
241 4253 285 4302 7.
1296 4237 1573 4287 Britomaro
1594 4237 1851 4286 Gallorum
1876 4253 2003 4299 rege,
2028 4236 2095 4286 U.
2112 4235 2170 4284 C.
2196 4247 2304 4298 530.

279 4321 311 4365 4
345 4305 530 4367 Ophis
557 4303 746 4366 spoliis]
795 4301 874 4350 E'a
894 4300 1092 4364 quidem
1121 4301 1227 4350 sola
1291 4302 1397 4352 infr.
1421 4319 1502 4351 xx.
1530 4313 1605 4365 55.
1640 4303 1801 4351 Cur.

206 4369 378 4432 opima
398 4367 532 4416 dicta
553 4373 684 4428 sunt,
705 4381 832 4428 quae
853 4365 968 4414 duci
993 4365 1226 4425 hostium,
