3000 4784
774 249 965 317 LIB.
1012 250 1131 317 VI.
1203 252 1428 319 CAP.
1477 258 1581 318 23.
2108 252 2234 320 3⁷3

80 382 441 488 Sulpicio,
464 387 541 454 L.
570 387 852 454 Aemilio
873 402 1191 476 quartum,
1224 390 1493 455 tribunis
1521 388 1606 454 ad
1631 388 2016 477 praesidium
2045 389 2236 468 urbis,
2257 402 2325 453 U.
2349 402 2409 453 C.
2435 414 2546 465 373.

76 486 173 538 et
211 496 273 538 ει
306 474 423 562 qui
452 498 536 541 ex
566 474 827 540 Etruria
853 476 1003 541 novi
1046 490 1254 541 motus
1292 477 1757 554 nuntiarentur,
1789 475 2036 564 (omnia
2061 477 2236 542 enim
2253 468 2316 579 ἓ·
2351 468 2410 518 c·
2436 478 2547 579 {79-

76 560 275 625 inde
322 576 616 649 suspecta
642 570 857 649 erant)
884 562 1135 628 relictis.
1226 562 1339 627 Ad
1368 561 1643 628 Velitras
1672 562 1972 628 adversus
2000 564 2240 628 maiora
2258 537 2499 660 Ptibffiia’

77 670 336 734 paene
360 648 599 713 auxilia
617 649 1197 727 Praenestinorum,
1218 673 1411 736 quam
1441 650 1644 737 ipsam
1673 650 2044 716 colonorum
2073 649 2238 714 mu]-
2254 659 2567 737 etc-[l'rffltil.

78 733 493 812 titudinem,
536 735 819 801 secundo
862 736 1104 824 proelio
1146 748 1502 823 pugnatum
1545 749 1674 814 est3
1729 736 1821 801 ita
1861 750 1936 801 ut
1977 736 2238 824 propin·
2256 724 2503 839 {gg-‘0²⁰¹

142 820 343 885 uitas
384 822 559 886 urbis
601 823 769 887 hosti
804 836 871 887 et
914 844 1103 888 causa
1144 824 1500 887 maturioris
1541 822 1750 910 fugae,
1795 835 1863 888 et
1904 845 2108 887 unum
2151 846 2236 888 ex

302 908 780 996 receptaculum
804 922 989 974 esset.
1062 908 1306 997 Oppidi
1334 910 1809 997 oppugnatione
1833 910 2074 975 tribuni
2095 910 2239 975 abs-

82 994 420 1070 tinuere3
482 994 637 1081 quia
678 1008 747 1060 et
796 1018 1029 1083 anceps
1072 1009 1226 1072 erat,
1272 1018 1393 1061 nec
1436 996 1508 1060 in
1557 996 1904 1084 perniciem
1949 995 2234 1063 coloniae

84 1079 551 1167 pugnandum
590 1082 952 1146 censebant.
1042 1082 1296 1147 Literae
1330 1081 1606 1147 Romam
1646 1082 1728 1147 ad
1766 1096 2056 1148 senatum
2085 1105 2234 1147 cum

86 1165 430 1231 victoriae
474 1167 735 1245 nuntiis,
775 1168 1043 1233 acriores
1082 1168 1152 1232 in
1188 1168 1695 1246 Praenestinum,
1726 1192 1919 1255 quam
1953 1169 2024 1233 in
2053 1168 2235 1234 Veli-

86 1266 385 1317 ternum
414 1252 681 1330 hostem,
712 1254 953 1319 missae.
1045 1253 1273 1354 Itaque
1318 1276 1401 1319 ex
1444 1255 1990 1319 senatusconsulto
2029 1278 2234 1355 popu·
2253 1267 2525 1345 ruane-ti-

86 1339 301 1425 lique
349 1337 525 1404 iussu
568 1339 807 1405 bellum
846 1339 1277 1405 Praenestmis
1320 1340 1674 1404 indictum:
1729 1341 1862 1427 qui,
1907 1342 2234 1406 coniuncti
2249 1348 2327 1407 3¹¹⁸
2340 1335 2534 1409 penum

90 1425 400 1503 VolsciS,
442 1448 613 1491 anno
662 1426 1039 1514 insequente
1088 1424 1419 1504 Satricum,
1465 1425 1780 1491 coloniam
1823 1426 2046 1515 populi
2098 1426 2236 1492 Ro·
2249 1398 2508 1449 nunctum.

88 1512 299 1575 mani
330 1512 743 1598 pertinaciter
782 1536 823 1578 a
862 1512 1103 1578 colonis
1132 1512 1477 1590 defensam,
1509 1512 1572 1577 vi
1601 1526 2070 1601 expugnarunt,
2099 1513 2236 1579 foe—

90 1599 343 1685 deque
370 1597 439 1661 in
468 1600 669 1750 effide
696 1621 1039 1665 exercuere
1066 1600 1411 1664 victoriam.
1494 1599 1658 1667 Eam
1688 1623 1824 1665 rem
1853 1623 2040 1689 aegre
2069 1600 2234 1688 passi
2253 1618 2322 1669 U.
2345 1619 2405 1669 G.
2431 1630 2542 1682 3⁷4·

94 1684 432 1762 Romani,
610 1684 873 1751 Furium
916 1684 1261 1751 Camillum
1307 1686 1648 1773 septimum
1695 1688 2024 1752 tribunum
2067 1688 2236 1753 mili—
2252 1684 2314 1732 A.
2347 1684 2408 1733 Ο·
2433 1685 2543 1760 34⁷⁸·

94 1786 263 1837 tum
310 1792 621 1837 creavere.
724 1771 953 1837 Addici
990 1772 1271 1860 collegae
1310 1771 1395 1837 A.
1438 1786 1507 1837 et
1546 1771 1623 1838 L.
1656 1773 1972 1840 Postumii
2013 1773 2236 1862 Regil-
2251 1748 2498 1861 ἑζῗῧο

94 1858 357 1935 lenses,
400 1880 475 1923 ac
520 1858 595 1923 L.
642 1858 888 1936 Furius,
930 1882 1079 1923 cum
1118 1858 1195 1925 L.
1238 1858 1544 1925 Lucretio
1587 1873 1654 1925 et
1693 1859 1787 1925 M.
1833 1860 2031 1926 Fabio
2073 1861 2236 1927 Am·
2256 1876 2384 1925 VII.
2410 1882 2506 1927 ete.

94 1946 333 2009 busto·
414 1945 724 2013 Volscum
751 1945 993 2010 bellum
1016 1944 1111 2009 M.
1139 1945 1331 2011 Furio
1354 1958 1536 2011 extra
1563 1947 1852 2013 ordinem
1881 1947 2230 2014 decretum.
2251 1939 2336 1989 Tr.
2355 1940 2466 1991 Mil.

104 2031 418 2095 Adiutor
458 2054 542 2097 ex
588 2031 857 2097 tribunis
884 2044 1050 2098 sorte
1080 2032 1158 2097 L.
1191 2032 1421 2097 Furius
1449 2032 1670 2111 datur3
1717 2057 1850 2100 non
1893 2047 2024 2099 tam
2069 2059 2106 2101 e
2135 2056 2235 2101 re—
2254 2004 2510 2120 32¹1aess

100 2116 407 2206 publica,
436 2140 631 2205 quam
674 2131 751 2184 ut
790 2118 1069 2207 collegae
1108 2120 1373 2185 materia
1398 2120 1495 2189 ,ad
1539 2144 1798 2186 omnem
1835 2120 2091 2186 laudem
2135 2144 2236 2187 es-

102 2216 261 2279 set3
318 2216 387 2268 et
412 2204 685 2293 publice,
716 2206 891 2293 quod
921 2228 1057 2271 rem
1086 2206 1441 2271 temeritate
1486 2207 1624 2271 eius
1664 2205 2022 2294 prolapsam
2051 2208 2233 2273 resti-

106 2291 293 2367 tuit3
346 2303 413 2355 et
443 2291 755 2379 privatim,
788 2292 964 2381 quod
1002 2315 1086 2357 ex
1126 2315 1335 2358 errore
1378 2293 1644 2380 gratiam
1683 2292 1894 2380 potius
1923 2293 2060 2358 eius
2094 2294 2233 2372 sibi,

110 2400 327 2465 quam
371 2400 549 2443 suam
586 2378 872 2467 gloriam,
904 2380 1104 2466 petiit.
1197 2379 1479 2444 Exactae
1511 2380 1639 2443 iam
1667 2380 1892 2445 aetatis
1923 2378 2234 2446 Camillus

108 2477 284 2541 erat,
316 2464 717 2552 comitiisque
756 2466 961 2531 iurare
1002 2478 1219 2554 parato
1247 2466 1318 2530 in
1345 2466 1540 2532 verba
1566 2466 1963 2531 excusandae
1991 2466 2234 2531 valetu-

110 2551 268 2615 dini
308 2550 495 2616 solita
527 2575 871 2629 consensus
914 2552 1139 2640 populi
1179 2554 1528 2618 restiterat:
1577 2553 1692 2618 sed
1718 2566 2019 2641 vegetum
2053 2554 2234 2640 inge-

108 2640 313 2701 nium
356 2638 425 2701 in
464 2638 679 2704 vivido
723 2651 982 2726 pectore
1018 2640 1079 2705 vi
1126 2640 1289 2716 ebat,
1330 2640 1573 2705 virebat
1619 2663 1702 2704 ue
1741 2640 2004 2727 integris
2037 2640 2236 2705 sensi-

108 2726 267 2802 buS,
298 2736 367 2789 et
394 2725 609 2791 civiles
638 2725 765 2790 iam
792 2748 893 2790 res
930 2726 1061 2789 hau
1140 2748 1524 2813 magnopere
1555 2750 1594 2791 o
1677 2738 1898 2790 untem
1926 2726 2096 2792 bella
2122 2749 2236 2791 ex-

78 2812 431 2881 icitabant.
527 2811 850 2888 Quattuor
877 2810 1232 2899 legionibus
1255 2825 1638 2898 quaternum
1667 2812 1938 2878 millium
1967 2813 2232 2915 scriptis,

116 2897 421 2963 exercitu
450 2898 694 2963 indicto
724 2898 805 2963 ad
844 2912 1091 2985 portam
1134 2898 1538 2985 Esquilinam
1573 2898 1644 2963 in
1683 2912 2008 2987 posterum
2037 2900 2231 2979 d1em‚

114 2986 209 3051 ad
268 2982 583 3050 Satricum
641 2985 977 3073 profectus
1066 2983 1169 3048 Ibi
1216 3008 1365 3050 eum
1422 2998 1892 3075 expugnatores
1947 2986 2234 3053 coloniae

114 3069 631 3159 haudquaquam
670 3069 965 3159 perculsi,
998 3070 1271 3137 fidentes
1307 3072 1586 3139 militum
1625 3096 1914 3151 numero,
1947 3082 2077 3161 q'uo
2119 3075 2234 3139 ah-

116 3172 447 3247 quantum
476 3158 897 3245 praestabant,
928 3158 1436 3245 opperiebantur.
1515 3160 1864 3259 Postquam
1895 3162 2234 3247 appropin-

118 3268 330 3333 quare
375 3244 701 3309 Romanos
744 3256 1097 3323 senserunt,
1138 3244 1461 3333 extemplo
1502 3245 1572 3307 in
1611 3268 1812 3309 aciem
1857 3246 2232 3331 procedunt,

118 3331 297 3407 nihil
325 3330 601 3409 dilaturi,
634 3332 793 3420 quin
832 3331 1186 3432 perieulum
1226 3352 1511 3394 summae
1541 3352 1752 3394 rerum
1780 3330 2095 3396 facerentz
2145 3332 2237 3397 ita

118 3418 440 3506 paucitati
472 3418 751 3483 hostium
782 3418 943 3483 mhil
974 3432 1141 3483 artes
1179 3418 1265 3481 im
1352 3416 1573 3481 ratoris
1601 3416 1797 3494 unici,
1827 3417 2058 3503 quibus
2087 3417 2236 3483 solis

118 3503 549 3583 confiderent,
594 3505 953 3593 profuturas
1000 3527 1152 3569 esse.
1280 3503 1431 3567 dem
1478 3502 1668 3568 ardor
1709 3515 1776 3567 et
1817 3502 1888 3567 in
1941 3502 2236 3573 Romano
2358 3512 2461 3575 23.

196 3704 230 3754 3
262 3692 382 3739 Non
407 3697 506 3739 tam
537 3708 568 3742 σ
596 3692 867 3754 republica,
888 3708 1035 3755 quam
1066 3690 1148 3751 ut]
1218 3692 1351 3740 unde
1386 3687 1644 3741 eveniebat
1675 3694 1732 3740 ut
1765 3690 1999 3754 cuiusque
2036 3690 2240 3756 legionis

128 3754 392 3805 Particula
418 3762 477 3803 ut
504 3761 710 3804 eventus
736 3755 1034 3817 designatur,
1054 3770 1153 3805 non
1224 3770 1315 3819 ¹50
1353 3755 1603 3807 centuriae
1644 3767 1770 3819 3750
1801 3756 1984 3807 milites
2021 3758 2236 3809 contine-

130 3818 419 3868 consilium:
453 3821 585 3881 quod
606 3819 688 3867 hic
711 3820 905 3867 nullum
932 3834 1037 3867 esse
1069 3834 1154 3882 po-
1218 3826 1346 3878 rent,
1374 3820 1624 3869 centuriae
1657 3820 1790 3869 enim
1823 3820 2041 3885 singulae
2066 3838 2090 3871 2
2097 3834 2124 3885 5
2148 3824 2237 3871 mi-

130 3890 411 3945 test,quum
434 3891 561 3933 sorte
582 3898 659 3933 res
674 3885 871 3933 decreta
892 3882 967 3933 sit.
992 3884 1153 3934 Cama
1221 3884 1331 3933 lites
1362 3884 1628 3945 habebant,
1656 3890 1806 3947 atque
1837 3886 1908 3935 ita
1938 3886 2122 3936 additis
2149 3900 2239 3949 150

132 3950 197 3998 cf.
224 3948 333 3997 cic.
356 3962 445 4009 pro
466 3948 578 3998 Mil.
609 3961 680 4011 13.
716 3948 915 3997 Clodius
945 3964 1079 4011 reyes
1110 3954 1157 3999 et
1222 3948 1587 3999 centurionibus
1629 3954 1680 3999 et
1722 3961 1779 4013 75
1819 3950 2100 4009 vexillariis,
2143 3950 2236 3999 sin-

132 4013 345 4061 maeeria
362 4014 549 4073 alariae
569 4014 793 4063 Milonis.
1220 4014 1365 4075 gulae
1396 4013 1610 4087 legiones
1633 4024 1755 4078 3975
1781 4012 1961 4063 milites
1987 4014 2238 4064 haberent.

200 4092 235 4135 4
268 4076 513 4133 Quattuor
539 4078 810 4140 leffiom'bm
834 4078 1153 4141 quaternum]
1226 4076 1377 4125 Haud
1400 4092 1500 4125 scio
1522 4093 1586 4125 an
1609 4083 1840 4139 quattuor
1870 4076 2084 4139 legiones
2106 4076 2238 4125 idem

134 4140 421 4187 Numerum
464 4140 597 4189 hunc
740 4148 874 4190 uuor
918 4142 1159 4203 legionum
1224 4142 1355 4203 quod
1398 4142 1497 4189 ‹luo
1553 4140 1794 4189 exercitus
1842 4140 2119 4189 consulares
2161 4154 2242 4187 ve-

137 4216 228 4265 pro
271 4203 387 4252 ficto
422 4204 573 4253 habet
664 4205 817 4256 iebhr.
852 4205 899 4253 ii.
934 4220 982 4255 n.
1025 4220 1161 4267 1291.
1228 4205 1337 4265 lint,
1357 4210 1507 4265 atque
1541 4220 1602 4253 ex
1635 4204 1730 4253 hoc
1758 4210 1978 4267 tempore
2001 4200 2244 4251 exercitus

142 4268 253 4316 Iam
272 4282 387 4316 vero
400 4274 637 4330 quaterna
656 4268 817 4317 millia
838 4269 1093 4317 hominum
1112 4268 1163 4317 in
1229 4268 1494 4318 consularis
1515 4269 1637 4317 duas
1663 4269 1881 4341 legiones
1908 4282 2101 4330 semper
2131 4281 2244 4315 con-

138 4330 417 4393 legionibus
454 4332 589 4383 haud
626 4332 777 4381 dubie
814 4333 1167 4393 scribebantur,
1226 4331 1445 4385 tinuerit.
1480 4331 1542 4382 cf.
1565 4333 1674 4384 infr.
1699 4332 1779 4382 vii.
1804 4344 1848 4395 5.
1873 4331 1970 4381 viii.
1993 4346 2040 4397 9.
2062 4330 2129 4381 ix.
2155 4344 2232 4395 30.

144 4408 204 4445 eo
226 4396 360 4457 quod
381 4394 549 4459 viginti
572 4396 791 4461 quinque
812 4396 969 4446 tribus
989 4404 1166 4457 essent,
