3000 4784
685 202 812 267 378
1461 198 1688 263 TITI
1749 195 2022 263 LIVII

359 352 426 402 U.
451 352 511 404 c.
538 362 644 413 375·
685 338 758 403 P.
785 336 1076 413 ValeriiS,
1124 335 1328 399 Lucio
1373 335 1692 421 quintum,
1740 334 1973 400 Publio
2016 336 2297 413 tertium,
2342 348 2413 399 et
2458 334 2541 399 G.
2572 335 2679 399 Se
2770 336 2841 399 'o
2947 370 2948 373 ¹

291 478 302 491 ,
357 417 417 465 A.
453 416 646 527 0ss7⁷-
687 424 966 499 tertium,
997 422 1072 487 L.
1103 420 1416 487 Menenio
1455 421 1830 498 secundum,
1878 421 1984 509 Sp.
2012 421 2293 508 Papirio,
2328 421 2461 487 Ser.
2490 421 2843 485 Corneio

359 480 588 603 &affinia
685 508 1152 596 Maluginense.
1249 506 1641 575 censoribus
1698 530 1827 607 quo
1877 530 1956 572 ue
2008 508 2189 595 eguit
2231 530 2459 585 annus,
2518 509 2835 573 maxime
2856 526 2881 571 ε

357 606 667 683 οω.Ίζτ.Μί1.
683 609 946 684 propter
985 596 1293 660 incertam
1335 594 1572 661 famam
1610 616 1777 659 aens
1816 530 2044 670 {lieni3
2092 596 2584 681 aggravantibus
2634 617 2837 659 sum-

359 672 640 783 M⁸¹fff¹²¹¹¹¹¹
685 705 856 747 mam
885 682 1077 747 etiam
1105 681 1386 747 invidiae
1417 682 1557 746 eius
1584 680 1855 745 tribunis
1882 681 2104 767 plebia
2136 704 2338 768 quum
2368 682 2449 745 ab
2478 681 2561 745 iis
2588 680 2835 746 eleva·

356 750 668 850 ῗῧιζζῖῃω
685 782 879 845 retur,
909 768 1143 855 quibus
1171 766 1300 831 fide
1332 768 1551 853 magis,
1584 790 1777 855 quam
1804 767 2075 845 fortuna,
2108 768 2485 832 debentium
2509 768 2831 833 labor-am

685 856 998 920 creditum
1039 855 1242 919 videri
1283 854 1685 941 expediebat.
1782 852 2003 919 Creati
2040 876 2334 919 censores
2367 853 2445 919 C.
2472 852 2831 941 Sulpicius

689 942 1089 1018 Camerinus,
1125 941 1232 1027 Sp.
1259 940 1627 1005 Postumius
1668 940 2089 1027 Regillensis=
2136 953 2495 1031 coeptaque
2538 941 2685 1005 iam
2718 964 2831 1005 τω

687 1042 888 1093 morte
938 1028 1272 1105 Postumii,
1351 1028 1457 1091 uia
1485 1026 1795 1113 collegam
1834 1028 2041 1091 suffici
2080 1027 2331 1091 censori
2370 1026 2597 1113 religio
2644 1040 2823 1104 erat,
2844 1042 2875 1089 6
2947 1074 2948 1087 ,

687 1114 1086 1205 interpellata
1113 1126 1225 1179 est.
1305 1050 1526 1265 ἶῖἰωι·
1553 1135 1755 1201 quum
1794 1112 2115 1199 Sulpicius
2148 1114 2501 1178 abdicasset
2542 1136 2613 1178 se
2672 1136 2825 1177 ma-
2947 1170 2948 1183 ,

687 1202 974 1289 gistratu‚
1005 1222 1296 1267 censores
1391 1200 1451 1276 ·i‚
1483 1200 1641 1265 vitio
1680 1200 1896 1277 creati,
1928 1222 2061 1265 non
2088 1212 2421 1285 gesserunt
2464 1200 2821 1287 magistra-
2844 1222 2872 1271 .-
2947 1222 2948 1237 *

689 1302 845 1353 tum.
939 1288 1194 1353 Tertios
1233 1288 1450 1363 creari,
1491 1285 1667 1351 velut
1709 1286 1833 1351 diis
1872 1308 2005 1350 non
2034 1286 2491 1377 accipientibus
2530 1287 2603 1350 in
2648 1310 2817 1351 cum

359 1384 528 1459 Tripp.
555 1384 633 1435 Pl.
689 1398 930 1441 annum
948 1396 1300 1451 censuram,
1321 1371 1685 1461 religiosum
1706 1373 1847 1437 fuit.
1940 1372 2103 1437 Eam
2118 1394 2271 1437 vero
2286 1372 2815 1437 ludificationem

359 1450 589 1561 ἕξὲζω
689 1462 894 1549 plebis
925 1462 1164 1526 tribuni
1185 1459 1511 1525 ferendam
1534 1460 1870 1546 negabant.
1950 1469 1970 1499 ⁶
1992 1458 2239 1547 Fugere
2260 1472 2555 1524 senatum
2578 1472 2809 1537 testes,
2832 1479 2865 1526 8
2947 1470 2948 1541 ξ

517 1548 530 1561 ”
691 1557 714 1589 6
731 1548 974 1613 tabulas
1030 1548 1332 1634 publicas,
1381 1568 1611 1611 census
1660 1546 1987 1632 cuiusque,
2040 1546 2195 1633 quia
2242 1546 2451 1611 nolint
2506 1546 2811 1634 conspici
2947 1614 2948 1617 ,

693 1644 713 1673 ⁶
729 1656 1041 1699 summam
1082 1635 1244 1699 aeris
1281 1632 1492 1709 alieni,
1536 1655 1701 1719 quae
1730 1632 2090 1697 indicatura
2126 1631 2230 1711 sit,
2261 1632 2617 1698 demersam
2776 1670 2810 1683 -

691 1730 712 1761 ⁶
735 1732 866 1785 tem
911 1743 950 1784 a
986 1734 1170 1807 parte
1214 1719 1525 1784 civitatis:
1588 1742 1789 1809 quum
1832 1719 2087 1783 interim
2131 1720 2493 1783 obaeratam
2534 1654 2803 1806 pleffii
2822 1740 2859 1787 9

691 1816 711 1845 ⁶
733 1806 1036 1870 obiectari
1065 1806 1203 1869 aliis
1241 1819 1434 1891 atque
1475 1805 1614 1871 aliis
1648 1806 1949 1870 hostibus
2040 1804 2287 1870 Passim
2320 1806 2451 1870 iam
2478 1806 2618 1870 sine
2660 1806 2803 1870 ullo

691 1902 711 1931 ⁶
731 1890 1098 1957 discrimine
1127 1892 1296 1956 bella
1333 1892 1572 1979 quaeri.
1666 1893 1775 1957 Ab
1806 1894 2009 1956 Antio
2052 1890 2386 1970 Satricum,
2418 1893 2501 1957 ab
2546 1891 2801 1957 Satrico

691 1982 714 2016 ⁶
734 1976 1028 2056 Velitras,
1069 1978 1220 2043 inde
1262 1978 1618 2044 Tusculum
1656 1978 1939 2066 legi-ones
1978 1978 2219 2043 ductae.
2310 1978 2581 2056 Latinis,
2622 1976 2799 2044 Her-

687 2072 710 2105 ⁶
725 2065 904 2142 nicia,
967 2064 1396 2131 Praenestinis
1463 2063 1591 2129 ism
1650 2065 1953 2130 intentari
2010 2088 2219 2143 arma3
2294 2065 2533 2129 civium
2592 2066 2796 2153 magis

689 2163 707 2190 ⁶
725 2174 920 2240 quam
949 2152 1229 2218 hostium
1259 2152 1440 2228 odi03
1489 2166 1563 2217 ut
1590 2153 1659 2215 in
1688 2154 1881 2217 armis
1910 2165 2118 2219 terant
2136 2152 2410 2239 plebem,
2444 2175 2565 2217 nec
2596 2153 2795 2239 respi-

689 2248 708 2281 ⁶
731 2262 868 2303 rare
912 2240 984 2304 in
1027 2240 1204 2316 urbe,
1245 2253 1356 2304 aut
1397 2261 1515 2327 per
1556 2240 1759 2303 otium
1802 2237 2109 2303 libertatis
2152 2238 2515 2303 meminisse
2556 2239 2791 2315 sinant,

689 2334 708 2365 ⁶
731 2338 845 2389 aut
874 2326 1218 2391 consistere
1260 2327 1330 2389 in
1369 2325 1700 2403 concione,
1732 2325 1843 2389 ubi
1882 2324 2229 2413 aliquando
2269 2325 2537 2390 audiant
2566 2348 2789 2390 vocem

689 2422 708 2455 ⁶
729 2412 1150 2489 tribuniciam,
1181 2413 1264 2477 de
1297 2412 1567 2476 levando
1594 2411 1813 2479 fenore
1844 2427 1913 2475 et
1950 2412 2081 2479 fine
2120 2411 2384 2476 aliarum
2414 2412 2791 2477 iniuriarum

689 2509 708 2539 ⁶
725 2512 1040 2586 agentem.
1138 2498 1334 2573 Quod
1363 2498 1416 2562 si
1445 2498 1529 2563 sit
1568 2498 1816 2563 animus
1844 2498 2017 2585 plebi
2046 2520 2290 2563 memor
2316 2510 2571 2585 patrum
2600 2498 2789 2563 liber*

687 2596 708 2627 ⁶
729 2586 890 2664 tatis,
923 2609 989 2651 se
1021 2608 1142 2651 nec
1171 2584 1382 2649 addici
1417 2606 1807 2673 quemquam
1836 2585 2042 2649 civem
2074 2585 2443 2651 Romanum
2472 2586 2557 2649 ob
2584 2584 2787 2650 credi-

689 2682 708 2715 ⁶
733 2685 864 2737 tam
905 2673 1244 2759 pecuniam
1287 2693 1595 2772 passuros,
1633 2693 1845 2757 neque
1890 2672 2211 2737 delectum
2255 2671 2514 2747 haberi3
2560 2670 2782 2748 donec,

689 2770 710 2799 6
732 2759 1020 2845 inspecto
1049 2781 1194 2823 aere
1225 2758 1452 2835 aheno,
1483 2757 1771 2857 initaque
1800 2758 2045 2822 ratione
2076 2757 2410 2822 minuendi
2440 2758 2601 2834 eius,
2632 2758 2784 2822 sciat

691 2854 711 2883 ⁶
729 2845 1188 2931 unusquisque,
1229 2845 1389 2930 quid
1417 2845 1538 2921 sui,
1580 2844 1739 2932 quid
1766 2844 1960 2909 alieni
2000 2846 2119 2909 sit:
2168 2845 2442 2931 supersit
2478 2844 2603 2909 sibi
2630 2844 2785 2909 libe-

363 2944 562 2992 Bellum
600 3006 612 3017 ·
689 2939 710 2970 ⁴
727 2952 870 2992 rum
900 2952 1147 3016 corpus,
1179 2952 1260 2994 an
1291 2930 1361 2994 id
1391 2953 1649 3017 quoque
1680 2954 1875 2995 nervo
1905 2931 2251 2996 debeatur.'
2340 2929 2597 2995 Merces
2622 2930 2785 2995 sedi-

369 3008 634 3055 Praeneatx-
689 3015 880 3080 tionis
907 3017 1232 3105 proposita
1250 3016 1584 3081 confestim
1612 3016 1993 3081 seditionem
2021 3018 2354 3083 excitavit:
2402 3038 2555 3081 narn
2582 3032 2653 3081 et
2674 3017 2785 3082 ad-

361 3086 498 3121 num.
685 3102 1064 3167 dicebantur
1114 3101 1321 3178 multi,
1375 3114 1440 3165 et
1497 3101 1581 3166 ad
1641 3102 2041 3168 Praenestini
2089 3104 2325 3169 famam
2382 3104 2537 3169 belii
2594 3127 2781 3169 novas

685 3190 972 3279 legiones
999 3188 1362 3255 scribendas
1389 3188 1613 3254 Patres
1641 3203 2058 3267 censuerant3
2107 3214 2271 3277 quae
2302 3204 2573 3277 utraque
2602 3190 2781 3256 simul

763 3390 791 3439 5
833 3379 1058 3428 Maxim
1095 3384 1301 3439 proptor
1341 3379 1579 3426 incertam
1620 3378 1707 3437 sa·
1772 3380 1900 3425 tates
1922 3390 2011 3438 per
2030 3392 2231 3425 censum
2252 3376 2445 3440 inspici.
2476 3378 2641 3427 Gur.

690 3443 844 3501 mam]
883 3441 1105 3491 Maxime
1126 3448 1338 3553 (propter
1369 3440 1522 3515 yar-ios
1553 3447 1604 3489 et
1636 3439 1708 3514 in·
1837 3439 1870 3491 6
1904 3442 2035 3499 Quia
2062 3443 2289 3505 oollsyam
2317 3444 2502 3503 suffici]
2554 3441 2617 3491 cf.
2645 3442 2779 3505 Supr.

693 3512 851 3556 certos
881 3522 1097 3554 rumores
1159 3522 1188 3553 e
1221 3506 1557 3567 magmtudme
1585 3519 1711 3553 aens
1776 3520 1819 3553 v.
1846 3519 1923 3567 31.

691 3570 860 3629 alieni,
882 3586 944 3619 ex
977 3586 1036 3618 eo
1063 3575 1194 3619 ortos
1217 3570 1348 3630 quod
1381 3569 1496 3617 hinc
1528 3567 1709 3616 tribuni
1844 3580 1870 3630 7
1905 3568 2135 3619 Censores
2160 3570 2275 3629 alii]
2314 3569 2379 3617 In
2406 3584 2612 3619 numero
2640 3568 2775 3619 tribu-

693 3634 851 3695 plebis
882 3640 1116 3695 augerent
1147 3649 1250 3681 rem
1279 3634 1451 3698 verbis,
1482 3638 1533 3681 et
1565 3648 1706 3693 exag-
1772 3647 1947 3681 norum
1980 3633 2195 3682 militum
2218 3649 2351 3683 cons.
2376 3642 2477 3696 pot.
2498 3634 2643 3683 huius
2670 3635 2775 3685 anni

690 3698 904 3758 geraudo
947 3696 1304 3745 invidiosiorem
1349 3698 1517 3753 etiam,
1559 3712 1705 3759 quam
1774 3696 1828 3746 0.
1866 3700 2145 3747 Terentium
2187 3703 2238 3745 et
2270 3698 2328 3746 L.
2362 3698 2624 3747 Aemilium
2664 3698 2774 3747 Bur-

694 3760 869 3807 veritas
903 3760 1105 3818 ferebat,
1140 3760 1385 3817 facerent:
1430 3760 1462 3807 il
1470 3761 1568 3808 linc
1606 3776 1708 3809 rem
1774 3761 1970 3823 ghesius
1995 3766 2216 3809 recenset
2237 3778 2299 3809 ex
2324 3760 2517 3823 Fragm.
2544 3762 2668 3811 Fast.
2689 3762 2771 3811 Ca-

574 3880 586 3891 &
692 3828 1032 3881 extenuarant,
1053 3830 1104 3872 et
1125 3822 1230 3871 eius
1257 3823 1490 3873 invidiam
1518 3826 1710 3873 mollire
1775 3824 1862 3887 pit.
1933 3826 2088 3876 Haud
2124 3825 2227 3875 seio
2262 3841 2327 3875 au
2360 3842 2581 3877 umus
2614 3828 2697 3878 diu·
2724 3824 2772 3873 hi

691 3904 752 3937 ac
783 3887 1004 3937 minuere
1037 3892 1328 3936 conarentur
1355 3887 1408 3947 ii,
1429 3888 1607 3949 quibus
1628 3905 1709 3937 ex·
1774 3890 1875 3938 duo
1896 3890 2007 3939 sint.

697 3952 926 4016 pediebat
979 3951 1050 4000 sic
1091 3950 1375 4010 existimari,
1417 3952 1711 4001 solutionem
1840 3954 1870 4001 8
1891 3956 2084 4016 Fugere
2098 3955 2347 4013 matum]
2388 3953 2634 4003 Nimirum
2654 3954 2773 4003 nolle

695 4017 989 4081 creditarum
1033 4015 1350 4079 pecuniarum
1394 4016 1505 4065 ideo
1549 4018 1712 4079 potius
1774 4024 1999 4066 senatum
2032 4018 2214 4067 habere
2246 4024 2395 4068 testes
2424 4033 2599 4067 census
2632 4018 2771 4067 cuius·

695 4080 984 4143 impeditam
1033 4097 1154 4137 esse‚
1196 4082 1328 4143 quod
1381 4082 1521 4141 fides,
1563 4096 1710 4143 quam
1776 4096 1890 4143 que,
1911 4098 1977 4131 sc.
1996 4082 2191 4131 tabulas
2213 4082 2451 4144 publicas.
2484 4082 2643 4133 cm.

696 4148 828 4207 quod
854 4147 1052 4195 fortuna
1070 4146 1304 4195 debentes
1324 4146 1569 4196 deficeret.
1638 4146 1713 4194 Ut
1846 4161 1879 4221 9
1916 4148 2235 4206 Omen-atam]
2294 4163 2361 4196 sc.
2392 4146 2601 4195 Tributo
2636 4150 2771 4198 nme·

697 4220 864 4259 autem
911 4210 963 4258 in
1013 4211 1107 4259 hac
1151 4210 1383 4259 varietate
1437 4225 1711 4258 sermonum
1778 4224 1917 4260 rano.
1953 4210 2013 4259 cf.
2036 4226 2167 4272 supr.
2193 4226 2264 4271 14.
2316 4214 2479 4269 Quum
2498 4226 2612 4259 cum
2630 4210 2771 4259 infini-

679 4273 871 4335 .‹lispici
899 4280 1076 4336 ponet,
1097 4274 1216 4335 quid
1241 4290 1406 4323 verum
1427 4276 1569 4333 foret,
1590 4273 1711 4321 nihil
1778 4274 1879 4321 tivo
1900 4289 2030 4336 supr.
2054 4274 2085 4323 i.
2112 4288 2189 4335 35.
2218 4274 2286 4324 iii.
2312 4286 2386 4336 37.
2416 4274 2479 4323 iv.
2505 4288 2583 4336 51.
2603 4280 2651 4325 et
2668 4276 2772 4326 alibi

698 4336 848 4383 satius
885 4343 1008 4396 erat,
1040 4352 1186 4397 quam
1226 4338 1525 4398 singulorum
1563 4338 1712 4385 facul·
1778 4340 1913 4399 apud
1936 4344 2151 4387 nostrum
2177 4338 2403 4391 occurrit.
