3000 4784
677 224 809 287 454
1448 216 1676 282 ΤΙΤῙ
1735 214 2004 282 LIVII

356 362 425 413 U.
448 364 507 413 ο.
531 377 643 427 4¹5·
686 366 705 396 6
726 378 961 445 aequas
1004 356 1126 419 utr‘
1206 378 1308 433 ue,
1346 356 1650 442 quoniam
1687 356 1853 419 vires
1897 377 2155 443 quoque
2197 354 2458 441 aequati
2495 346 2638 419 diis
2687 354 2826 417 im—

354 427 417 477 Ᾰ·
450 428 510 479 c·
535 443 645 493 337·
688 452 707 483 ‘
728 441 1097 507 mortalibus
1108 378 1401 529 ¹8placuit.
1498 440 1850 506 Consulem
1907 441 2176 505 alterum
2231 440 2461 517 Roma,
2513 439 2826 505 alterum

686 538 707 569 6
728 552 812 593 ex
872 528 1061 593 Latio
1116 528 1315 593 creari
1374 540 1662 615 oportet:
1739 540 1996 593 senatus
2057 540 2303 613 partem
2367 548 2660 613 aequam
2733 548 2830 589 ex

686 624 707 655 ‘
728 628 997 701 utraque
1034 628 1227 701 gente
1266 634 1441 678 esse:
1491 635 1694 677 unum
1733 613 2063 701 populum,
2093 635 2288 677 unam
2325 611 2832 699 rempublicam

687 711 707 739 ‘
728 700 905 765 fieri:
963 712 1048 777 et,
1095 712 1169 763 ut
1212 699 1464 787 imperii
1511 699 1735 763 eadem
1777 700 1958 765 sedes
1999 699 2100 776 sit,
2143 699 2446 786 idemque
2491 698 2832 762 omnibns

690 796 709 825 6
730 808 987 864 nomen,
1018 786 1323 885 quoniam
1366 786 1447 850 ab
1482 785 1786 850 alterutra
1963 809 2000 850 e
2039 784 2305 849 concedi
2344 806 2612 849 neeesse
2665 798 2830 857 θεὶς

690 882 711 911 6
778 872 909 937 uod
942 886 1224 959 utusque
1259 872 1424 936 bene
1451 884 1677 947 vertat,
1707 871 1790 935 sit
1953 895 1994 935 c
2027 894 2178 936 sane
2217 870 2422 957 patria
2459 870 2720 956 potior,
2759 883 2836 933 et

362 971 423 1020 T.
443 968 622 1020 Manlii
690 967 712 997 ‘
731 897 1013 1023 {omani
1064 980 1285 1021 omnes
1335 958 1674 1021 vocemur.’
1761 956 1950 1022 Forte
2001 958 2091 1022 ita
2139 956 2388 1033 accidit,
2439 970 2516 1019 ut
2562 978 2834 1042 parem

362 1035 655 1160 {3:42¹ss
688 1044 957 1110 ferociae
987 1044 1179 1108 huius
1206 1057 1275 1107 et
1306 1043 1586 1108 Romani
1615 1042 1938 1108 consulem
1971 1042 2050 1107 T.
2079 1042 2396 1107 Manlium
2435 1041 2791 1106 haberent
2809 1065 2830 1103 z

360 1162 625 1225 responsio.
690 1130 805 1219 qui
848 1131 1010 1196 adeo
1052 1152 1185 1194 non
1236 1129 1446 1193 tenuit
1492 1130 1671 1206 iram,
1723 1143 1817 1207 ut,
1869 1129 1923 1192 si
1977 1141 2156 1193 tanta
2196 1128 2520 1193 dementia
2561 1127 2832 1191 Patres
2851 1143 2882 1189 8

690 1217 1077 1304 conscriptos
1106 1215 1393 1302 cepisset,
1424 1228 1497 1279 ut
1525 1216 1606 1279 ab
1639 1214 1860 1280 Setino
1897 1214 2157 1280 homine
2195 1214 2368 1301 leges
2401 1214 2536 1278 aeci
2628 1228 2832 1289 rent,

689 1302 903 1390 gladio
932 1303 1212 1367 cinctum
1242 1301 1310 1365 in
1338 1313 1632 1366 senatum
1651 1314 1993 1365 venturum
2021 1324 2088 1365 se
2111 1322 2265 1378 esse,
2289 1299 2500 1387 palam
2567 1300 2828 1375 iceret,

691 1403 777 1467 et,
810 1410 1257 1476 quemcunque
1302 1387 1371 1450 in
1414 1388 1591 1451 curia
1633 1386 1938 1451 Latinum
1975 1386 2252 1465 vidisset,
2291 1408 2408 1450 sua
2448 1408 2656 1449 manu
2709 1386 2832 1449 in-

694 1485 1169 1562 terempturum.
1263 1472 1369 1551 Et,
1402 1494 1742 1538 conversus
1769 1473 1850 1537 ad
1879 1472 2286 1537 simulacrum
2313 1471 2502 1549 Iovis,
2545 1482 2564 1509 6
2583 1472 2828 1548 Audi,

696 1568 716 1599 ‘
736 1560 1002 1661 Iupiter,
1032 1559 1192 1624 haec
1218 1557 1494 1637 scelera‚'
1521 1558 1753 1645 inquit,
1787 1567 1809 1597 ‘
1827 1559 2064 1636 audite,
2095 1558 2206 1623 Ius
2235 1558 2501 1645 Fasque.
2589 1556 2830 1623 Pere-

696 1655 717 1685 ‘
736 1668 951 1733 gnnos
994 1644 1284 1711 consules
1330 1660 1399 1709 et
1442 1645 1850 1732 peregrinum
1895 1657 2186 1709 senatum
2229 1646 2298 1709 in
2341 1658 2472 1721 tuo,
2520 1642 2824 1730 Iupiter,

696 1740 715 1769 6
736 1744 1041 1817 augurato
1070 1730 1327 1817 templo,
1358 1754 1435 1795 ca
1480 1745 1583 1795 tus
1620 1743 1812 1817 atque
1853 1732 1990 1817 ipse
2017 1753 2372 1818 oppressus,
2399 1731 2654 1794 visurus
2683 1754 2770 1795 es
2791 1732 2828 1794 ἲ

696 1826 716 1855 6
740 1816 1065 1880 Haeccine
1102 1815 1363 1880 foedera
1392 1754 1625 1882 ‘llisslus
1654 1817 1988 1882 Romanus
2021 1840 2138 1881 rex
2177 1839 2324 1881 cum
2359 1815 2649 1892 Albanis)
2683 1838 2874 1905 pa-9

694 1912 713 1939 6
736 1902 937 1967 tribus
964 1900 1203 1977 vestris»,
1236 1901 1473 1980 Latini,
1507 1902 1664 1968 haec
1695 1902 1772 1966 L.
1794 1901 2187 1989 Tarquinius
2215 1903 2538 1968 vobiscum
2567 1916 2822 1988 postea
2843 1928 2866 1961 1

694 1997 715 2026 ‘
734 1988 885 2052 fecit
904 1989 934 2051 Ρ
1042 1986 1196 2051 Non
1254 1988 1431 2052 venit
1488 1990 1558 2053 in
1617 2000 1898 2053 mentem
1956 2011 2174 2076 pugna
2231 1988 2404 2075 apud
2463 1988 2816 2074 Regillum

695 2084 715 2113 6
735 2074 994 2139 lacum?
1054 2074 1215 2139 adeo
1266 2087 1335 2139 et
1381 2074 1660 2139 cladium
1703 2088 1990 2139 veterum
2031 2088 2380 2139 vestrarum
2431 2087 2498 2139 et
2547 2074 2816 2139 benefi-

493 2166 553 2227 6.
696 2170 716 2201 ‘
738 2160 979 2227 ciorum
1012 2174 1370 2225 nostrorum
1405 2183 1558 2247 erga
1581 2183 1694 2225 vos
1729 2160 1910 2225 obliti
1945 2161 2096 2225 estis
2115 2162 2173 2225 ?’
2263 2161 2486 2237 Quum
2513 2161 2816 2225 consulis

693 2270 915 2312 vocem
972 2248 1309 2311 subsecuta
1357 2246 1624 2310 Patrum
1673 2246 2030 2334 indignatio
2079 2260 2262 2325 esset,
2361 2246 2608 2311 roditur
2659 2269 2814 2311 me-

695 2334 951 2409 moriae,
1024 2332 1323 2396 adversus
1393 2334 1678 2397 crebram
1748 2332 2256 2420 implorationem
2399 2356 2570 2411 eum,
2629 2356 2810 2419 quos

696 2431 885 2483 testes
912 2418 1379 2519 foederum-sae
1427 2419 1533 2518 ius
1563 2420 1940 2520 invocabant
1968 2420 2278 2519 consules,
2309 2442 2530 2483 vocem
2563 2418 2806 2496 Annii,

364 2510 580 2625 222³:
647 2504 2806 2691 ..¹132‘2201132133132123&maegsssszwsssfiqmw‘ff

362 2640 660 2767 :gffiuffiravn
692 2676 904 2764 lapsus
931 2700 1048 2764 per
1074 2677 1326 2764 gradus,
1357 2677 1568 2764 capite
1606 2677 1879 2762 graviter
1907 2678 2168 2754 offenso,
2199 2690 2514 2764 impactus
2542 2676 2678 2741 imo
2709 2676 2808 2741 ita
2832 2708 2858 2741 ι

691 2776 789 2827 est
816 2786 987 2840 saxo,
1021 2778 1094 2828 ut
1120 2764 1450 2849 sopiretur.
1523 2762 1974 2827 Exanimatum
2005 2776 2292 2827 auctores
2322 2763 2629 2849 quoniam
2657 2785 2804 2827 non

690 2870 911 2912 omnes
960 2863 1128 2924 sunt,
1174 2848 1335 2912 mihi
1378 2871 1637 2935 quoque
1690 2848 1758 2911 in
1809 2849 2054 2914 incerto
2103 2848 2397 2913 relictum
2447 2848 2528 2912 sit
2549 2873 2568 2911 ε
2625 2849 2804 2913 sicut

686 2932 857 2996 inter
882 2932 1214 2997 foederum
1252 2948 1584 3021 ruptorum
1625 2933 2026 3007 testationem
2065 2935 2312 3023 ingenti
2347 2934 2596 3023 fragore
2627 2934 2804 3001 coeli

760 3131 790 3179 8
824 3130 879 3179 Si
914 3136 1055 3179 tanea
1088 3132 1355 3190 dementia]
1416 3130 1556 3179 Hinc
1594 3146 1707 3180 cum
1773 3133 1906 3181 haud
1924 3132 2071 3181 dubie
2083 3134 2804 3196 superior-Romanarum.-

692 3194 967 3243 Niebuhn'o
1000 3193 1233 3257 suspicari
1266 3194 1383 3243 licet
1410 3196 1648 3257 quosdam
1681 3213 1710 3245 e
1773 3202 1880 3245 tum
1905 3212 2018 3245 vero
2037 3212 2070 3245 a
2090 3197 2174 3259 Sp.
2199 3196 2368 3246 Cassio
2375 3198 2558 3257 foedus
2577 3212 2802 3271 aqum

692 3258 922 3308 Patribus
934 3257 1233 3321 conscriptis
1246 3260 1602 3322 postulationes
1617 3260 1708 3307 La-
1775 3275 1887 3308 cum
1923 3258 2113 3309 Latinis
2143 3268 2449 3319 renovatum,
2479 3274 2612 3321 supr.
2635 3276 2687 3309 ιι.
2716 3276 2798 3323 33.

690 3323 905 3371 tinorum
928 3338 1109 3385 aequas
1138 3328 1189 3371 et
1220 3322 1449 3373 honestas
1469 3338 1574 3371 esse
1596 3339 1706 3371 cen·
1773 3324 1912 3371 cuius
1945 3323 2304 3371 conditionibus
2339 3322 2455 3371 licet
2487 3338 2575 3385 per
2607 3326 2800 3373 multos

692 3387 857 3437 suisse.
1771 3402 1924 3435 annos
1947 3386 2160 3435 Romani
2183 3387 2443 3446 stetissent,
2463 3392 2632 3434 tamen
2655 3388 2794 3436 haud

762 3466 795 3525 9
834 3452 1061 3510 Albanis,
1098 3452 1328 3513 patribus
1370 3453 1566 3510 vestris]
1626 3450 1709 3498 Ita
1772 3449 1939 3511 dubie,
1977 3466 2129 3511 quum
2171 3466 2250 3499 res
2291 3452 2548 3499 Romanae
2589 3450 2643 3498 in
2685 3452 2796 3501 dies

693 3516 891 3575 quidem
914 3514 1065 3563 Dion.
1088 3514 1155 3565 iii.
1181 3529 1256 3577 34.
1285 3514 1485 3577 triginta
1511 3514 1706 3563 Latino-
1772 3513 2032 3563 validiores
2065 3514 2253 3572 flerent,
2289 3530 2376 3577 per
2410 3513 2600 3574 aliquot
2635 3530 2794 3563 annos

692 3592 800 3625 rum
824 3578 1026 3641 oppida,
1047 3594 1189 3641 quae,
1210 3578 1362 3627 Tullo
1387 3578 1580 3627 Romae
1608 3592 1708 3639 reg·
1773 3584 1889 3626 ante
1921 3579 2091 3626 urbem
2125 3593 2158 3627 a
2185 3577 2346 3626 Gallis
2372 3582 2568 3639 captam
2597 3578 2792 3626 Latinis

692 3646 860 3699 nante,
886 3642 1143 3701 florebant,
1168 3641 1385 3691 colonias
1406 3643 1566 3691 Albae
1597 3642 1710 3689 sub-
1773 3641 2152 3703 imperitabant:
2197 3641 2330 3689 unde
2363 3640 2528 3689 evenit
2561 3646 2618 3689 ut
2655 3642 2790 3689 Luti-

690 3702 843 3750 iectas
864 3703 1014 3752 fuisse
1034 3705 1217 3763 scribit,
1238 3707 1323 3753 sed
1345 3706 1389 3754 N
1396 3704 1619 3753 iebuhrio
1643 3704 1708 3752 vi·
1773 3718 1864 3753 nos
1886 3707 2112 3766 dejecisse
2135 3710 2296 3753 narret
2318 3704 2489 3754 Livius
2506 3704 2568 3752 vi.
2587 3719 2632 3753 π.
2657 3712 2788 3767 post-

692 3766 836 3812 detur
846 3766 1032 3827 oppida
1044 3768 1241 3829 triginta
1256 3768 1540 3816 Latinorum
1561 3768 1710 3843 prius,
1773 3782 1832 3817 ea
1865 3784 1978 3817 vero
2009 3770 2191 3830 foedus
2225 3784 2438 3832 aequum
2467 3768 2652 3817 additis
2681 3770 2790 3830 qui-

692 3842 841 3889 quam
864 3828 995 3875 Alba.
1016 3830 1212 3877 condita
1233 3836 1375 3889 esset,
1396 3830 1446 3878 in
1474 3836 1706 3881 societate
1771 3834 1976 3880 busdam
2011 3831 2372 3881 conditionibus
2404 3832 2551 3880 tertio
2585 3846 2790 3880 renova-

691 3892 903 3953 quadam
935 3890 1065 3939 inter
1094 3908 1147 3941 se
1182 3892 1444 3942 coniuncta
1471 3895 1707 3956 extitisse,
1769 3900 1895 3957 tum,
1923 3895 2003 3944 vii.
2039 3910 2111 3945 ια.
2195 3896 2312 3945 Hoc
2351 3902 2518 3943 autem
2563 3900 2790 3957 tempore

690 3954 741 4005 ii.
765 3971 813 4019 p.
839 3970 914 4004 21.
1158 3988 1227 4004 -.
1769 3959 1989 4007 omnium
2019 3974 2180 4009 rerum
2205 3959 2486 4007 societatem
2510 3960 2790 4021 deposcunt

768 4034 789 4068 1
825 4022 882 4068 L.
912 4020 1236 4084 Tarquinius]
1286 4020 1347 4070 ef.
1374 4020 1519 4083 Supr.
1552 4020 1584 4072 i.
1627 4035 1702 4085 52.
1770 4022 1953 4082 Latini,
1976 4025 2173 4085 quando
2201 4023 2438 4071 hactenus
2458 4024 2654 4071 foedere
2679 4040 2788 4071 nu-

690 4084 965 4133 Niebuhrio
997 4086 1163 4161 placet
1193 4083 1394 4133 Latinos
1426 4086 1639 4148 primum
1673 4103 1704 4135 a
1766 4094 1882 4137 tuae
1913 4090 2208 4149 defensionis
2231 4102 2389 4149 aequo
2409 4102 2522 4135 cum
2545 4088 2790 4136 Romanis

690 4148 856 4198 Servio
872 4148 1041 4197 Tulho
1064 4150 1113 4198 in
1125 4150 1305 4210 foedus
1327 4164 1439 4197 cum
1464 4150 1705 4199 Romanis
1767 4149 1923 4199 iuncti
1944 4156 2120 4200 essent.

688 4227 895 4285 aequum
915 4220 1145 4275 acceptos
1164 4228 1296 4262 essee
1334 4212 1510 4263 deinde
1531 4229 1564 4261 a
1583 4214 1702 4263 Tar-
1833 4230 1860 4262 ἰ
1895 4218 2001 4263 Per
2021 4217 2234 4277 yradm]
2278 4217 2339 4265 cf.
2363 4215 2505 4277 Supt.
2527 4214 2561 4264 i.
2585 4216 2662 4275 48.
2711 4232 2784 4263 εο-

688 4276 856 4334 quinio
880 4276 1048 4325 Princo
1074 4277 1125 4325 in
1146 4276 1429 4325 societatem
1450 4278 1703 4327 deterioris
1762 4281 1961 4341 pir-etur
1983 4294 2114 4345 supr.
2137 4280 2168 4327 i.
2193 4294 2268 4341 4¹·

688 4340 813 4387 iuris
835 4340 950 4387 dolo
972 4342 1183 4401 quodam
1215 4342 1510 4403 compulsos,
1535 4340 1584 4388 in
1607 4356 1706 4405 qua
