3000 4784
714 206 843 270 234
1402 249 1407 255 .
1478 202 1705 270 T1T1
1764 202 2038 271 L1v11
2115 183 2128 195 “

662 384 677 399 .
716 339 943 415 coiere,
974 350 1042 402 et
1068 336 1455 424 interregem
1494 359 1804 403 creavere.
1899 338 2270 414 Contentio,
2301 335 2708 414 consulesne,
2747 359 2842 401 an
2944 332 2945 379 ἶ

662 448 677 461 ·
716 423 957 489 tribuni
1000 422 1273 487 militum
1316 438 1703 501 crearentur,
1748 424 1818 488 in
1862 425 2224 511 interregno
2267 444 2404 487 rem
2453 424 2594 488 dies
2641 446 2847 488 com-

716 510 929 597 plures
985 510 1214 574 tenuit.
1312 508 1606 575 Interrex
1663 532 1738 574 ac
1795 526 2070 587 senatus,
2129 510 2462 575 consulum
2520 510 2840 574 comitia:
2944 532 2945 535 ¹

717 596 957 661 tribuni
999 594 1204 682 plebis
1238 607 1306 659 et
1341 595 1542 681 plebs,
1573 597 1974 660 tribunorum
2013 596 2296 661 militum
2331 612 2406 660 ut
2439 596 2844 671 habeantur,

718 682 1010 747 tendunt.
1101 680 1417 746 Vicerunt
1444 682 1685 758 Patres,
1711 682 1863 768 quia
1882 696 1950 746 et
1974 682 2174 769 plebe,
2197 682 2476 768 patriciis
2503 703 2618 745 seu
2643 680 2845 743 hunc

718 791 833 832 seu
862 767 1041 831 illum
1080 766 1368 831 delatura
1401 767 1729 845 honorem,
1761 768 1992 832 frustra
2028 781 2270 832 certare
2309 766 2706 853 superseditz
2765 779 2846 829 et

682 919 689 931 ,
718 853 1039 941 principes
1067 852 1272 940 plebis
1300 876 1377 917 ea
1398 854 1655 918 comitia
1683 854 2021 930 malebant,
2053 854 2284 940 quibus
2311 874 2446 917 non
2474 852 2847 917 haberenrr

718 938 881 1003 ratio
909 940 1029 1015 sui,
1060 960 1251 1026 quam
1283 940 1516 1025 quibus
1543 954 1616 1003 ut
1651 940 1900 1026 indigni
1937 940 2448 1028 praeterirentur.
2539 936 2846 1002 Tribuni

721 1048 977 1112 quoque
1006 1025 1209 1111 plebis
1246 1038 1569 1090 certamen
1604 1026 1741 1089 sine
1771 1026 2002 1090 effectu
2033 1026 2102 1089 in
2141 1024 2454 1090 beneficio
2485 1024 2657 1123 apud
2687 1024 2844 1110 pri-

720 1133 928 1175 mores
957 1111 1223 1175 Pati-um
1262 1110 1379 1175 reli
1425 1134 1595 1176 uere.
1687 1112 1767 1176 T.
1805 1111 2150 1186 Quinctius
2193 1110 2504 1174 Barbatus
2531 1122 2843 1174 interrex

718 1198 1011 1263 consules
1048 1210 1221 1261 creat
1262 1196 1339 1261 L.
1378 1134 1709 1285 {apiriam
1745 1196 2196 1284 Mugillanum,
2238 1196 2318 1261 L.
2365 1195 2840 1282 Sempronium

721 1282 1109 1348 Atratinum.
1202 1282 1325 1347 His
1367 1285 1730 1348 consulibus
1763 1306 1912 1348 cum
1943 1282 2330 1347 Ardeatibus
2365 1280 2592 1347 foedus
2630 1304 2840 1345 reno-

714 1383 936 1435 -vatum
976 1382 1110 1435 est:
1172 1370 1367 1456 idque
1404 1371 1802 1434 monumenti
1845 1384 1962 1447 est,
2009 1368 2299 1433 consules
2341 1390 2449 1432 eos
2495 1366 2608 1432 illo
2646 1390 2838 1432 anno

718 1456 931 1533 fuisse,
962 1457 1076 1541 qui
1104 1478 1317 1541 neque
1346 1456 1415 1519 in
1444 1456 1776 1520 annalibus
1801 1455 2042 1542 priscis,
2071 1478 2284 1541 neque
2315 1455 2383 1517 in
2411 1454 2590 1518 libris
2617 1454 2840 1541 magi-

720 1554 1031 1606 stratuum
1059 1540 1489 1606 inveniuntur.
1587 1540 1819 1617 Cred0,
1851 1541 2028 1628 quod
2057 1541 2296 1605 tribuni
2325 1540 2602 1603 militum
2633 1540 2840 1604 initio

722 1627 877 1691 anni
916 1627 1195 1704 fuerunt,
1240 1648 1338 1703 e0,
1380 1626 1648 1725 perinde
1691 1650 1764 1691 ac
1805 1628 1858 1691 si
1903 1640 2108 1691 totum
2152 1646 2394 1691 annum
2435 1626 2502 1690 in
2549 1626 2836 1711 imperio

720 1712 977 1788 fuerint,
1017 1710 1297 1775 suffectis
1338 1712 1439 1775 his
1476 1712 1856 1789 consulibus,
1887 1714 2326 1799 praetermissa
2359 1712 2624 1777 nomina
2665 1735 2838 1776 con-
2853 1732 2886 1779 8

720 1796 931 1861 sulum
980 1797 1223 1860 horum.
1314 1796 1604 1862 Licinius
1651 1796 1878 1863 Macer
1917 1811 2137 1863 auctor
2181 1813 2294 1875 est,
2339 1811 2406 1863 et
2447 1798 2516 1861 in
2557 1798 2832 1863 foedere
2849 1825 2884 1873 9

722 1882 1099 1959 Ardeatino,
1118 1896 1188 1947 et
1214 1883 1283 1946 in
1312 1882 1526 1947 linteis
1552 1883 1727 1948 libris
1748 1884 1830 1948 ad
1861 1884 2165 1949 Monetae
2189 1886 2462 1950 inventa.
2541 1884 2632 1949 Et
2646 1885 2830 1961 foria,
2859 1896 2880 1929 ¹

719 1990 925 2121 prium
954 1980 1048 2033 tot
1078 1982 1347 2034 terrores
1368 1992 1408 2033 a
1426 1968 1714 2033 finitimis
1743 1971 2040 2035 ostentati
2061 1984 2289 2049 essent,
2311 1984 2378 2036 et
2407 1970 2582 2035 domi
2611 1972 2834 2037 otium
2853 1959 2882 1992 ²

749 2068 861 2120 ult.

810 2140 1010 2207 Hunc
1044 2163 1284 2206 annum
1344 2164 1459 2207 seu
1496 2142 1784 2207 tribunos
1818 2142 2030 2221 modo,
2061 2165 2176 2208 seu
2215 2144 2483 2209 tribunis
2519 2144 2834 2209 suffectos

725 2228 1013 2293 consules
1042 2251 1299 2315 quoque
1374 2229 1582 2315 abuit)
1603 2230 1890 2316 sequitur
1915 2252 2122 2294 annus
2149 2229 2320 2294 haud
2349 2229 2559 2293 dubiis
2585 2252 2834 2293 consu·—

724 2314 909 2391 libus‚
935 2314 1033 2377 M.
1066 2313 1358 2402 Geganio
1381 2314 1714 2382 Macerino
1737 2316 1988 2392 iterum,
2009 2316 2088 2380 T.
2115 2313 2422 2390 Quinctio
2447 2314 2830 2415 Capitolino

772 2400 1022 2465 uintum
1068 2399 1516 2487 [consulibus]
1609 2400 1792 2466 Idem
1831 2401 1936 2466 hic
1975 2424 2179 2465 annus
2217 2423 2518 2466 censurae
2559 2400 2826 2465 mitium
2847 2426 2878 2473 3

752 2487 866 2564 uit,
910 2487 1003 2551 rei
1046 2510 1085 2550 a
1124 2509 1319 2574 parva
1360 2487 1602 2575 origine
1647 2502 1855 2552 ortae:
1951 2509 2066 2551 uae
2111 2486 2345 2551 deinde
2389 2500 2568 2551 tanto
2609 2486 2830 2551 incre-

724 2588 943 2639 mento
970 2587 1157 2637 aucta
1192 2586 1308 2651 est,
1338 2587 1412 2639 ut
1440 2596 1688 2638 morum
1727 2573 1929 2660 discip
1957 2574 2224 2660 'uaeque
2257 2573 2585 2639 Romanae
2621 2596 2830 2659 penae

793 2792 825 2839 8
864 2792 1223 2839 Praeter-missa
1258 2792 1457 2839 mina
1490 2792 1744 2841 consulum
2527 2806 2649 2839 uum
2687 2791 2830 2839 libris

726 2854 925 2913 horum]
968 2854 1078 2901 Hos
1100 2868 1213 2901 vero
1234 2868 1456 2902 censores
1486 2853 1582 2902 boc
1613 2870 1744 2902 anno

728 2922 918 2965 creatos
959 2917 1107 2964 fuisse
1149 2924 1315 2964 censet
1354 2917 1562 2966 Niebhr.
1599 2918 1649 2966 ii.
1690 2934 1739 2980 p.

730 2994 843 3043 409,
866 2984 917 3027 et
938 2980 1137 3026 nomina
1157 2994 1325 3026 eorum
1358 2995 1455 3027 non
1488 2980 1582 3027 nisi
1609 2996 1741 3028 anno

728 3048 963 3103 sequente
994 3042 1045 3090 in
1080 3042 1253 3089 Festos
1284 3043 1439 3090 relata
1466 3058 1588 3103 esse,
1610 3045 1741 3105 quod

726 3111 835 3220 ιόιιιι
887 3106 1098 3183 primum
1144 3120 1345 3154 censum
1390 3106 1613 3169 egissent.
1679 3108 1740 3157 cf.

718 3210 721 3215 .
786 3186 881 3219 ion.
904 3186 937 3220 1.
1026 3206 1038 3219 .

792 3250 825 3299 9
856 3182 1078 3285 aazias
1098 3236 1301 3295 Macer]
1344 3234 1564 3297 scriptor
1582 3240 1634 3284 et
1653 3234 1740 3283 ali-

730 3299 781 3347 bi
830 3314 977 3363 saepe
1022 3300 1161 3347 Livio
1210 3305 1522 3348 memoratus.
1610 3300 1740 3347 Eum

732 3362 954 3421 Vossius,
982 3363 1045 3411 de
1079 3363 1266 3412 Hister.
1298 3364 1406 3412 Lat.
1428 3364 1461 3411 i.
1491 3378 1564 3411 ιο.
1588 3363 1740 3425 suspi-

730 3432 870 3474 catur
906 3428 1116 3475 eundem
1154 3442 1274 3486 esse,
1311 3428 1395 3489 qui
1434 3442 1465 3475 a
1505 3427 1742 3476 Cicerone

729 3494 952 3552 praetore
973 3490 1169 3539 iamiam
1189 3492 1495 3539 damnandus
1517 3497 1740 3553 repetun-

728 3554 921 3615 darum,
958 3560 1167 3603 mortem
1204 3555 1295 3603 sibi
1332 3554 1439 3617 ipse
1476 3554 1738 3603 conscivit:

729 3632 827 3665 non
860 3621 1188 3679 spernendum
1221 3624 1478 3677 oratorem,
1509 3618 1744 3667 Cicerone

728 3680 891 3729 iudice
919 3683 969 3729 in
999 3682 1156 3730 Bruto
1184 3684 1294 3743 238.
1322 3688 1513 3745 patrem
1543 3682 1742 3743 insignis

730 3746 949 3804 oratoris,
983 3746 1159 3794 Licinii
1197 3744 1355 3795 Calvi.
1421 3746 1570 3796 Certe
1609 3746 1742 3794 hunc

732 3809 795 3857 de
820 3822 917 3869 quo
952 3808 1123 3858 Livius
1150 3810 1252 3872 agit
1284 3808 1592 3857 historiarum
1627 3809 1741 3857 scri-

732 3872 951 3934 ptoremss
976 3873 1122 3921 fuisse
1157 3872 1489 3935 perantiquae,
1523 3877 1581 3920 ut
1617 3872 1744 3921 inter

734 3935 967 3997 plebeios,
998 3937 1269 3985 nobilitatis
1295 3942 1502 3986 constat.
1531 3936 1592 3985 cf.
1629 3936 1739 3984 infr.

732 3999 813 4047 vii.
836 4014 883 4064 9.
916 4000 1077 4049 θην.

802 4078 821 4112 1
857 4066 1047 4112 Limaen's
1066 4063 1231 4126 libris]
1264 4064 1327 4112 In
1349 4080 1471 4125 quos
1490 4063 1740 4127 magistra-

730 4131 870 4175 tuum
903 4127 1103 4175 nomina
1134 4128 1478 4187 referebantur,
1498 4132 1556 4176 ut
1587 4142 1738 4189 appa-

730 4196 806 4239 ret
826 4191 933 4239 infr.
964 4204 1034 4251 13.
1059 4196 1110 4238 et
1132 4204 1209 4239 20.
1276 4191 1427 4240 Unde
1460 4191 1637 4239 mirum
1672 4184 1738 4238 vi·

732 4254 875 4301 detur
916 4268 1127 4314 quonam
1170 4255 1318 4301 modo
1358 4254 1526 4303 Livius
1570 4254 1740 4315 paullo

731 4322 845 4363 ante
877 4316 1081 4364 scribere
1118 4316 1331 4377 potuerit
1362 4316 1536 4365 horum
1571 4332 1738 4365 consu-

1806 2788 1912 2837 lum
1949 2790 2152 2838 nomina
2185 2790 2238 2837 in
2275 2790 2530 2853 magistrat

1805 2868 1906 2901 non
1945 2851 2170 2911 inveniri,
2211 2868 2338 2915 quae
2385 2854 2435 2902 in
2479 2853 2646 2902 linteis
2687 2855 2832 2903 libris

1805 2922 1997 2965 exstare
2021 2932 2118 2965 non
2141 2923 2302 2979 negat.
2367 2918 2468 2966 Sed
2497 2916 2734 2966 nimirum
2769 2919 2828 2967 li-

1805 2982 1920 3029 bros
1954 2981 2132 3029 linteos
2173 2996 2272 3029 non
2314 2980 2594 3043 inspexerat
2634 2982 2828 3041 Idrias,

1805 3060 1898 3093 nec
1933 3045 2134 3093 fortasse
2167 3044 2202 3093 ii
2235 3044 2334 3092 iam
2373 3047 2634 3093 exstabant
2665 3062 2826 3109 quum

1803 3108 1892 3156 ille
1911 3108 2165 3157 scriberet:
2201 3108 2254 3156 in
2279 3108 2338 3157 iis
2369 3115 2538 3158 autern
2571 3110 2826 3172 magistra-

1803 3177 1947 3221 tuum
1980 3171 2114 3220 libris
2138 3188 2260 3234 quos
2290 3172 2425 3221 adire
2457 3179 2705 3235 potuerat,
2737 3190 2826 3223 no—

1805 3235 1941 3283 mina
1973 3235 2144 3284 horum
2169 3237 2424 3285 consulum
2445 3252 2546 3285 non
2569 3252 2826 3301 compare

1804 3298 1938 3348 bant.
1973 3300 2134 3348 Casv.

1871 3378 1900 3410 α
1931 3365 2016 3411 Ad
2035 3365 2293 3424 Monetae]
2333 3362 2414 3413 De
2433 3364 2560 3413 aede
2582 3364 2824 3415 Monetae

1805 3426 1866 3473 cf.
1890 3426 2000 3475 infr.
2024 3426 2104 3475 vii.
2127 3428 2204 3475 28.
2239 3429 2400 3477 caer.

1873 3504 1900 3551 3
1934 3490 2206 3550 Cenem-ae]
2253 3492 2408 3541 Cuius
2437 3508 2643 3541 munera
2675 3500 2824 3542 antes

1805 3555 2030 3605 consules
2049 3555 2286 3617 agebant:
2321 3556 2418 3603 iam
2441 3570 2574 3617 vero,
2586 3558 2824 3619 quoniam

1807 3618 2012 3679 plebeiis
2041 3618 2318 3667 tribunatus
2348 3619 2576 3668 militaris
2601 3622 2824 3682 patebat,

1803 3695 2008 3729 munera
2033 3696 2265 3732 censurae
2295 3684 2360 3731 ad
2393 3684 2708 3746 magistratus
2737 3700 2822 3732 no—

1811 3760 1893 3793 vos
1929 3746 2096 3793 delata
2135 3752 2264 3795 sunt.
2332 3746 2406 3795 Hi
2441 3748 2756 3810 megisuatus
2791 3766 2824 3797 a

1806 3806 1950 3857 curiis
1967 3809 2222 3867 nominati,
2233 3816 2384 3873 atque
2403 3826 2434 3859 e
2453 3812 2688 3860 centuriis
2708 3828 2822 3862 con·

1805 3872 2013 3920 firmati:
2049 3874 2181 3923 unde
2212 3876 2393 3933 evenit,
2413 3880 2488 3933 ut,
2509 3876 2698 3937 populo
2720 3892 2821 3925 non

1801 3936 2018 3997 amplius
2032 3936 2254 3986 curiatim
2272 3946 2558 3998 convocato,
2571 3940 2821 3989 centuriae

1803 3998 1931 4046 binis
1961 4000 2173 4049 comitiis
2201 4002 2264 4050 de
2295 4002 2498 4065 singulis
2529 4003 2820 4066 magistrati-

1803 4064 1896 4111 bus
1924 4062 2212 4125 iudicarent,
2244 4066 2376 4127 quod
2407 4066 2702 4127 quibusdam
2737 4084 2818 4130 po-

1801 4126 2014 4175 sterioris
2047 4130 2158 4176 aevi
2197 4128 2512 4191 scriptoribus
2541 4132 2820 4181 admiratio-

1802 4206 1916 4238 nem
1947 4193 2188 4241 movebat.
2223 4194 2285 4241 cf.
2317 4194 2422 4242 Cic.
2452 4195 2564 4243 adv.
2599 4196 2740 4245 Rull.
2769 4196 2819 4246 ii.

1809 4264 1880 4302 11.
1917 4254 2124 4305 Niebhr.
2146 4256 2197 4305 ii.
2219 4272 2268 4305 n.
2291 4260 2402 4317 872.
