3000 4784
664 231 793 295 472
1437 225 1666 293 ΤΙΤΙ
1723 225 1998 292 LIVII

344 373 415 423 U.
436 374 497 425 ο.
520 389 631 436 422.
671 362 1063 451 Tranquillis
1106 365 1313 442 rebus,
1342 364 1514 429 fama
1543 364 1778 430 Gallici
1803 364 1958 430 belli
2031 388 2102 430 ro
2135 363 2416 429 tumultu
2445 360 2674 437 valuit,
2701 372 2776 424 ut
2791 388 2810 421 ι

342 438 405 487 A.
440 440 500 489 ⁰·
526 454 633 515 3239·
672 450 1047 515 dictatorem
1087 450 1215 515 dici
1256 451 1553 538 placeret.
1644 450 1877 517 Dictus
1921 388 2030 516 Mp
2045 450 2338 538 Papirius
2382 448 2682 524 Oramus,
2711 462 2816 511 et:

342 502 659 619 ἐξὲξξὲω
674 538 971 623 magister
1007 538 1299 624 equitum
1338 537 1412 603 P.
1434 538 1730 603 valerius
1762 537 2110 603 Publicola.
2201 538 2266 601 A
2297 536 2532 623 quibus
2567 556 2778 621 quum

672 622 957 687 delectus
984 624 1311 702 intentius,
1334 646 1530 710 quam
1559 624 1858 691 adversus
1890 624 2163 695 finitima
2187 622 2373 700 bella,
2401 622 2780 694 haberetur,

672 708 1099 796 exploratores
1144 711 1315 775 missi
1374 710 1744 787 attulerunt,
1793 711 2014 795 quieta
2061 708 2276 775 omnia
2325 706 2498 795 apud
2543 704 2784 771 Gallos

672 816 824 859 eaee.
920 795 1249 860 Samnium
1280 819 1538 883 quoque
1577 798 1706 860 iam
1734 796 2006 861 alterum
2033 818 2274 860 annum
2313 792 2554 859 turbari
2591 791 2784 857 novis

672 882 949 947 consiliis
992 896 1356 969 suspectum
1406 897 1576 947 erat:
1639 905 1718 946 eo
1774 905 1860 948 ex
1907 904 2060 969 agro
2117 881 2400 947 Sidicino
2450 879 2784 944 exercitus

344 998 629 1047 Alexander
674 966 1005 1033 Romanus
1050 992 1182 1032 non
1228 982 1325 1033 est
1374 968 1703 1034 deductus.
1799 967 2106 1033 Ceterum
2161 967 2478 1033 Samnites
2526 964 2784 1030 bellum

343 1060 611 1124 Epirensis.
674 1053 1029 1119 Alexandri
1078 1054 1403 1141 Epirensis
1451 1056 1524 1119 in
1574 1054 1870 1120 Lucanos
1915 1054 2143 1119 traxit:
2205 1054 2320 1141 qui
2369 1052 2501 1118 duo
2541 1050 2782 1139 populi

674 1139 969 1205 adversus
1013 1162 1247 1227 regem,
1288 1142 1770 1206 exscensionem
1812 1164 1852 1206 a
1893 1140 2124 1205 Paesto
2165 1140 2525 1213 facientem,
2613 1138 2628 1150 '
2731 1138 2748 1149 ”
2799 1162 2828 1208 3

672 1226 914 1292 collatis
955 1242 1416 1314 pugnaverunt.
1509 1226 1608 1291 Eo
1652 1228 1997 1293 certamine
2041 1226 2328 1314 superior
2373 1224 2642 1289 Alexan
2691 1246 2784 1298 er,

672 1313 987 1378 incertum
1018 1335 1145 1400 qua
1172 1312 1301 1377 fide
1336 1312 1641 1390 culturus,
1673 1314 1728 1377 si
1838 1314 2022 1379 rinde
2051 1327 2266 1377 cetera
2296 1308 2782 1399 processioeent,

344 1420 522 1472 Novae
541 1422 622 1473 tri-
672 1421 897 1486 pacem
944 1422 1093 1463 cum
1142 1398 1451 1463 Romanis
1496 1399 1666 1463 fecit.
1861 1398 2008 1464 dem
2065 1422 2236 1464 auno
2287 1419 2512 1463 census
2565 1408 2786 1471 1101118,

342 1485 951 1571 busmaqeianovique
994 1484 1163 1549 cives
1190 1486 1397 1550 censi:
1445 1486 1647 1549 tribus
1689 1507 1806 1571 pro
1853 1500 1950 1549 ter
1991 1508 2102 1549 eos
2129 1484 2381 1549 additae
2412 1481 2684 1547 Maecia
2719 1502 2834 1551 et*

343 1556 395 1600 Β*
414 1552 629 1616 Sapua„
678 1569 958 1658 Scaptia:
1006 1592 1299 1635 censores
1344 1570 1732 1636 addiderunt
1888 1570 2205 1635 Publilius
2243 1569 2456 1646 Philo,
2505 1568 2620 1655 Sp.
2651 1569 2788 1634 Po-

672 1658 957 1721 stumius.
1052 1656 1329 1721 Romani
1356 1656 1507 1722 facti
1538 1656 1866 1735 Acerrani,
1895 1657 2038 1744 lege
2083 1658 2163 1722 ab
2193 1657 2272 1721 L.
2297 1655 2554 1743 Papirio
2583 1678 2832 1742 prae-5

672 1755 809 1806 tore
854 1742 998 1818 lata,
1041 1764 1171 1826 qua
1208 1743 1427 1807 civitas
1469 1744 1606 1807 sine
1651 1744 1949 1830 suffragio
1989 1742 2153 1808 data.
2247 1741 2430 1807 Haec
2472 1752 2552 1805 eo
2597 1765 2790 1807 1111110

672 1826 845 1890 domi
877 1826 1267 1913 militiaeque
1296 1842 1491 1913 gesta.

455 1916 557 1976 18.
758 1910 1011 1977 Foedus
1028 1912 1165 1977 inse
1212 1934 1371 1977 uens
1392 1935 1598 1979 annus
1615 1938 1728 1979 seu
1757 1916 2133 2003 intemperie
2155 1915 2337 1992 coeli,
2355 1938 2468 1979 seu
2489 1914 2792 1981 humana

348 1998 417 2048 U·
439 1999 499 2048 C·
522 2012 633 2061 423·
670 1997 891 2063 fraude
944 1998 1084 2075 fuit,
1210 2045 1227 2062 .
1255 1998 1530 2065 Claudio
1589 2000 1920 2079 Marcello,
1969 2002 2048 2066 C.
2073 2001 2334 2067 Valerio
2383 2000 2782 2067 consulibus.

342 2063 640 2177 iffi-gisi&
673 2083 970 2150 Flaccum
1000 2083 1415 2173 Potitumque
1446 2087 1615 2151 varie
1646 2087 1714 2150 in
1745 2088 2076 2153 annalibus
2105 2110 2460 2175 cognomen
2489 2088 2786 2153 consulis

342 2191 403 2241 C.
420 2190 620 2241 Valerio
642 2162 658 2189 '
672 2172 965 2237 invenio:
1014 2183 1313 2249 ceterum,
1346 2172 1414 2236 in
1454 2196 1551 2250 eo,
1583 2174 1760 2259 parvi
1793 2174 2003 2251 refert,
2035 2174 2192 2261 quid
2233 2174 2366 2238 veri
2403 2173 2503 2237 sit.
2591 2170 2784 2238 Illud

343 2254 479 2307 00⁶⁸·
670 2257 997 2345 pervelim,
1032 2258 1184 2344 (nec
1228 2280 1450 2323 omnes
1494 2272 1782 2323 auctores
1825 2259 2004 2345 sunt)
2042 2260 2364 2346 proditum
2402 2258 2558 2323 falso
2605 2282 2780 2337 esse,

669 2344 933 2408 venenis
950 2345 1331 2431 absumptOS‚
1352 2366 1622 2444 quorum
1648 2366 1815 2410 mors
1833 2345 2134 2410 infamem
2151 2368 2391 2410 annum
2409 2345 2784 2431 pestilentia
2797 2360 2835 2410 6

668 2430 908 2495 fecerit.
1004 2428 1183 2494 Sicut
1216 2431 1510 2517 proditur
1545 2445 1760 2496 tamen
1802 2454 1922 2508 rea,
1953 2455 2036 2497 ne
2067 2432 2174 2496 cui
2213 2446 2542 2496 auctorum
2571 2430 2783 2497 fidem

343 2522 599 2574 Venefieia
672 2516 1123 2616 abrogaverim,
1184 2517 1565 2603 exponenda
1621 2530 1735 2581 est.
1849 2517 2071 2593 Quum
2131 2518 2438 2605 primores
2496 2518 2786 2583 civitatis

341 2595 585 2701 Quona-
670 2602 979 2667 similibus
1028 2602 1284 2679 morbiS‚
1334 2604 1690 2689 eodemque
1741 2603 1940 2668 ferme
1987 2626 2208 2670 omnes
2253 2616 2508 2681 eventu,
2561 2626 2784 2669 moreb

454 2688 467 2703 ’
668 2701 921 2765 rentur3
970 2687 1197 2753 ancilla
1224 2688 1540 2774 quaedam
1569 2688 1652 2753 ad
1687 2688 1770 2765 Q.
1804 2688 2073 2755 Fabium
2103 2690 2466 2755 Maximum
2495 2689 2782 2756 aedilem
2805 2716 2838 2763 ⁷

738 2908 757 2939 1
794 2894 899 2939 Pro
931 2894 1171 2950 tumnultu]
1221 2892 1393 2951 Aeque
1430 2906 1488 2939 ac
1529 2891 1569 2939 si
1607 2896 1680 2939 tu-
1745 2890 2007 2940 existimat.
2049 2890 2270 2940 Velitrae
2285 2891 2336 2940 in
2355 2890 2558 2953 Scaptia
2573 2891 2784 2954 regione

666 2956 854 3002 multus
869 2960 1008 3001 esset.
1056 2954 1137 3001 De
1153 2957 1367 3003 tumultu
1383 2956 1443 3003 cf.
1454 2969 1586 3017 supr.
1601 2955 1682 3003 111.
1747 2961 1904 3015 erant,
1925 2955 2112 3017 quippe
2136 2970 2257 3017 gens
2277 2956 2488 3004 Octavia
2511 2956 2784 3017 Scaptien-

669 3032 716 3080 9.
1747 3019 1830 3078 sis,
1850 3025 1901 3068 et
1924 3020 2098 3067 eadem
2117 3018 2322 3067 Velitris
2347 3019 2468 3067 olim
2501 3018 2666 3080 praeci
2671 3034 2782 3081 pun

737 3096 763 3129 2
789 3080 963 3129 Dictus
978 3081 1308 3143 M.Papirt’m
1325 3082 1560 3143 Graccus]
1584 3084 1683 3130 An·
1749 3086 1865 3131 erat.
1901 3082 2104 3131 sueton.
2124 3084 2249 3145 Aug.
2263 3083 2295 3131 i.
2313 3097 2391 3141 40.
2454 3082 2568 3130 Iam
2589 3096 2778 3133 novem

670 3146 721 3193 ni
754 3143 927 3219 integri
959 3142 1209 3193 historiam
1242 3160 1357 3193 cum
1386 3146 1684 3204 consulibus,
1749 3152 1799 3194 et
1821 3145 1988 3208 viginti
2011 3146 2168 3194 tribus
2185 3147 2346 3193 fectae
2365 3150 2496 3193 011111.

672 3210 730 3259 L.
751 3207 951 3271 Papzrio
972 3209 1181 3258 Cursore
1202 3216 1253 3257 et-
1274 3210 1331 3259 C.
1358 3208 1580 3258 Poetelio
1604 3210 1682 3257 Li·
1813 3222 1840 3271 5
1863 3210 2135 3269 Acerrani]
2165 3210 2270 3265 Qui
2292 3209 2419 3257 inter
2439 3208 2780 3273 municip-lu

669 3275 797 3323 bone
825 3286 946 3335 quos
978 3272 1173 3321 Solinus
1197 3288 1272 3335 32.
1298 3279 1555 3331 memorat,
1575 3272 1624 3319 h.
1649 3274 1682 3321 l.
1748 3272 1922 3335 optimi
1956 3273 2075 3321 iuris
2106 3286 2220 3321 011111
2250 3272 2526 3321 Formianis
2555 3282 2608 3321 et
2633 3274 2776 3322 Fun-

668 3338 721 3385 in
745 3337 904 3395 Livio,
932 3336 984 3384 in
1016 3336 1237 3386 Diodoro
1266 3336 1471 3399 aliisque
1499 3336 1684 3384 deside-
1750 3336 1890 3383 danis
1909 3350 2040 3398 supr.
2063 3350 2137 3396 14.
2157 3352 2190 3384 a
2212 3336 2360 3385 Festo
2381 3350 2776 3386 commemoran-

668 3400 780 3461 rari‚
812 3406 981 3449 monet
1004 3400 1146 3463 Pigh.
1173 3400 1227 3448 in
1250 3400 1429 3450 Annal.
1452 3400 1517 3448 ad
1544 3400 1610 3449 U.
1626 3400 1684 3448 C.
1751 3405 1844 3448 tur.
2661 3398 2664 3401 ’

670 3480 778 3525 421.
797 3465 883 3513 sed
903 3479 1085 3512 annum
1105 3464 1421 3525 consulesque
1441 3463 1554 3511 illos
1569 3468 1684 3511 ante
1812 3462 1844 3512 6
1887 3464 2093 3513 Veneni-u
2123 3464 2422 3526 absumptos]
2473 3462 2642 3525 Digna
2659 3466 2772 3526 qui-

668 3528 1253 3653 53·{3¹f{·1⁵¹¹1⁶5ss⁰3⁰}‘¹53
1266 3526 1681 3653 ⁰⁷⁰¹¹⁸²132¹313⁶W¹L
1749 3526 2348 3653 ffifflffiffl
2357 3528 2770 3652 ἒξὲἒᾚῃῗΐ

732 3668 760 3714 3
790 3608 1169 3706 {semermium
1188 3672 1221 3705 a
1236 3606 1441 3716 flagito]
1468 3654 1682 3703 Exscen-
1747 3668 1824 3701 res
1845 3653 2100 3715 scriptores
2119 3656 2440 3717 neglexerunt
2453 3672 2468 3703 ι
2499 3655 2586 3702 sed
2603 3606 2768 3704 depre-

660 3716 849 3765 sionem
878 3716 931 3765 in
955 3718 1223 3767 Lucaniam
1256 3720 1320 3767 ab
1350 3734 1409 3767 ea
1436 3724 1576 3780 parte
1596 3719 1680 3765 ubi
1743 3716 1932 3767 neflciis
1973 3718 2294 3767 foeminarum
2337 3733 2418 3766 an.
2455 3730 2564 3779 572.
2601 3719 2670 3768 U.
2701 3720 2766 3769 C.

667 3778 900 3827 Paestum
936 3786 1023 3828 est.
1090 3782 1173 3829 Sic
1204 3787 1254 3829 et
1283 3781 1391 3830 inst.
1430 3782 1567 3830 xxxi.
1604 3797 1680 3841 24.
1744 3782 1877 3829 haud
1911 3782 2060 3829 dubie
2088 3782 2395 3843 quaestiones
2423 3782 2618 3831 Romae
2649 3790 2772 3831 snut

664 3843 745 3891 Ab
760 3844 944 3903 Dipylo
962 3847 1183 3892 accessu.-
1210 3844 1263 3893 id
1285 3851 1375 3903 est,
1396 3844 1598 3893 accessit
1619 3846 1683 3893 ad
1746 3843 1960 3902 habitae,
1983 3844 2043 3893 cf.
2067 3844 2176 3894 infr.
2197 3846 2266 3893 xl.
2288 3856 2364 3907 37.
2387 3852 2438 3893 et
2459 3846 2626 3893 clades
2644 3845 2768 3895 huic

664 3906 855 3964 urbem,
876 3906 1097 3954 Athenas
1121 3922 1316 3967 nempe,
1336 3910 1401 3955 ab
1434 3923 1493 3955 ee.
1525 3914 1681 3969 parte,
1745 3922 1981 3971 perquam
2013 3907 2187 3957 similis
2220 3909 2412 3957 Romae
2442 3910 2504 3957 A.
2527 3908 2596 3957 D.
2623 3907 2766 3974 1659.

666 3984 765 4033 qua
784 3974 928 4031 porta
941 3968 1029 4017 illa
1045 3974 1135 4029 est,
1150 3984 1275 4030 quae
1290 3971 1573 4032 appellatur
1589 3972 1677 4020 Di-
1741 3971 1974 4021 accidisse
2019 3976 2334 4020 memoratur.
2388 3972 2449 4021 ci
2484 3972 2766 4022 Beckman.

664 4034 834 4098 pylon.
868 4035 930 4082 cf.
952 4047 1081 4095 supr.
1107 4046 1151 4095 3.
1745 4034 1876 4085 Hist.
1902 4036 2098 4084 Invent.

727 4117 759 4159 4
790 4100 992 4147 Maecia
1010 4104 1059 4147 ee
1076 4097 1302 4159 Scaptia]
1352 4096 1578 4159 Utraque
1605 4113 1675 4147 re-
1809 4110 1838 4161 7
1871 4102 1928 4157 Q.
1949 4101 2160 4149 Fabium
2179 4100 2488 4159 Madnasa]
2533 4100 2633 4148 Per
2653 4116 2764 4163 pm-

695 4162 740 4210 ’0
760 4162 812 4210 111
836 4163 1015 4211 Latino
1036 4176 1164 4225 agro.
1230 4162 1433 4209 Maecia
1452 4176 1485 4209 a
1507 4168 1674 4211 monte
1739 4163 1918 4225 lepsim
1957 4162 2169 4211 Fabium
2203 4162 2299 4211 hoc
2335 4163 2445 4211 loco
2475 4166 2766 4214 Maximu-

720 4228 857 4275 aecio
878 4240 1007 4289 supr.
1026 4224 1085 4274 11.
1106 4240 1148 4274 2.
1164 4224 1298 4273 haud
1320 4226 1490 4286 procul
1511 4226 1672 4275 Lanu·
1738 4225 1835 4274 dici
1851 4232 2020 4274 monet
2038 4226 2612 4289 Glareanuacognomen
2628 4228 2764 4277 enim

658 4288 755 4347 110,
788 4289 939 4348 dicta,
968 4292 1187 4351 Scaptia,
1228 4303 1262 4337 a
1298 4287 1499 4351 Scaptio
1536 4290 1673 4349 urbe,
1737 4290 1954 4339 Mna-imi
1993 4288 2044 4338 in
2083 4304 2288 4339 censura
2317 4290 2522 4339 demum
2555 4292 2602 4340 01
2639 4292 2764 4341 indi·

659 4365 807 4410 quam
831 4352 1105 4401 Crevier-ius
1128 4352 1335 4403 vicinam
1360 4352 1497 4402 Pedo
1525 4352 1673 4401 fuisse
1737 4358 1846 4401 tum
1869 4358 1957 4403 est.
2003 4353 2064 4403 cf.
2088 4353 2198 4403 infr.
2221 4352 2288 4403 ix.
2309 4352 2388 4413 46.
