3000 4784
385 342 455 393 U.

385 408 430 456 A

481 2867 576 2927 13.

373 2950 622 3000 Porsenna

371 3013 444 3086 de·
455 3029 578 3076 pace

370 3084 484 3137 aglt.

715 203 797 262 86

1497 196 1719 263 ΤΙΤῙ
1773 195 2045 262 LIVII

525 381 539 394 .
565 344 674 408 246.
711 333 880 396 inter
907 345 1110 397 tantas
1137 333 1426 397 fortunae
1467 334 1689 411 minas,
1720 331 2102 398 metuendus
2131 331 2347 418 magis,
2380 351 2575 416 quam
2604 340 2813 392 metu-

433 445 447 458 ·
481 409 540 460 0·
565 408 674 472 50⁶·
711 441 858 483 ens:
911 429 930 458 ‘
956 418 1285 484 Romanus
1323 421 1504 496 sun1,’
1542 420 1773 508 inquit,
1813 429 1833 459 ‘
1855 420 2041 484 civis:
2094 417 2173 482 C.
2220 417 2515 482 Mucium
2559 427 2809 503 vocant.
2834 425 2865 471 ‘a'

714 514 735 544 ‘
753 504 975 569 Hostis
1032 505 1280 570 hostem
1332 506 1620 571 occidere
1671 505 1881 571 volui:
1946 528 2067 570 nec
2124 503 2208 568 ad
2266 517 2537 568 mortem
2598 501 2815 565 minus

715 600 736 630 ‘
751 593 947 656 animi
975 605 1090 670 est,
1123 615 1316 678 quam
1345 592 1468 657 fuit
1495 594 1579 657 ad
1608 592 1887 658 caedem.
1981 591 2069 656 Et
2095 591 2301 656 facere
2332 602 2398 654 et
2424 589 2563 676 pati
2602 589 2811 664 fortia,

714 687 734 717 ⁶
758 679 1122 744 Romanum
1165 694 1277 744 est.

1371 679 1440 743 N
1441 703 1515 744 ec
1562 703 1729 744 unus
1768 679 1839 742 in
1884 691 1945 743 te
1990 701 2110 764 ego
2152 678 2270 742 hos
2315 699 2561 741 ammos
2604 676 2807 762 gessi:

713 765 975 852 ‘longus
1004 778 1148 852 post
1175 788 1278 830 me
1309 766 1465 830 ordo
1495 780 1593 832 est
1620 767 1793 830 idem
1832 765 2190 866 petentium
2218 763 2429 828 decus.
2522 761 2811 826 Proinde

713 861 733 890 ‘
747 852 819 915 in
847 853 969 921 hoc
1009 852 1370 929 discrimen,
1401 853 1456 916 si
1494 854 1688 930 iuvat,
1720 874 2068 940 acclngere,
2100 865 2173 916 ut
2202 852 2271 914 in
2300 847 2579 937 singulas
2620 849 2815 912 horas

713 947 734 977 ‘
748 940 954 1026 capite
985 939 1250 1003 dimices
1279 952 1425 1015 tuo;
1471 941 1709 1011 ferrum
1738 940 2113 1025 hostemque
2142 939 2213 1002 in
2234 935 2545 1001 vestibulo
2574 933 2815 1000 habeas

711 1034 731 1064 ‘
748 1026 974 1112 regiae.
1069 1024 1216 1090 Hoc
1273 1026 1390 1090 tibi
1447 1027 1743 1090 iuventus
1804 1026 2097 1090 Romana
2152 1023 2490 1088 indicimus
2542 1021 2809 1086 bellum.

711 1121 731 1149 ⁶
755 1111 1018 1176 Nullam
1069 1113 1290 1190 aciem,
1336 1111 1583 1178 nullum
1625 1111 1938 1200 proelium
1982 1111 2283 1176 timueris,
2376 1109 2511 1174 Uni
2558 1108 2700 1186 tibi,
2748 1119 2815 1172 et

711 1207 732 1237 ‘
747 1221 894 1264 cum
945 1198 1228 1286 singulis,
1281 1222 1382 1263 res
1426 1200 1587 1264 erit!
1678 1199 1900 1276 Quum
1942 1221 2075 1276 rex,
2116 1197 2305 1262 simul
2356 1197 2451 1260 ira
2498 1195 2811 1272 infensuS,

707 1286 1117 1386 periculoque
1185 1287 1584 1364 conterritus,
1642 1285 2019 1351 circumdari
2076 1285 2255 1372 ignes
2323 1281 2815 1346 minitabundus

1765 1395 1975 1522 ogere,
2036 1395 2194 1458 quas
2250 1369 2627 1436 insidiarum
2688 1368 2809 1433 sibi

709 1374 976 1450 luberet,
1037 1373 1160 1437 msi
1217 1385 1621 1460 expromeret
1687 1395 1765 1460 pr

706 1460 910 1524 minas
947 1482 1062 1547 per
1096 1461 1392 1547 ambages
1433 1461 1703 1524 iaceret:
1755 1469 1773 1498 ‘
1856 1482 1902 1523 n
1946 1459 2101 1535 tibi:
2128 1458 2358 1545 inquit,
2392 1465 2413 1494 ‘
2434 1468 2508 1520 ut
2546 1455 2809 1531 sentim,

710 1555 730 1583 ‘
747 1569 940 1632 quam
990 1545 1112 1610 vile
1163 1569 1393 1633 corpus
1435 1547 1519 1610 sit
1560 1547 1657 1622 iis,
1704 1546 1815 1645 qui
1868 1568 2161 1632 magnam
2210 1543 2473 1630 g'loriam
2524 1541 2757 1607 vident
2774 1543 2814 1606 :’

704 1631 995 1695 dextram
1043 1655 1122 1697 ue
1168 1655 1431 1696 accenso
1475 1631 1559 1696 ad
1602 1632 1977 1696 sacrificium
2015 1630 2226 1696 foculo
2269 1629 2489 1694 iniicit.
2590 1628 2811 1704 Quam

705 1740 905 1803 quum
935 1741 1011 1781 ve
1037 1730 1111 1782 ut
1149 1718 1422 1783 alienato
1453 1720 1533 1783 ab
1572 1741 1762 1783 sensu
1802 1730 2067 1784 torreret
2104 1719 2352 1794 animo3
2398 1738 2601 1803 prope
2642 1729 2813 1780 atto-

704 1804 877 1868 nitus
905 1804 1208 1868 miraculo
1245 1827 1380 1882 rex,
1418 1828 1619 1893 quum
1658 1806 1737 1869 ab
1772 1804 1921 1870 sede
1960 1828 2075 1869 sua
2156 1803 2518 1880 rosiluisset,
2550 1825 2813 1866 amove-

704 1890 887 1976 rique
919 1891 996 1955 ab
1027 1890 1324 1956 altaribus
1364 1892 1663 1957 iuvenem
1706 1892 2004 1969 iussisset,
2039 1900 2059 1929 ‘
2139 1914 2184 1954 u
2212 1913 2363 1954 vero
2394 1890 2536 1966 abi‚'
2567 1890 2805 1976 inquit,

707 1976 814 2039 ‘in
844 1989 907 2041 te
938 1977 1155 2064 magiS,
1189 2001 1380 2078 quam
1413 1979 1484 2042 in
1525 2000 1647 2056 me,
1680 1979 1934 2044 hostilia
1962 2001 2164 2043 ausus
2256 1975 2553 2042 Iuberem
2594 1971 2806 2042 macte
2826 1985 2857 2032 8
2961 1949 2962 1998 ³

706 2072 726 2101 ‘
743 2063 974 2128 virtute
1016 2087 1170 2142 esse,
1212 2087 1266 2128 si
1308 2089 1423 2152 pro
1467 2088 1611 2130 mea
1654 2065 1858 2152 patria
1898 2064 2019 2129 ista
2059 2065 2257 2128 virtus
2296 2075 2507 2128 staret.
2604 2061 2675 2125 N
2678 2085 2809 2126 unc

705 2149 882 2214 ‘iure
905 2149 1057 2215 belli
1079 2149 1349 2217 liberum
1372 2165 1458 2229 te,
1483 2152 1791 2217 intactum
1812 2151 2308 2236 inviolatumque
2332 2150 2483 2215 hinc
2506 2148 2808 2214 dimitto:

702 2235 875 2314 Tum
905 2236 1184 2314 Mucius,
1209 2239 1390 2324 quasi
1411 2261 1822 2302 remunerans
1840 2239 2154 2315 meritum,
2183 2247 2203 2275 ‘
2216 2235 2809 2336 Quandoquidem}

699 2321 932 2408 inquit,
967 2333 986 2362 ‘
1003 2336 1099 2388 est
1127 2323 1298 2411 apud
1329 2338 1390 2388 te
1422 2325 1640 2390 virtuti
1668 2325 1889 2402 houm,
1922 2338 1995 2389 ut
2022 2324 2333 2390 beneficio
2364 2322 2585 2388 tuleris
2614 2346 2655 2387 a
2674 2345 2802 2398 me,

703 2416 724 2446 ‘
739 2409 917 2495 quod
945 2411 1134 2476 minis
1173 2411 1487 2498 nequisti;
1537 2413 1805 2477 trecenti
1842 2411 2305 2476 coniuravimus
2343 2409 2667 2496 principes
2702 2409 2807 2473 iu-

703 2498 1018 2562 ‘ventutis
1063 2498 1414 2576 Romanae,
1460 2512 1536 2563 ut
1576 2499 1645 2563 in
1690 2513 1753 2563 te
1797 2499 1915 2563 hac
1966 2498 2069 2562 via

2110 2519 2547 2648 {rassaremun
2644 2495 2807 2560 Mea

703 2583 944 2669 ‘prima
969 2607 1102 2649 sors
1134 2585 1290 2650 fuit:
1339 2586 1555 2663 ceteri,
1599 2598 1672 2649 ut
1706 2587 1938 2673 cuique
1980 2585 2115 2649 ceci
2160 2585 2283 2648 erit
2320 2583 2547 2670 primo,
2582 2583 2803 2670 quoad

702 2677 722 2706 ⁶
738 2683 800 2734 te
861 2686 1290 2759 opportunum
1346 2671 1603 2736 fortuna
1659 2672 1925 2750 dederit,
1979 2694 2094 2735 suo
2152 2671 2427 2757 quisque
2488 2684 2799 2756 tempore,

701 2765 720 2792 ‘
739 2756 1047 2822 aderunt?

786 2842 1081 2907 Mucium
1111 2843 1459 2919 dimissum,
1491 2845 1597 2908 cui
1626 2859 1847 2930 postea
1879 2843 2215 2908 Scaevolae
2244 2867 2285 2908 a
2316 2842 2497 2908 clade
2529 2842 2795 2907 dextrae
2818 2863 2849 2911 9

699 2949 922 2991 manus
949 2951 984 2992 C

1114 2951 1304 2993 omen
1332 2929 1631 3007 inditum,
1652 2928 1843 3017 legati
1872 2954 1911 2995 a
1932 2931 2259 2995 Porsenna
2290 2930 2563 2994 Romam
2592 2929 2799 2994 secuti

697 3027 861 3076 sunt.
955 3015 1018 3077 A
1068 3037 1144 3078 eo
1175 3029 1456 3080 moverat
1477 3039 1625 3079 eum
1648 3029 1713 3080 et
1738 3017 1931 3116 primi
1958 3016 2223 3104 periculi
2247 3039 2445 3094 casuS,
2516 3040 2603 3081 uo
2633 3016 2801 3080 nihil

697 3123 762 3164 se
802 3116 1055 3186 praeter
1087 3123 1366 3166 errorem
1404 3101 1787 3167 insidiatorls
1827 3105 2103 3180 texisset,
2134 3117 2202 3168 et
2235 3106 2481 3169 subeun'
2604 3103 2803 3168 dimi-

696 3189 860 3251 catio
893 3188 1096 3264 totieS,
1168 3203 1280 3253 uot
1310 3190 1621 3253 coniurati
1644 3197 2070 3277 superessent,
2095 3203 2168 3254 ut
2196 3191 2369 3276 pacis
2390 3189 2801 3255 conditiones

697 3272 862 3337 ultro
905 3273 1094 3339 ferret
1203 3276 1460 3340 omanis,

695 3520 842 3552 causa
873 3505 922 3552 in
956 3505 1120 3568 aliquo
1143 3507 1252 3554 loco
1275 3508 1567 3557 constitutus
1588 3525 1635 3556 x.
1660 3527 1708 3568 4,

695 3571 771 3617 vel
806 3570 876 3618 ita
908 3577 964 3618 ut
995 3571 1223 3633 periculis
1255 3573 1507 3634 expositus
1537 3573 1601 3620 sit
1630 3573 1706 3622 vii.

699 3647 770 3682 10.
811 3635 941 3682 Rur.

761 3711 786 3758 7
821 3699 1070 3748 Romanus
1111 3717 1218 3748 sum
1260 3703 1404 3759 cim's]
1470 3701 1615 3748 Haec
1658 3707 1708 3748 et

692 3777 823 3822 seqq.
848 3761 980 3810 haud
1003 3764 1150 3812 dubie
1184 3763 1234 3810 in
1267 3764 1484 3812 carmine
1505 3764 1707 3826 antiquo

693 3825 990 3886 legebantur.

763 3891 794 3937 8
833 3891 1028 3950 Macte]
1084 3891 1254 3953 Propr.
1292 3899 1514 3941 mactum.
1592 3892 1705 3940 Vox

691 3951 830 4011 hacc,
852 3969 998 4014 quam
1029 3970 1116 4016 pro
1137 3958 1292 4016 mayn's
1313 3963 1454 4004 aucte
1477 3956 1705 4018 positam,

692 4019 768 4065 vel
792 4033 824 4064 a
841 4019 986 4066 verbo
1009 4018 1158 4066 obsol.
1180 4035 1370 4081 moyere
1388 4020 1702 4068 derivandam

689 4087 884 4143 putant,
913 4082 1127 4130 solennis
1158 4083 1253 4130 fuit
1283 4083 1332 4135 in
1365 4085 1509 4132 laetis
1539 4085 1703 4132 adcla-

688 4146 1000 4205 mationibus,
1039 4153 1316 4209 perpetrato
1359 4148 1550 4210 egregio
1588 4149 1703 4197 faci-

688 4225 832 4259 nore:
873 4212 1005 4260 unde
1037 4211 1165 4259 alius
1196 4211 1300 4260 eius
1333 4227 1486 4268 casus,
1521 4212 1611 4260 nisi
1652 4213 1701 4261 in

688 4274 811 4335 plur.
828 4279 972 4324 macti
990 4279 1170 4324 virtute
1185 4277 1414 4334 estednsr.
1432 4277 1511 4324 vii.
1524 4275 1598 4338 36.
1619 4278 1699 4326 vix

686 4339 735 4386 in
755 4355 844 4388 usu
862 4340 1007 4390 fuisse
1027 4340 1230 4390 videtur.
1268 4341 1327 4389 cf.
1347 4341 1500 4389 Drak.
1520 4343 1583 4389 ad
1601 4342 1648 4390 h.
1668 4343 1698 4390 1.

1555 3275 1867 3341 lactatum
1911 3278 1980 3340 in
2016 3277 2490 3343 conditionibus
2526 3276 2837 3364 nequicu

1776 3509 1941 3570 Heyn.
1972 3509 2036 3556 ad
2068 3507 2200 3570 Virg.
2226 3509 2349 3556 Aen.
2380 3508 2447 3558 ix.
2470 3507 2579 3568 641.
2618 3507 2795 3558 Burin.

1771 3574 1835 3620 ad
1857 3573 1969 3620 val.
1991 3573 2154 3620 Flacc.
2176 3572 2236 3620 vi.
2262 3581 2368 3633 547.
2408 3572 2544 3622 Duk.
2566 3573 2632 3620 ad
2656 3573 2794 3623 Flor.

1770 3636 1822 3686 ii.
1844 3638 1915 3684 18.
1940 3637 2071 3684 Rm’.
2122 3639 2359 3694 Trecenti,
2375 3651 2635 3684 numerum
2654 3636 2795 3686 hunc

1772 3699 1823 3747 in
1842 3700 2085 3748 veteribus
2099 3700 2199 3748 illis
2216 3701 2399 3762 mythis
2416 3701 2657 3749 Romanis
2674 3716 2795 3748 nus·—

1772 3779 1919 3825 quam
1956 3779 2055 3813 non
2092 3765 2385 3813 offendimus
2421 3765 2471 3813 N
2474 3765 2627 3813 iebhr.
2666 3764 2699 3812 i.
2740 3781 2791 3827 p.

1775 3841 1865 3955 ⁵33
1896 3893 2179 3953 Scaevolae]
2233 3893 2375 3942 Varr.
2399 3893 2461 3942 de
2486 3893 2543 3941 L.
2570 3891 2627 3942 L.
2654 3893 2714 3941 vi.
2742 3907 2791 3954 5.

1769 3959 1802 3983 ‘⁶
1816 3959 1946 4018 quod
1970 3957 2188 4018 puerulis
2212 3973 2288 4005 res
2313 3957 2561 4019 turpicula
2580 3958 2632 4004 in
2656 3959 2793 4006 collo

1768 4022 2096 4082 suspenditur,
2176 4023 2403 4070 scaevola
2482 4022 2795 4083 appellata,”

1770 4086 1933 4147 Angl„
1948 4101 2016 4133 an
2036 4087 2231 4134 amuleti.
2285 4087 2463 4148 Neque
2484 4085 2579 4134 hoc
2602 4087 2793 4134 Muciis

1768 4150 1883 4196 solis
1920 4165 2188 4212 cognomen
2232 4155 2352 4199 erat.
2437 4152 2677 4212 Spaevula
2716 4151 2789 4200 le-

1766 4215 1909 4275 gend.
1936 4215 2039 4262 vult
2066 4213 2116 4262 N
2120 4214 2271 4263 iebhr.
2294 4213 2327 4263 i.
2350 4230 2399 4276 p.
2424 4225 2531 4276 537.

1827 4293 1846 4324 1
1877 4279 2025 4326 Pacis
2040 4279 2334 4326 conditiones
2350 4280 2505 4338 ultro]
2528 4278 2789 4329 Oratorice

1765 4342 1919 4403 magis
1940 4357 2088 4404 quam
2119 4341 2346 4391 historice
2368 4342 2575 4402 dictum,
2596 4343 2789 4406 quippe
