3000 4784
380 339 447 388 U.
470 338 529 389 O.
556 337 665 401 263.

377 405 436 466 A.
472 405 531 454 C.
556 406 664 468 489.

374 471 433 518 G.
452 469 668 518 Marcius

374 541 643 584 accusatus.

372 1817 649 1866 Damnatus

370 1882 419 1930 in
444 1881 650 1930 Volscos

368 1947 643 1994 exsulatum

366 2012 485 2061 abit.

713 193 831 253 112
1473 188 1698 255 ΤΙΤῙ
1753 187 2024 254 LIVII

707 334 727 364 ‘
743 339 920 412 tergo
964 325 1178 412 plebis
1248 325 1577 393 Romanae
1635 326 1912 392 satisfiat.

706 421 979 477 ‘novum
1026 425 1337 489 exortum,
1387 413 1499 513 qui
1546 427 1658 478 aut
1707 413 1886 490 mori,
1937 426 2048 478 aut
2096 411 2324 476 servire
2377 411 2632 477 iubeat.’
2719 413 2798 477 In

704 512 1050 566 exeuntem
1097 523 1133 564 e
1180 500 1355 564 curia
1405 513 1680 587 impetus
1727 501 1928 564 iactus
1977 513 2160 576 esset,
2208 498 2279 562 ni
2323 511 2796 599 peropportune

706 586 941 651 tribuni
968 587 1141 652 diem
1170 586 1495 652 dixissent.
1589 587 1690 652 lbi
1719 587 1812 652 ira
1839 599 1934 652 est
1962 608 2307 673 suppressa.
2403 585 2486 650 Se
2515 585 2796 650 iudicem
2817 605 2844 653 7

748 674 991 760 uisque,
1012 696 1077 738 se
1108 673 1439 738 dominum
1467 674 1634 740 vitae
1665 674 1966 760 necisque
1989 673 2233 738 inimici
2259 672 2496 736 factum
2518 672 2792 738 videbat.

700 697 1145 847 gontemptim
1190 761 1395 848 primo
1448 760 1732 826 Marcius
1777 761 2076 826 audiebat
2125 760 2327 824 minas
2385 759 2793 824 tribunicias:

700 846 939 924 auxilii,
972 870 1103 911 non
1131 870 1395 935 poenae,
1418 848 1520 912 ius
1548 848 1770 913 datum
1798 847 1891 912 illi
1919 847 2244 948 potestati3
2289 846 2640 933 plebisque,
2665 869 2796 911 non

700 933 982 1012 Pati-um,
1015 935 1297 998 tribunos
1325 957 1475 998 esse.
1573 933 1704 1000 Sed
1729 935 1890 1000 adeo
1917 934 2166 999 infensa
2193 946 2328 998 erat
2355 946 2568 997 coorta
2595 933 2794 1019 plebs,

700 1032 773 1085 ut
800 1021 990 1086 unius
1027 1044 1237 1107 poena
1273 1021 1752 1108 defungendum
1789 1033 1953 1086 esset
1991 1020 2302 1086 PatribuS.
2395 1019 2796 1084 Restiterunt
2812 1039 2844 1086 8

699 1120 914 1172 tamen
956 1107 1215 1172 adversa
1254 1107 1513 1186 invidia,
1549 1109 1775 1195 usique
1805 1122 1971 1185 sunt,
2005 1131 2132 1195 qua
2171 1107 2300 1172 suis
2341 1106 2630 1206 quisque,
2669 1131 2798 1194 qua

700 1193 891 1258 totius
932 1194 1169 1258 ordinis
1208 1195 1459 1260 viribus.
1553 1195 1654 1259 Ac
1683 1195 1887 1282 primo
1919 1207 2160 1260 tentata
2190 1217 2290 1258 res
2326 1207 2438 1270 est,
2471 1216 2544 1270 s1,
2581 1193 2796 1294 dispo-

698 1280 833 1346 sitis
860 1280 1213 1359 clientibus,
1244 1282 1651 1346 absterrendo
1691 1283 1742 1346 si
1899 1305 1968 1346 os
2009 1305 2048 1346 a
2074 1280 2453 1346 coitionibus
2481 1280 2795 1345 conciliis-

742 1390 844 1445 ue,
898 1368 1183 1434 disiicere
1234 1391 1371 1434 rem
1422 1383 1695 1456 possent.
1857 1368 2090 1433 niversi
2131 1367 2366 1432 deinde
2457 1389 2792 1445 roceaeere,

696 1389 1038 1542 Quicquid
1070 1468 1205 1520 erat
1248 1455 1534 1532 Patrum,
1572 1479 1711 1520 reos
1750 1454 2022 1540 diceres)
2055 1455 2346 1542 precibus
2380 1477 2426 1540 p
2447 1454 2634 1518 ebem
2679 1479 2793 1518 ex—

696 1554 1059 1626 poscentes:
1124 1551 1143 1578 ‘
1164 1541 1387 1606 Unum
1425 1542 1543 1607 sibi
1587 1543 1810 1619 civem,
1848 1565 2050 1606 unum
2093 1554 2466 1617 senatorem,
2508 1541 2564 1604 si
2605 1541 2792 1606 inno-

698 1636 718 1663 ‘
734 1640 989 1692 centem
1034 1627 1353 1694 absolvere
1402 1629 1668 1706 nollent,
1715 1651 1831 1716 pro
1881 1641 2152 1694 nocente
2206 1628 2556 1693 donarent!
2645 1627 2790 1716 Ipse

740 1735 896 1778 uum
953 1713 1058 1778 die
1117 1713 1289 1779 dicta
1336 1737 1469 1780 non
1538 1715 1799 1793 adeoeet,
1860 1727 2326 1802 perseveratum
2385 1713 2456 1778 in
2513 1715 2606 1779 ira
2673 1731 2784 1780 est.

766 1813 1053 1866 amnatus
1111 1801 1334 1866 absens
1390 1802 1461 1866 in
1517 1800 1783 1867 Volscos
1839 1802 2197 1868 exsulatum
2255 1802 2428 1878 abiit,
2487 1791 2837 1886 minitans?

694 1886 952 1972 patriae,
984 1887 1239 1952 hostiles
1286 1911 1366 1952 ue
1397 1888 1524 1954 iam
1557 1902 1692 1953 tum
1721 1887 1978 1977 spiritus
2005 1912 2248 1976 gerens

780 1969 1169 2038 Venientem
1280 1974 1435 2040 olsci
1481 1975 1758 2075 benigne
1801 1998 2151 2063 excepere3
2207 1975 2672 2062 benigniusque
2719 1975 2788 2038 in

2035 324 2204 390 Eum
2261 325 2382 389 sibi
2438 323 2800 389 carnificem

578 2127 593 2142 ,
692 2058 830 2124 dies
868 2059 1179 2138 colebant,
1211 2084 1341 2148 quo
1374 2062 1574 2126 maior
1613 2063 1707 2126 ira
1741 2084 1809 2126 1n
1849 2085 1994 2127 suos
2035 2062 2371 2138 eminebat,
2401 2062 2786 2148 crebraeque

692 2169 867 2212 nunc
896 2147 1211 2248 querelae,
1242 2171 1415 2249 nunc
1454 2149 1676 2249 minae
1700 2149 2222 2250 percipiebantur.
2316 2147 2616 2248 Hospitio
2645 2165 2789 2248 ute-
2807 2173 2832 2208 ι

690 2233 878 2397 ξῖἑΐ
907 2233 1341 2387 ssssfflafffflie
1398 2235 2218 2410 ἓηῖἕὲῧῑῑῖἓῗωὲῗπῗέ
2249 2233 2466 2409 {⁷3¹⁸AE
2508 2257 2788 2386 iffi?

690 2419 871 2472 vetus
914 2407 1151 2494 odium,
1194 2345 1462 2474 aiterum
1511 2409 1604 2474 ira
1647 2432 1868 2474 recens
1905 2409 2273 2485 stimularet,
2327 2408 2590 2473 consilia
2633 2432 2788 2474 con-

690 2493 904 2560 ferunt
942 2493 1023 2560 de
1072 2494 1363 2561 Romano
1397 2497 1582 2562 bello·
1677 2495 1874 2560 Haud
1911 2495 2117 2562 facile·
2132 2495 2493 2573 credebant,
2530 2494 2788 2584 plebem

690 2603 870 2648 suam
903 2581 1143 2733 Ἥρω
1176 2605 1377 2672 posse,
1408 2597 1481 2648 ut
1522 2583 1707 2683 toties
1745 2582 2080 2683 infeliciter
2117 2595 2362 2648 tentata
2387 2605 2561 2683 arma
2599 2605 2790 2683 cape-

690 2681 973 2832 ἱίἲιῗηω,
1004 2669 2280 2856 ξέῗοεᾜξιξῗὲὲθῗθῗὲᾘῃὲᾚ
2276 2693 2388 2822 {3⁰
2375 2691 2790 2820 &31:2¹3

619 2912 625 2920 ,
684 2853 1001 2908 ,vetustate
1031 2841 1199 2918 odio,
1230 2854 1304 2905 ut
1330 2842 1574 2906 recenti
1601 2843 1814 2929 aliqua
1841 2865 1936 2908 ira
1961 2844 2488 2908 exacerbarentur
2513 2842 2728 2906 animi.
2805 2868 2834 2913 3

470 2941 573 3001 36.

776 2925 951 2990 Ludi
991 2926 1151 2991 forte
1194 2949 1276 2991 ex
1319 2928 1770 2993 instauratione
1815 2929 2029 3016 magni
2075 2929 2320 2994 Romae
2362 2929 2780 3016 parabamur:

690 3102 885 3153 civium.
937 3103 1051 3152 Hoc
1068 3103 1178 3152 ideo
1191 3103 1361 3152 dicunt
1377 3103 1576 3165 plebeii,
1588 3104 1704 3166 quia

688 3167 991 3217 tribunorum
1006 3173 1111 3216 erat
1130 3169 1384 3232 prohibere
1400 3184 1464 3217 ne
1480 3169 1704 3218 consules

688 3231 863 3280 iniuria
894 3239 946 3280 et
978 3248 1065 3294 pro
1098 3231 1298 3280 libidine
1320 3232 1463 3295 virgis
1482 3233 1700 3282 animad-

690 3301 931 3344 verterent
952 3296 1003 3344 in
1026 3297 1167 3344 cives.
1204 3297 1364 3346 Cnnv.

758 3375 784 3421 7
818 3363 961 3409 Diem
992 3362 1250 3420 dit-issent]
1303 3378 1369 3411 sc.
1405 3361 1554 3410 Diem
1588 3378 1698 3410 con-

690 3423 973 3481 stituissent,
994 3439 1091 3486 quo
1112 3423 1285 3486 capitis
1316 3425 1550 3474 iudicium
1573 3427 1698 3474 subi-

690 3495 777 3538 ret.
812 3487 897 3550 Sp.
916 3487 1133 3547 Icilium,
1151 3505 1315 3550 quem,
1330 3489 1580 3538 tribunum
1594 3491 1700 3538 infr.

690 3555 771 3614 58,
806 3551 926 3614 legis
958 3552 1127 3602 Iciliae
1161 3559 1409 3602 auctorem
1446 3553 1593 3603 Dion.
1619 3553 1700 3602 vii.

696 3632 767 3678 14.
791 3615 972 3675 scribit,
990 3617 1047 3666 C.
1068 3617 1257 3666 Marcio
1274 3617 1403 3666 diem
1427 3617 1623 3678 dixisse,
1644 3624 1701 3666 ut

687 3680 919 3740 aedilem,
943 3680 1166 3730 vicesimo
1200 3689 1309 3744 post
1341 3698 1470 3731 anno
1494 3683 1544 3730 N
1547 3681 1699 3732 iebhr.

692 3743 903 3794 coniicit.
926 3744 977 3795 ii.
1000 3762 1048 3808 p.
1073 3761 1181 3808 ‘²32-

756 3809 787 3856 8
822 3811 983 3858 Um’m
992 3825 1153 3872 poena
1168 3812 1556 3873 desumendum]
1583 3810 1701 3860 Uno

691 3873 755 3920 ad
774 3887 983 3936 poenam
1002 3873 1193 3932 tradito,
1202 3880 1334 3923 totus
1350 3875 1465 3923 ordo
1482 3874 1700 3938 periculo

692 3936 967 3986 imminenti
988 3937 1287 3988 eximendus.
1322 3939 1483 3988 ΟΜΝ.

756 4016 788 4065 9
820 4003 1098 4052 Damnatus
1130 4005 1324 4062 absens]
1386 4003 1696 4050 Praesentem

690 4065 836 4114 fuisse
850 4067 1047 4114 tradunt
1066 4066 1213 4116 Dion.
1232 4067 1311 4116 vii.
1330 4065 1407 4128 64.
1425 4075 1475 4114 et
1494 4065 1628 4114 Plut.
1645 4065 1697 4114 in

687 4129 869 4178 Coriol.
948 4130 1179 4180 Ceterum
1220 4131 1377 4178 multa
1418 4131 1553 4191 apud
1595 4145 1697 4178 eos-

688 4193 800 4241 dem
854 4195 1111 4256 scrjptores
1161 4193 1287 4242 circa
1334 4193 1696 4243 damnationem

686 4257 935 4306 Coriolani
987 4263 1123 4320 gesta
1175 4258 1399 4320 reperies,
1441 4273 1567 4319 quae
1611 4275 1697 4308 suo

687 4333 821 4370 more
854 4321 1013 4369 omisit
1047 4321 1229 4370 Livius.
1304 4321 1405 4370 Eos
1438 4321 1548 4369 vide
1581 4321 1699 4371 locis

1767 3104 1942 3154 citatis.
1974 3107 2134 3156 Cal-xv.
2193 3106 2376 3154 Verum
2403 3105 2572 3155 Livius
2591 3107 2784 3169 optimo

1766 3169 1870 3218 iure
1892 3171 2142 3218 absentem
2163 3169 2450 3218 damnatum
2471 3185 2576 3219 ome
2597 3172 2784 3231 scribit,

1765 3233 1806 3282 si
1829 3235 1975 3282 modo
1997 3233 2152 3283 exsilii
2177 3249 2322 3282 causa
2342 3236 2500 3283 solum
2523 3235 2738 3286 verterit.

1836 3312 1855 3345 1
1892 3299 2216 3358 Eoemlamm]
2253 3299 2313 3348 cf.
2337 3315 2464 3362 supr.
2482 3298 2515 3348 i.
2533 3297 2612 3348 60.
2681 3301 2780 3350 Sed

1767 3362 1888 3410 haec
1927 3360 2090 3410 omnia
2127 3369 2238 3424 post
2274 3378 2458 3412 annum
2495 3365 2588 3425 284
2627 3363 2696 3414 U.
2719 3367 2779 3414 C.

1765 3425 1980 3475 evenisse
2019 3433 2160 3488 putat
2199 3425 2499 3476 Niebuhrius
2531 3426 2580 3476 ii.
2615 3444 2666 3490 p.
2699 3427 2779 3494 96.

1769 3505 1794 3538 2
1801 3505 1876 3552 34.
1927 3490 2154 3538 Hookius
2174 3497 2318 3540 acute
2341 3491 2547 3540 coniecit
2569 3493 2779 3547 occasio-

1766 3569 1878 3602 nem
1913 3553 2116 3602 tribunis
2144 3554 2274 3603 diem
2297 3555 2490 3604 dicendi
2514 3555 2779 3608 Coriolano

1765 3634 1882 3677 non,
1915 3617 2002 3666 nisi
2038 3619 2144 3682 lege
2185 3619 2416 3680 Publilia,
2449 3620 2616 3670 datam
2655 3637 2779 3671 esse.

1768 3681 2172 3732 Wachsmuthius
2199 3683 2423 3732 universa
2449 3700 2548 3733 non
2585 3689 2782 3747 probat,

1765 3747 1852 3796 sed
1872 3747 2149 3809 singulatim
2170 3748 2328 3798 multa
2347 3746 2544 3810 accipit.

1831 3826 1856 3859 2
1897 3812 2050 3871 Tulli]
2109 3811 2326 3874 Antiquo
2363 3827 2499 3862 more
2535 3813 2780 3863 scribendi

1765 3873 1938 3934 Tullii,
1971 3881 2026 3923 ut
2059 3891 2114 3924 su
2151 3892 2188 3924 r.
2235 3891 2273 3924 1.
2313 3878 2442 3940 reqis
2479 3893 2568 3940 pro
2611 3881 2780 3940 myris.

1763 3938 1959 3987 Tullius
1988 3954 2068 4001 ap.
2138 3955 2334 3989 onaram
2372 3941 2564 4004 legitur.
2625 3943 2781 3992 Tullio·

1763 4003 1946 4065 recepit
1995 4003 2176 4052 Stroth.
2260 4005 2372 4053 Rex
2423 4011 2528 4054 erat
2571 4005 2781 4056 Volsco-

1760 4081 1888 4124 rum,
1909 4067 2143 4129 suffragiis
2174 4075 2380 4128 creatus,
2404 4075 2460 4117 ut
2493 4069 2641 4118 moris
2674 4077 2783 4120 erat

1761 4131 1894 4192 apud
1915 4137 2082 4194 gentes
2099 4133 2268 4181 Italas.
2319 4133 2398 4181 Ex
2413 4132 2518 4182 eius
2533 4133 2687 4196 stirpe
2705 4151 2780 4184 or-

1761 4201 1867 4242 tum
1901 4195 2070 4244 habuit
2099 4197 2171 4245 M.
2196 4197 2391 4246 Tullius
2413 4198 2600 4248 Cicero.
2637 4199 2780 4248 Plut.

1761 4257 1812 4305 in
1835 4258 1940 4308 Cic.
1963 4259 1994 4308 i.
2032 4259 2235 4310 Niebhr.
2257 4261 2310 4310 ii.
2335 4278 2380 4324 p.
2411 4277 2516 4324 ¹04·

1829 4338 1857 4384 3
1889 4325 2096 4384 Magni]
2137 4323 2414 4387 lidem,qui
2435 4333 2486 4374 et
2501 4327 2778 4378 Circenses.
