<?xml version="1.0" encoding="UTF-8"?>
<!DOCTYPE html PUBLIC "-//W3C//DTD XHTML 1.0 Transitional//EN"
    "http://www.w3.org/TR/xhtml1/DTD/xhtml1-transitional.dtd">
<html xmlns="http://www.w3.org/1999/xhtml" xml:lang="en" lang="en">
 <head>
  <title>
</title>
<meta http-equiv="Content-Type" content="text/html;charset=utf-8" />
  <meta name='ocr-system' content='tesseract 3.04.00' />
  <meta name='ocr-capabilities' content='ocr_page ocr_carea ocr_par ocr_line ocrx_word'/>
</head>
<body>
  <div class='ocr_page' id='page_1' title='image "./tliviipatavinih10unkngoog_0543.png"; bbox 0 0 3000 4784; ppageno 0'>
   <div class='ocr_carea' id='block_1_1' title="bbox 796 250 2226 321">
    <p class='ocr_par' dir='ltr' id='par_1_1' title="bbox 796 250 2226 321">
     <span class='ocr_line' id='line_1_1' title="bbox 796 250 2226 321; baseline 0.003 -6"><span class='ocrx_word' id='word_1_1' title='bbox 796 250 990 317; x_wconf 88' lang='lat' dir='ltr'><strong>LIB.</strong></span> <span class='ocrx_word' id='word_1_2' title='bbox 1037 250 1160 317; x_wconf 84' lang='lat' dir='ltr'><strong>lx.</strong></span> <span class='ocrx_word' id='word_1_3' title='bbox 1220 250 1445 319; x_wconf 88' lang='lat' dir='ltr'><strong>CAP.</strong></span> <span class='ocrx_word' id='word_1_4' title='bbox 1495 258 1598 318; x_wconf 89' lang='grc'><strong>26.</strong></span> <span class='ocrx_word' id='word_1_5' title='bbox 2098 260 2226 321; x_wconf 85' lang='grc'><strong>529</strong></span> 
     </span>
    </p>
   </div>
   <div class='ocr_carea' id='block_1_2' title="bbox 109 385 2540 3582">
    <p class='ocr_par' dir='ltr' id='par_1_2' title="bbox 109 385 2532 712">
     <span class='ocr_line' id='line_1_2' title="bbox 109 385 2531 475; baseline -0.001 -24"><span class='ocrx_word' id='word_1_6' title='bbox 109 385 480 475; x_wconf 70' lang='lat' dir='ltr'><strong>eodemque</strong></span> <span class='ocrx_word' id='word_1_7' title='bbox 531 385 796 452; x_wconf 89' lang='lat' dir='ltr'><strong>consilio</strong></span> <span class='ocrx_word' id='word_1_8' title='bbox 823 390 922 453; x_wconf 83' lang='lat' dir='ltr'><strong>‘ca</strong></span> <span class='ocrx_word' id='word_1_9' title='bbox 966 400 1048 453; x_wconf 88' lang='lat' dir='ltr'><strong>ta.</strong></span> <span class='ocrx_word' id='word_1_10' title='bbox 1144 388 1292 466; x_wconf 86' lang='lat' dir='ltr'>Sed,</span> <span class='ocrx_word' id='word_1_11' title='bbox 1342 387 1496 474; x_wconf 91' lang='lat' dir='ltr'><strong>quia</strong></span> <span class='ocrx_word' id='word_1_12' title='bbox 1542 388 1909 453; x_wconf 77' lang='lat' dir='ltr'><strong>absentibus</strong></span> <span class='ocrx_word' id='word_1_13' title='bbox 1954 386 2223 455; x_wconf 89' lang='lat' dir='ltr'><strong>ducibus</strong></span> <span class='ocrx_word' id='word_1_14' title='bbox 2244 396 2311 449; x_wconf 90' lang='lat' dir='ltr'><strong>U.</strong></span> <span class='ocrx_word' id='word_1_15' title='bbox 2336 398 2396 449; x_wconf 88' lang='lat' dir='ltr'><strong>c.</strong></span> <span class='ocrx_word' id='word_1_16' title='bbox 2419 414 2531 461; x_wconf 79' lang='lat'>440·</span> 
     </span>
     <span class='ocr_line' id='line_1_3' title="bbox 109 463 2532 576; baseline 0.002 -39"><span class='ocrx_word' id='word_1_17' title='bbox 109 484 398 560; x_wconf 86' lang='lat' dir='ltr'><strong>mpetus</strong></span> <span class='ocrx_word' id='word_1_18' title='bbox 442 486 539 539; x_wconf 85' lang='lat' dir='ltr'><strong>est</strong></span> <span class='ocrx_word' id='word_1_19' title='bbox 565 473 787 551; x_wconf 85' lang='lat' dir='ltr'><strong>factus,</strong></span> <span class='ocrx_word' id='word_1_20' title='bbox 827 496 872 538; x_wconf 99' lang='lat' dir='ltr'><strong>n</strong></span> <span class='ocrx_word' id='word_1_21' title='bbox 969 496 1043 539; x_wconf 90' lang='lat' dir='ltr'><strong>us</strong></span> <span class='ocrx_word' id='word_1_22' title='bbox 1082 474 1310 540; x_wconf 89' lang='lat' dir='ltr'><strong>modus</strong></span> <span class='ocrx_word' id='word_1_23' title='bbox 1348 473 1650 540; x_wconf 82' lang='lat' dir='ltr'><strong>caedibus</strong></span> <span class='ocrx_word' id='word_1_24' title='bbox 1676 474 1835 552; x_wconf 83' lang='lat' dir='ltr'><strong>fuit3</strong></span> <span class='ocrx_word' id='word_1_25' title='bbox 1881 473 2221 563; x_wconf 86' lang='lat' dir='ltr'><strong>deletaque</strong></span> <span class='ocrx_word' id='word_1_26' title='bbox 2240 463 2532 576; x_wconf 34' lang='lat' dir='ltr'><strong>agag*</strong></span> 
     </span>
     <span class='ocr_line' id='line_1_4' title="bbox 109 560 2407 649; baseline 0.002 -26"><span class='ocrx_word' id='word_1_27' title='bbox 109 560 462 625; x_wconf 61' lang='lat' dir='ltr'><strong>&amp;usonum</strong></span> <span class='ocrx_word' id='word_1_28' title='bbox 489 582 666 647; x_wconf 81' lang='lat' dir='ltr'><strong>gens,</strong></span> <span class='ocrx_word' id='word_1_29' title='bbox 698 561 807 625; x_wconf 84' lang='lat' dir='ltr'><strong>vix</strong></span> <span class='ocrx_word' id='word_1_30' title='bbox 835 574 1010 625; x_wconf 90' lang='lat' dir='ltr'><strong>certo</strong></span> <span class='ocrx_word' id='word_1_31' title='bbox 1044 560 1420 626; x_wconf 86' lang='lat' dir='ltr'><strong>defectionis</strong></span> <span class='ocrx_word' id='word_1_32' title='bbox 1449 561 1737 639; x_wconf 90' lang='lat' dir='ltr'><strong>crimine,</strong></span> <span class='ocrx_word' id='word_1_33' title='bbox 1766 561 2036 649; x_wconf 85' lang='lat' dir='ltr'><strong>perinde</strong></span> <span class='ocrx_word' id='word_1_34' title='bbox 2064 586 2139 627; x_wconf 90' lang='lat' dir='ltr'><strong>ac</strong></span> <span class='ocrx_word' id='word_1_35' title='bbox 2168 564 2221 628; x_wconf 89' lang='lat' dir='ltr'><strong>si</strong></span> <span class='ocrx_word' id='word_1_36' title='bbox 2238 590 2407 640; x_wconf 76' lang='lat' dir='ltr'><strong>deleti.</strong></span> 
     </span>
     <span class='ocr_line' id='line_1_5' title="bbox 109 646 1054 712; baseline 0.002 -3"><span class='ocrx_word' id='word_1_37' title='bbox 109 646 512 711; x_wconf 79' lang='lat' dir='ltr'><strong>ntemecivo</strong></span> <span class='ocrx_word' id='word_1_38' title='bbox 543 646 710 711; x_wconf 94' lang='lat' dir='ltr'><strong>bello</strong></span> <span class='ocrx_word' id='word_1_39' title='bbox 739 658 1054 712; x_wconf 70' lang='lat' dir='ltr'><strong>certasset.</strong></span> 
     </span>
    </p>

    <p class='ocr_par' dir='ltr' id='par_1_3' title="bbox 109 730 2448 1681">
     <span class='ocr_line' id='line_1_6' title="bbox 179 730 2448 821; baseline 0.002 -26"><span class='ocrx_word' id='word_1_40' title='bbox 179 730 456 796; x_wconf 89' lang='lat' dir='ltr'><strong>Eodem</strong></span> <span class='ocrx_word' id='word_1_41' title='bbox 479 754 668 809; x_wconf 89' lang='lat' dir='ltr'><strong>anno,</strong></span> <span class='ocrx_word' id='word_1_42' title='bbox 687 733 940 819; x_wconf 88' lang='lat' dir='ltr'><strong>prodito</strong></span> <span class='ocrx_word' id='word_1_43' title='bbox 960 732 1247 798; x_wconf 81' lang='lat' dir='ltr'>hostibus</span> <span class='ocrx_word' id='word_1_44' title='bbox 1271 733 1571 799; x_wconf 87' lang='lat' dir='ltr'><strong>Romano</strong></span> <span class='ocrx_word' id='word_1_45' title='bbox 1588 732 1923 821; x_wconf 89' lang='lat' dir='ltr'><strong>praesidio,</strong></span> <span class='ocrx_word' id='word_1_46' title='bbox 1946 734 2225 801; x_wconf 90' lang='lat' dir='ltr'><strong>Luceria</strong></span> <span class='ocrx_word' id='word_1_47' title='bbox 2344 738 2448 799; x_wconf 83' lang='grc'><strong>26.</strong></span> 
     </span>
     <span class='ocr_line' id='line_1_7' title="bbox 109 816 2217 907; baseline 0.003 -26"><span class='ocrx_word' id='word_1_48' title='bbox 109 816 506 883; x_wconf 77' lang='lat' dir='ltr'><strong>3amnitium</strong></span> <span class='ocrx_word' id='word_1_49' title='bbox 533 819 713 883; x_wconf 85' lang='lat' dir='ltr'><strong>facta.</strong></span> <span class='ocrx_word' id='word_1_50' title='bbox 805 818 950 885; x_wconf 89' lang='lat' dir='ltr'><strong>Nec</strong></span> <span class='ocrx_word' id='word_1_51' title='bbox 986 818 1100 885; x_wconf 92' lang='lat' dir='ltr'><strong>diu</strong></span> <span class='ocrx_word' id='word_1_52' title='bbox 1142 819 1570 906; x_wconf 85' lang='lat' dir='ltr'>proditoribus</span> <span class='ocrx_word' id='word_1_53' title='bbox 1612 820 1908 907; x_wconf 80' lang='lat' dir='ltr'><strong>inpunita</strong></span> <span class='ocrx_word' id='word_1_54' title='bbox 1949 844 2051 886; x_wconf 90' lang='lat' dir='ltr'><strong>res</strong></span> <span class='ocrx_word' id='word_1_55' title='bbox 2076 822 2217 887; x_wconf 86' lang='lat' dir='ltr'><strong>fuit.</strong></span> 
     </span>
     <span class='ocr_line' id='line_1_8' title="bbox 109 902 2221 995; baseline 0.003 -28"><span class='ocrx_word' id='word_1_56' title='bbox 109 902 308 968; x_wconf 68' lang='lat' dir='ltr'><strong>{laud</strong></span> <span class='ocrx_word' id='word_1_57' title='bbox 355 904 581 991; x_wconf 88' lang='lat' dir='ltr'><strong>procul</strong></span> <span class='ocrx_word' id='word_1_58' title='bbox 625 904 776 969; x_wconf 89' lang='lat' dir='ltr'><strong>inde</strong></span> <span class='ocrx_word' id='word_1_59' title='bbox 821 906 1137 971; x_wconf 83' lang='lat' dir='ltr'><strong>exercitus</strong></span> <span class='ocrx_word' id='word_1_60' title='bbox 1183 906 1519 971; x_wconf 89' lang='lat' dir='ltr'><strong>Romanus</strong></span> <span class='ocrx_word' id='word_1_61' title='bbox 1561 920 1729 971; x_wconf 83' lang='lat' dir='ltr'><strong>erat:</strong></span> <span class='ocrx_word' id='word_1_62' title='bbox 1785 908 1969 972; x_wconf 87' lang='lat' dir='ltr'><strong>cuius</strong></span> <span class='ocrx_word' id='word_1_63' title='bbox 2012 908 2221 995; x_wconf 89' lang='lat' dir='ltr'><strong>primo</strong></span> 
     </span>
     <span class='ocr_line' id='line_1_9' title="bbox 110 990 2221 1079; baseline 0.003 -26"><span class='ocrx_word' id='word_1_64' title='bbox 110 1006 358 1077; x_wconf 89' lang='lat' dir='ltr'><strong>mpetu</strong></span> <span class='ocrx_word' id='word_1_65' title='bbox 389 992 560 1068; x_wconf 89' lang='lat' dir='ltr'><strong>urbs,</strong></span> <span class='ocrx_word' id='word_1_66' title='bbox 591 991 712 1057; x_wconf 88' lang='lat' dir='ltr'><strong>sita</strong></span> <span class='ocrx_word' id='word_1_67' title='bbox 749 990 816 1055; x_wconf 92' lang='lat' dir='ltr'><strong>in</strong></span> <span class='ocrx_word' id='word_1_68' title='bbox 845 991 1058 1079; x_wconf 88' lang='lat' dir='ltr'><strong>plan0,</strong></span> <span class='ocrx_word' id='word_1_69' title='bbox 1089 991 1352 1077; x_wconf 88' lang='lat' dir='ltr'><strong>capitur.</strong></span> <span class='ocrx_word' id='word_1_70' title='bbox 1442 991 1749 1057; x_wconf 88' lang='lat' dir='ltr'><strong>Lucerini</strong></span> <span class='ocrx_word' id='word_1_71' title='bbox 1786 1016 1861 1058; x_wconf 90' lang='lat' dir='ltr'><strong>ac</strong></span> <span class='ocrx_word' id='word_1_72' title='bbox 1905 992 2221 1060; x_wconf 80' lang='lat' dir='ltr'><strong>Samnites</strong></span> 
     </span>
     <span class='ocr_line' id='line_1_10' title="bbox 109 1076 2220 1166; baseline 0.003 -27"><span class='ocrx_word' id='word_1_73' title='bbox 109 1076 176 1139; x_wconf 60' lang='lat' dir='ltr'><strong>td</strong></span> <span class='ocrx_word' id='word_1_74' title='bbox 207 1077 728 1143; x_wconf 77' lang='lat' dir='ltr'><strong>internecionem</strong></span> <span class='ocrx_word' id='word_1_75' title='bbox 751 1078 952 1143; x_wconf 84' lang='lat' dir='ltr'><strong>caesi:</strong></span> <span class='ocrx_word' id='word_1_76' title='bbox 999 1100 1206 1164; x_wconf 90' lang='lat' dir='ltr'><strong>eoque</strong></span> <span class='ocrx_word' id='word_1_77' title='bbox 1229 1078 1324 1142; x_wconf 90' lang='lat' dir='ltr'><strong>ira</strong></span> <span class='ocrx_word' id='word_1_78' title='bbox 1349 1079 1671 1165; x_wconf 81' lang='lat' dir='ltr'><strong>processit,</strong></span> <span class='ocrx_word' id='word_1_79' title='bbox 1690 1090 1765 1143; x_wconf 93' lang='lat' dir='ltr'><strong>ut</strong></span> <span class='ocrx_word' id='word_1_80' title='bbox 1786 1080 2039 1145; x_wconf 89' lang='lat' dir='ltr'><strong>Romae</strong></span> <span class='ocrx_word' id='word_1_81' title='bbox 2058 1101 2220 1166; x_wconf 92' lang='lat' dir='ltr'><strong>quo-</strong></span> 
     </span>
     <span class='ocr_line' id='line_1_11' title="bbox 110 1163 2220 1249; baseline 0.002 -24"><span class='ocrx_word' id='word_1_82' title='bbox 110 1184 250 1247; x_wconf 76' lang='lat' dir='ltr'><strong>1ue,</strong></span> <span class='ocrx_word' id='word_1_83' title='bbox 309 1184 518 1249; x_wconf 89' lang='lat' dir='ltr'><strong>quum</strong></span> <span class='ocrx_word' id='word_1_84' title='bbox 571 1163 654 1228; x_wconf 90' lang='lat' dir='ltr'><strong>de</strong></span> <span class='ocrx_word' id='word_1_85' title='bbox 712 1163 953 1229; x_wconf 87' lang='lat' dir='ltr'><strong>colonis</strong></span> <span class='ocrx_word' id='word_1_86' title='bbox 1009 1163 1339 1229; x_wconf 86' lang='lat' dir='ltr'><strong>mittendis</strong></span> <span class='ocrx_word' id='word_1_87' title='bbox 1391 1163 1733 1229; x_wconf 80' lang='lat' dir='ltr'><strong>Luceriam</strong></span> <span class='ocrx_word' id='word_1_88' title='bbox 1783 1164 2220 1230; x_wconf 86' lang='lat' dir='ltr'><strong>consuleretur</strong></span> 
     </span>
     <span class='ocr_line' id='line_1_12' title="bbox 109 1249 2215 1329; baseline 0.001 -17"><span class='ocrx_word' id='word_1_89' title='bbox 109 1259 388 1326; x_wconf 67' lang='lat' dir='ltr'><strong>senatus,</strong></span> <span class='ocrx_word' id='word_1_90' title='bbox 423 1249 608 1315; x_wconf 89' lang='lat' dir='ltr'><strong>multi</strong></span> <span class='ocrx_word' id='word_1_91' title='bbox 637 1249 976 1314; x_wconf 81' lang='lat' dir='ltr'><strong>delendam</strong></span> <span class='ocrx_word' id='word_1_92' title='bbox 993 1251 1220 1315; x_wconf 91' lang='lat' dir='ltr'><strong>urbem</strong></span> <span class='ocrx_word' id='word_1_93' title='bbox 1250 1261 1603 1314; x_wconf 83' lang='lat' dir='ltr'><strong>censerent.</strong></span> <span class='ocrx_word' id='word_1_94' title='bbox 1696 1250 1959 1315; x_wconf 79' lang='lat' dir='ltr'><strong>Praeter</strong></span> <span class='ocrx_word' id='word_1_95' title='bbox 1975 1250 2215 1329; x_wconf 90' lang='lat' dir='ltr'><strong>odium,</strong></span> 
     </span>
     <span class='ocr_line' id='line_1_13' title="bbox 109 1334 2217 1424; baseline 0.002 -27"><span class='ocrx_word' id='word_1_96' title='bbox 109 1335 282 1421; x_wconf 64' lang='lat' dir='ltr'><strong>luod</strong></span> <span class='ocrx_word' id='word_1_97' title='bbox 328 1336 717 1401; x_wconf 80' lang='lat' dir='ltr'><strong>exsecrabile</strong></span> <span class='ocrx_word' id='word_1_98' title='bbox 761 1336 830 1401; x_wconf 92' lang='lat' dir='ltr'><strong>in</strong></span> <span class='ocrx_word' id='word_1_99' title='bbox 874 1335 970 1401; x_wconf 89' lang='lat' dir='ltr'><strong>bis</strong></span> <span class='ocrx_word' id='word_1_100' title='bbox 1013 1348 1230 1423; x_wconf 91' lang='lat' dir='ltr'><strong>captos</strong></span> <span class='ocrx_word' id='word_1_101' title='bbox 1283 1347 1439 1413; x_wconf 89' lang='lat' dir='ltr'><strong>erat,</strong></span> <span class='ocrx_word' id='word_1_102' title='bbox 1484 1334 1917 1423; x_wconf 73' lang='lat' dir='ltr'><strong>longinquitas</strong></span> <span class='ocrx_word' id='word_1_103' title='bbox 1960 1359 2217 1424; x_wconf 91' lang='lat' dir='ltr'><strong>quoque</strong></span> 
     </span>
     <span class='ocr_line' id='line_1_14' title="bbox 109 1420 2220 1510; baseline 0.001 -25"><span class='ocrx_word' id='word_1_104' title='bbox 109 1421 452 1487; x_wconf 66' lang='lat' dir='ltr'><strong>zbhorrere</strong></span> <span class='ocrx_word' id='word_1_105' title='bbox 496 1444 536 1485; x_wconf 94' lang='lat' dir='ltr'><strong>a</strong></span> <span class='ocrx_word' id='word_1_106' title='bbox 575 1421 930 1509; x_wconf 79' lang='lat' dir='ltr'><strong>relegandis</strong></span> <span class='ocrx_word' id='word_1_107' title='bbox 966 1434 1096 1486; x_wconf 90' lang='lat' dir='ltr'><strong>tam</strong></span> <span class='ocrx_word' id='word_1_108' title='bbox 1138 1421 1360 1510; x_wconf 90' lang='lat' dir='ltr'><strong>procul</strong></span> <span class='ocrx_word' id='word_1_109' title='bbox 1404 1422 1484 1486; x_wconf 93' lang='lat' dir='ltr'><strong>ab</strong></span> <span class='ocrx_word' id='word_1_110' title='bbox 1528 1420 1723 1487; x_wconf 91' lang='lat' dir='ltr'><strong>domo</strong></span> <span class='ocrx_word' id='word_1_111' title='bbox 1766 1422 2009 1487; x_wconf 89' lang='lat' dir='ltr'><strong>civibus</strong></span> <span class='ocrx_word' id='word_1_112' title='bbox 2050 1422 2220 1488; x_wconf 88' lang='lat' dir='ltr'><strong>inter</strong></span> 
     </span>
     <span class='ocr_line' id='line_1_15' title="bbox 109 1506 2217 1595; baseline 0.001 -24"><span class='ocrx_word' id='word_1_113' title='bbox 109 1529 236 1571; x_wconf 67' lang='lat' dir='ltr'><strong>&gt;am</strong></span> <span class='ocrx_word' id='word_1_114' title='bbox 285 1507 549 1573; x_wconf 86' lang='lat' dir='ltr'><strong>infestas</strong></span> <span class='ocrx_word' id='word_1_115' title='bbox 687 1520 828 1573; x_wconf 89' lang='lat' dir='ltr'><strong>ntes</strong></span> <span class='ocrx_word' id='word_1_116' title='bbox 878 1509 1162 1595; x_wconf 82' lang='lat' dir='ltr'><strong>cogebat.</strong></span> <span class='ocrx_word' id='word_1_117' title='bbox 1253 1506 1434 1571; x_wconf 90' lang='lat' dir='ltr'><strong>Vicit</strong></span> <span class='ocrx_word' id='word_1_118' title='bbox 1483 1520 1699 1573; x_wconf 90' lang='lat' dir='ltr'><strong>tamen</strong></span> <span class='ocrx_word' id='word_1_119' title='bbox 1753 1508 2089 1587; x_wconf 88' lang='lat' dir='ltr'><strong>sententia,</strong></span> <span class='ocrx_word' id='word_1_120' title='bbox 2143 1522 2217 1573; x_wconf 88' lang='lat' dir='ltr'><strong>ut</strong></span> 
     </span>
     <span class='ocr_line' id='line_1_16' title="bbox 109 1593 1928 1681; baseline 0.002 -25"><span class='ocrx_word' id='word_1_121' title='bbox 109 1593 520 1658; x_wconf 66' lang='lat' dir='ltr'><strong>mitterentur</strong></span> <span class='ocrx_word' id='word_1_122' title='bbox 547 1618 624 1659; x_wconf 90' lang='lat' dir='ltr'><strong>co</strong></span> <span class='ocrx_word' id='word_1_123' title='bbox 647 1594 774 1659; x_wconf 88' lang='lat' dir='ltr'><strong>oni.</strong></span> <span class='ocrx_word' id='word_1_124' title='bbox 866 1593 1020 1660; x_wconf 92' lang='lat' dir='ltr'><strong>Duo</strong></span> <span class='ocrx_word' id='word_1_125' title='bbox 1049 1594 1248 1659; x_wconf 86' lang='lat' dir='ltr'><strong>millia</strong></span> <span class='ocrx_word' id='word_1_126' title='bbox 1275 1606 1342 1657; x_wconf 90' lang='lat' dir='ltr'><strong>et</strong></span> <span class='ocrx_word' id='word_1_127' title='bbox 1415 1594 1707 1681; x_wconf 85' lang='lat' dir='ltr'><strong>uingenti</strong></span> <span class='ocrx_word' id='word_1_128' title='bbox 1737 1595 1928 1659; x_wconf 85' lang='lat' dir='ltr'><strong>missi.</strong></span> 
     </span>
    </p>

    <p class='ocr_par' dir='ltr' id='par_1_4' title="bbox 109 1678 2540 3582">
     <span class='ocr_line' id='line_1_17' title="bbox 189 1678 2212 1767; baseline 0.002 -25"><span class='ocrx_word' id='word_1_129' title='bbox 189 1678 452 1745; x_wconf 89' lang='lat' dir='ltr'><strong>Eodem</strong></span> <span class='ocrx_word' id='word_1_130' title='bbox 475 1703 663 1758; x_wconf 88' lang='lat' dir='ltr'><strong>ann0‚</strong></span> <span class='ocrx_word' id='word_1_131' title='bbox 683 1702 884 1767; x_wconf 92' lang='lat' dir='ltr'><strong>quum</strong></span> <span class='ocrx_word' id='word_1_132' title='bbox 907 1678 1124 1745; x_wconf 90' lang='lat' dir='ltr'><strong>omnia</strong></span> <span class='ocrx_word' id='word_1_133' title='bbox 1140 1679 1340 1744; x_wconf 86' lang='lat' dir='ltr'><strong>infida</strong></span> <span class='ocrx_word' id='word_1_134' title='bbox 1424 1680 1669 1745; x_wconf 88' lang='lat' dir='ltr'><strong>omanis</strong></span> <span class='ocrx_word' id='word_1_135' title='bbox 1690 1692 1921 1759; x_wconf 88' lang='lat' dir='ltr'><strong>essent,</strong></span> <span class='ocrx_word' id='word_1_136' title='bbox 1950 1680 2212 1767; x_wconf 82' lang='lat' dir='ltr'><strong>Capuae</strong></span> 
     </span>
     <span class='ocr_line' id='line_1_18' title="bbox 109 1766 2215 1855; baseline 0.002 -28"><span class='ocrx_word' id='word_1_137' title='bbox 109 1786 372 1851; x_wconf 73' lang='lat' dir='ltr'><strong>quoque</strong></span> <span class='ocrx_word' id='word_1_138' title='bbox 404 1766 688 1831; x_wconf 81' lang='lat' dir='ltr'><strong>occultae</strong></span> <span class='ocrx_word' id='word_1_139' title='bbox 720 1766 1081 1853; x_wconf 88' lang='lat' dir='ltr'><strong>principum</strong></span> <span class='ocrx_word' id='word_1_140' title='bbox 1126 1766 1593 1831; x_wconf 86' lang='lat' dir='ltr'><strong>coniurationes</strong></span> <span class='ocrx_word' id='word_1_141' title='bbox 1620 1766 1841 1832; x_wconf 86' lang='lat' dir='ltr'><strong>factae.</strong></span> <span class='ocrx_word' id='word_1_142' title='bbox 1935 1766 2039 1832; x_wconf 91' lang='lat' dir='ltr'><strong>De</strong></span> <span class='ocrx_word' id='word_1_143' title='bbox 2070 1767 2215 1855; x_wconf 92' lang='lat' dir='ltr'><strong>qui-</strong></span> 
     </span>
     <span class='ocr_line' id='line_1_19' title="bbox 109 1852 2216 1941; baseline 0.002 -27"><span class='ocrx_word' id='word_1_144' title='bbox 109 1852 224 1915; x_wconf 78' lang='lat' dir='ltr'><strong>bus</strong></span> <span class='ocrx_word' id='word_1_145' title='bbox 262 1873 468 1937; x_wconf 90' lang='lat' dir='ltr'><strong>quum</strong></span> <span class='ocrx_word' id='word_1_146' title='bbox 508 1852 592 1917; x_wconf 86' lang='lat' dir='ltr'><strong>ad</strong></span> <span class='ocrx_word' id='word_1_147' title='bbox 636 1865 926 1918; x_wconf 90' lang='lat' dir='ltr'><strong>senatum</strong></span> <span class='ocrx_word' id='word_1_148' title='bbox 975 1852 1244 1916; x_wconf 88' lang='lat' dir='ltr'><strong>relatum</strong></span> <span class='ocrx_word' id='word_1_149' title='bbox 1289 1865 1472 1931; x_wconf 84' lang='lat' dir='ltr'><strong>esset,</strong></span> <span class='ocrx_word' id='word_1_150' title='bbox 1514 1852 2011 1940; x_wconf 77' lang='lat' dir='ltr'><strong>haudquaquam</strong></span> <span class='ocrx_word' id='word_1_151' title='bbox 2058 1876 2216 1941; x_wconf 83' lang='lat' dir='ltr'><strong>neg-</strong></span> 
     </span>
     <span class='ocr_line' id='line_1_20' title="bbox 109 1937 2215 2025; baseline 0.002 -25"><span class='ocrx_word' id='word_1_152' title='bbox 109 1937 274 2001; x_wconf 88' lang='lat' dir='ltr'><strong>lecta</strong></span> <span class='ocrx_word' id='word_1_153' title='bbox 319 1960 422 2003; x_wconf 85' lang='lat' dir='ltr'><strong>res</strong></span> <span class='ocrx_word' id='word_1_154' title='bbox 449 1951 562 2003; x_wconf 80' lang='lat' dir='ltr'><strong>est.</strong></span> <span class='ocrx_word' id='word_1_155' title='bbox 659 1937 1080 2013; x_wconf 83' lang='lat' dir='ltr'><strong>Quaestiones</strong></span> <span class='ocrx_word' id='word_1_156' title='bbox 1125 1938 1436 2015; x_wconf 86' lang='lat' dir='ltr'><strong>decretae,</strong></span> <span class='ocrx_word' id='word_1_157' title='bbox 1469 1938 1973 2025; x_wconf 82' lang='lat' dir='ltr'><strong>dictatoremque</strong></span> <span class='ocrx_word' id='word_1_158' title='bbox 2064 1962 2215 2004; x_wconf 88' lang='lat' dir='ltr'><strong>uae-</strong></span> 
     </span>
     <span class='ocr_line' id='line_1_21' title="bbox 109 2022 2540 2112; baseline 0.001 -27"><span class='ocrx_word' id='word_1_159' title='bbox 109 2023 421 2087; x_wconf 80' lang='lat' dir='ltr'><strong>3tionibus</strong></span> <span class='ocrx_word' id='word_1_160' title='bbox 437 2024 810 2089; x_wconf 87' lang='lat' dir='ltr'><strong>exercendis</strong></span> <span class='ocrx_word' id='word_1_161' title='bbox 825 2023 952 2089; x_wconf 90' lang='lat' dir='ltr'><strong>dici</strong></span> <span class='ocrx_word' id='word_1_162' title='bbox 971 2024 1226 2110; x_wconf 84' lang='lat' dir='ltr'><strong>placuit.</strong></span> <span class='ocrx_word' id='word_1_163' title='bbox 1303 2023 1381 2088; x_wconf 86' lang='lat' dir='ltr'><strong>C.</strong></span> <span class='ocrx_word' id='word_1_164' title='bbox 1406 2022 1708 2089; x_wconf 89' lang='lat' dir='ltr'><strong>Maenius</strong></span> <span class='ocrx_word' id='word_1_165' title='bbox 1726 2025 1951 2089; x_wconf 76' lang='lat' dir='ltr'><strong>dictus·</strong></span> <span class='ocrx_word' id='word_1_166' title='bbox 2114 2024 2211 2089; x_wconf 89' lang='lat' dir='ltr'><strong>M.</strong></span> <span class='ocrx_word' id='word_1_167' title='bbox 2232 2036 2290 2112; x_wconf 68' lang='lat' dir='ltr'><strong>q.</strong></span> <span class='ocrx_word' id='word_1_168' title='bbox 2308 2036 2540 2088; x_wconf 69' lang='lat' dir='ltr'><strong>Maenius</strong></span> 
     </span>
     <span class='ocr_line' id='line_1_22' title="bbox 109 2102 2524 2215; baseline 0.003 -43"><span class='ocrx_word' id='word_1_169' title='bbox 109 2107 396 2173; x_wconf 87' lang='lat' dir='ltr'><strong>Foslium</strong></span> <span class='ocrx_word' id='word_1_170' title='bbox 421 2110 788 2197; x_wconf 83' lang='lat' dir='ltr'><strong>magistrum</strong></span> <span class='ocrx_word' id='word_1_171' title='bbox 811 2109 1102 2209; x_wconf 86' lang='lat' dir='ltr'><strong>equitum</strong></span> <span class='ocrx_word' id='word_1_172' title='bbox 1120 2108 1302 2174; x_wconf 82' lang='lat' dir='ltr'><strong>dixit.</strong></span> <span class='ocrx_word' id='word_1_173' title='bbox 1393 2107 1633 2195; x_wconf 79' lang='lat' dir='ltr'><strong>Ingens</strong></span> <span class='ocrx_word' id='word_1_174' title='bbox 1661 2123 1797 2174; x_wconf 89' lang='lat' dir='ltr'><strong>erat</strong></span> <span class='ocrx_word' id='word_1_175' title='bbox 1817 2110 2216 2197; x_wconf 78' lang='lat' dir='ltr'><strong>magistratus</strong></span> <span class='ocrx_word' id='word_1_176' title='bbox 2232 2102 2441 2215; x_wconf 56' lang='lat' dir='ltr'><strong>d&#39;ffi‘</strong></span> <span class='ocrx_word' id='word_1_177' title='bbox 2489 2166 2524 2203; x_wconf 55' lang='grc'><strong>.-</strong></span> 
     </span>
     <span class='ocr_line' id='line_1_23' title="bbox 109 2180 2505 2282; baseline 0.001 -25"><span class='ocrx_word' id='word_1_178' title='bbox 109 2194 246 2258; x_wconf 87' lang='lat' dir='ltr'><strong>eius</strong></span> <span class='ocrx_word' id='word_1_179' title='bbox 268 2208 488 2259; x_wconf 88' lang='lat' dir='ltr'><strong>terror.</strong></span> <span class='ocrx_word' id='word_1_180' title='bbox 579 2195 804 2282; x_wconf 83' lang='lat' dir='ltr'><strong>Itaque</strong></span> <span class='ocrx_word' id='word_1_181' title='bbox 833 2218 964 2259; x_wconf 79' lang='lat' dir='ltr'><strong>sive</strong></span> <span class='ocrx_word' id='word_1_182' title='bbox 998 2196 1224 2259; x_wconf 89' lang='lat' dir='ltr'><strong>timore</strong></span> <span class='ocrx_word' id='word_1_183' title='bbox 1255 2193 1412 2271; x_wconf 89' lang='lat' dir='ltr'><strong>eius,</strong></span> <span class='ocrx_word' id='word_1_184' title='bbox 1442 2216 1557 2279; x_wconf 86' lang='lat' dir='ltr'><strong>seu</strong></span> <span class='ocrx_word' id='word_1_185' title='bbox 1584 2195 1989 2271; x_wconf 85' lang='lat' dir='ltr'><strong>conscientia,</strong></span> <span class='ocrx_word' id='word_1_186' title='bbox 2026 2180 2323 2277; x_wconf 57' lang='lat' dir='ltr'><strong>Cala-31¹¹⁵</strong></span> <span class='ocrx_word' id='word_1_187' title='bbox 2343 2182 2505 2279; x_wconf 48' lang='lat'><strong>,¹3¹¹</strong></span> 
     </span>
     <span class='ocr_line' id='line_1_24' title="bbox 109 2280 2413 2380; baseline 0 -37"><span class='ocrx_word' id='word_1_188' title='bbox 109 2280 264 2357; x_wconf 81' lang='lat' dir='ltr'><strong>vios,</strong></span> <span class='ocrx_word' id='word_1_189' title='bbox 301 2280 538 2346; x_wconf 88' lang='lat' dir='ltr'><strong>Ovium</strong></span> <span class='ocrx_word' id='word_1_190' title='bbox 579 2281 1012 2367; x_wconf 86' lang='lat' dir='ltr'><strong>Noviumque,</strong></span> <span class='ocrx_word' id='word_1_191' title='bbox 1043 2280 1153 2367; x_wconf 90' lang='lat' dir='ltr'><strong>(ea</strong></span> <span class='ocrx_word' id='word_1_192' title='bbox 1193 2280 1402 2380; x_wconf 81' lang='lat' dir='ltr'><strong>capita</strong></span> <span class='ocrx_word' id='word_1_193' title='bbox 1439 2280 1894 2344; x_wconf 85' lang='lat' dir='ltr'><strong>coniurationis</strong></span> <span class='ocrx_word' id='word_1_194' title='bbox 1931 2280 2214 2367; x_wconf 89' lang='lat' dir='ltr'><strong>fuerant)</strong></span> <span class='ocrx_word' id='word_1_195' title='bbox 2231 2293 2413 2345; x_wconf 73' lang='lat' dir='ltr'><strong>cendia.</strong></span> 
     </span>
     <span class='ocr_line' id='line_1_25' title="bbox 109 2365 2212 2453; baseline 0.001 -24"><span class='ocrx_word' id='word_1_196' title='bbox 109 2366 480 2452; x_wconf 86' lang='lat' dir='ltr'><strong>priusquam</strong></span> <span class='ocrx_word' id='word_1_197' title='bbox 508 2368 988 2434; x_wconf 83' lang='lat' dir='ltr'><strong>nominarentur</strong></span> <span class='ocrx_word' id='word_1_198' title='bbox 1007 2365 1180 2453; x_wconf 90' lang='lat' dir='ltr'><strong>apud</strong></span> <span class='ocrx_word' id='word_1_199' title='bbox 1209 2366 1605 2443; x_wconf 74' lang='lat' dir='ltr'><strong>dictatorem,</strong></span> <span class='ocrx_word' id='word_1_200' title='bbox 1625 2388 1794 2429; x_wconf 88' lang='lat' dir='ltr'><strong>mors</strong></span> <span class='ocrx_word' id='word_1_201' title='bbox 1821 2366 1995 2430; x_wconf 93' lang='lat' dir='ltr'><strong>haud</strong></span> <span class='ocrx_word' id='word_1_202' title='bbox 2016 2366 2212 2433; x_wconf 89' lang='lat' dir='ltr'><strong>dubie</strong></span> 
     </span>
     <span class='ocr_line' id='line_1_26' title="bbox 111 2450 2213 2539; baseline 0.001 -24"><span class='ocrx_word' id='word_1_203' title='bbox 111 2451 188 2515; x_wconf 78' lang='lat' dir='ltr'><strong>ab</strong></span> <span class='ocrx_word' id='word_1_204' title='bbox 231 2452 381 2539; x_wconf 86' lang='lat' dir='ltr'><strong>ipsis</strong></span> <span class='ocrx_word' id='word_1_205' title='bbox 407 2454 686 2519; x_wconf 83' lang='lat' dir='ltr'><strong>conscita</strong></span> <span class='ocrx_word' id='word_1_206' title='bbox 725 2453 964 2518; x_wconf 89' lang='lat' dir='ltr'><strong>iudicio</strong></span> <span class='ocrx_word' id='word_1_207' title='bbox 1007 2452 1335 2517; x_wconf 78' lang='lat' dir='ltr'><strong>subtraxit.</strong></span> <span class='ocrx_word' id='word_1_208' title='bbox 1428 2450 1709 2529; x_wconf 89' lang='lat' dir='ltr'><strong>Deinde,</strong></span> <span class='ocrx_word' id='word_1_209' title='bbox 1740 2464 1817 2516; x_wconf 88' lang='lat' dir='ltr'><strong>ut</strong></span> <span class='ocrx_word' id='word_1_210' title='bbox 1854 2454 2213 2538; x_wconf 85' lang='lat' dir='ltr'><strong>quaestioni</strong></span> 
     </span>
     <span class='ocr_line' id='line_1_27' title="bbox 111 2536 2205 2625; baseline 0.001 -24"><span class='ocrx_word' id='word_1_211' title='bbox 111 2536 480 2625; x_wconf 84' lang='lat' dir='ltr'><strong>Campanae</strong></span> <span class='ocrx_word' id='word_1_212' title='bbox 499 2540 761 2604; x_wconf 87' lang='lat' dir='ltr'><strong>materia</strong></span> <span class='ocrx_word' id='word_1_213' title='bbox 776 2539 1066 2615; x_wconf 85' lang='lat' dir='ltr'><strong>decessit,</strong></span> <span class='ocrx_word' id='word_1_214' title='bbox 1077 2560 1258 2603; x_wconf 83' lang='lat' dir='ltr'><strong>versa</strong></span> <span class='ocrx_word' id='word_1_215' title='bbox 1275 2538 1554 2602; x_wconf 89' lang='lat' dir='ltr'><strong>Romam</strong></span> <span class='ocrx_word' id='word_1_216' title='bbox 1572 2537 2050 2624; x_wconf 82' lang='lat' dir='ltr'><strong>interpretando</strong></span> <span class='ocrx_word' id='word_1_217' title='bbox 2070 2562 2205 2603; x_wconf 80' lang='lat' dir='ltr'><strong>res:</strong></span> 
     </span>
     <span class='ocr_line' id='line_1_28' title="bbox 111 2620 2211 2711; baseline 0.001 -24"><span class='ocrx_word' id='word_1_218' title='bbox 111 2646 244 2687; x_wconf 86' lang='lat' dir='ltr'><strong>non</strong></span> <span class='ocrx_word' id='word_1_219' title='bbox 261 2624 652 2701; x_wconf 89' lang='lat' dir='ltr'><strong>nominatim,</strong></span> <span class='ocrx_word' id='word_1_220' title='bbox 663 2620 778 2711; x_wconf 87' lang='lat' dir='ltr'><strong>qui</strong></span> <span class='ocrx_word' id='word_1_221' title='bbox 793 2624 894 2689; x_wconf 88' lang='lat' dir='ltr'><strong>Ca</strong></span> <span class='ocrx_word' id='word_1_222' title='bbox 937 2624 1281 2700; x_wconf 84' lang='lat' dir='ltr'><strong>uae,sedin</strong></span> <span class='ocrx_word' id='word_1_223' title='bbox 1299 2624 1687 2702; x_wconf 70' lang='lat' dir='ltr'><strong>universum,</strong></span> <span class='ocrx_word' id='word_1_224' title='bbox 1699 2624 1811 2710; x_wconf 92' lang='lat' dir='ltr'><strong>qui</strong></span> <span class='ocrx_word' id='word_1_225' title='bbox 1822 2646 2091 2710; x_wconf 91' lang='lat' dir='ltr'><strong>usquam</strong></span> <span class='ocrx_word' id='word_1_226' title='bbox 2103 2646 2211 2689; x_wconf 89' lang='lat' dir='ltr'><strong>co-</strong></span> 
     </span>
     <span class='ocr_line' id='line_1_29' title="bbox 111 2708 2209 2796; baseline 0.001 -23"><span class='ocrx_word' id='word_1_227' title='bbox 111 2710 307 2773; x_wconf 81' lang='lat' dir='ltr'><strong>issent</strong></span> <span class='ocrx_word' id='word_1_228' title='bbox 326 2710 832 2776; x_wconf 86' lang='lat' dir='ltr'><strong>coniurassentve</strong></span> <span class='ocrx_word' id='word_1_229' title='bbox 936 2732 1151 2773; x_wconf 87' lang='lat' dir='ltr'><strong>versus</strong></span> <span class='ocrx_word' id='word_1_230' title='bbox 1171 2708 1649 2795; x_wconf 88' lang='lat' dir='ltr'><strong>rempublicam,</strong></span> <span class='ocrx_word' id='word_1_231' title='bbox 1671 2710 1893 2796; x_wconf 89' lang='lat' dir='ltr'><strong>quaeri</strong></span> <span class='ocrx_word' id='word_1_232' title='bbox 1915 2724 2209 2775; x_wconf 89' lang='lat' dir='ltr'><strong>senatum</strong></span> 
     </span>
     <span class='ocr_line' id='line_1_30' title="bbox 109 2794 2206 2881; baseline 0.002 -24"><span class='ocrx_word' id='word_1_233' title='bbox 109 2796 389 2861; x_wconf 81' lang='lat' dir='ltr'><strong>iussisse=</strong></span> <span class='ocrx_word' id='word_1_234' title='bbox 437 2809 504 2861; x_wconf 89' lang='lat' dir='ltr'><strong>et</strong></span> <span class='ocrx_word' id='word_1_235' title='bbox 519 2794 846 2873; x_wconf 77' lang='lat' dir='ltr'><strong>coitioneS,</strong></span> <span class='ocrx_word' id='word_1_236' title='bbox 870 2796 1184 2860; x_wconf 90' lang='lat' dir='ltr'><strong>honorum</strong></span> <span class='ocrx_word' id='word_1_237' title='bbox 1208 2794 1763 2881; x_wconf 86' lang='lat' dir='ltr'><strong>adipiscendorum</strong></span> <span class='ocrx_word' id='word_1_238' title='bbox 1782 2818 1970 2861; x_wconf 85' lang='lat' dir='ltr'><strong>causa</strong></span> <span class='ocrx_word' id='word_1_239' title='bbox 1988 2796 2206 2873; x_wconf 85' lang='lat' dir='ltr'><strong>factas,</strong></span> 
     </span>
     <span class='ocr_line' id='line_1_31' title="bbox 112 2880 2209 2985; baseline 0.002 -40"><span class='ocrx_word' id='word_1_240' title='bbox 112 2880 408 2946; x_wconf 84' lang='lat' dir='ltr'><strong>adversus</strong></span> <span class='ocrx_word' id='word_1_241' title='bbox 422 2881 877 2969; x_wconf 77' lang='lat' dir='ltr'><strong>rempublicam</strong></span> <span class='ocrx_word' id='word_1_242' title='bbox 899 2903 1070 2947; x_wconf 85' lang='lat' dir='ltr'><strong>esse:</strong></span> <span class='ocrx_word' id='word_1_243' title='bbox 1117 2880 1430 2967; x_wconf 88' lang='lat' dir='ltr'><strong>latiorque</strong></span> <span class='ocrx_word' id='word_1_244' title='bbox 1453 2894 1521 2946; x_wconf 92' lang='lat' dir='ltr'><strong>et</strong></span> <span class='ocrx_word' id='word_1_245' title='bbox 1536 2903 1605 2947; x_wconf 88' lang='lat' dir='ltr'><strong>re</strong></span> <span class='ocrx_word' id='word_1_246' title='bbox 1627 2895 1695 2946; x_wconf 89' lang='lat' dir='ltr'><strong>et</strong></span> <span class='ocrx_word' id='word_1_247' title='bbox 1794 2882 1994 2947; x_wconf 86' lang='lat' dir='ltr'><strong>rsonis</strong></span> <span class='ocrx_word' id='word_1_248' title='bbox 2012 2906 2209 2985; x_wconf 83' lang='lat' dir='ltr'><strong>quae·-</strong></span> 
     </span>
     <span class='ocr_line' id='line_1_32' title="bbox 113 2966 2209 3056; baseline 0.002 -25"><span class='ocrx_word' id='word_1_249' title='bbox 113 2968 239 3032; x_wconf 88' lang='lat' dir='ltr'><strong>stio</strong></span> <span class='ocrx_word' id='word_1_250' title='bbox 257 2966 418 3044; x_wconf 82' lang='lat' dir='ltr'><strong>fleri3</strong></span> <span class='ocrx_word' id='word_1_251' title='bbox 463 2967 640 3033; x_wconf 84' lang='lat' dir='ltr'><strong>haud</strong></span> <span class='ocrx_word' id='word_1_252' title='bbox 659 2968 980 3033; x_wconf 89' lang='lat' dir='ltr'><strong>abnuente</strong></span> <span class='ocrx_word' id='word_1_253' title='bbox 997 2967 1328 3045; x_wconf 82' lang='lat' dir='ltr'><strong>dictatore,</strong></span> <span class='ocrx_word' id='word_1_254' title='bbox 1346 2967 1484 3031; x_wconf 86' lang='lat' dir='ltr'><strong>sine</strong></span> <span class='ocrx_word' id='word_1_255' title='bbox 1514 2966 1645 3033; x_wconf 89' lang='lat' dir='ltr'><strong>fine</strong></span> <span class='ocrx_word' id='word_1_256' title='bbox 1760 2991 1797 3032; x_wconf 90' lang='lat' dir='ltr'><strong>a</strong></span> <span class='ocrx_word' id='word_1_257' title='bbox 1819 2970 2209 3056; x_wconf 80' lang='lat' dir='ltr'><strong>quaestionis</strong></span> 
     </span>
     <span class='ocr_line' id='line_1_33' title="bbox 113 3053 2207 3155; baseline 0.002 -38"><span class='ocrx_word' id='word_1_258' title='bbox 113 3075 266 3117; x_wconf 85' lang='lat' dir='ltr'><strong>suae</strong></span> <span class='ocrx_word' id='word_1_259' title='bbox 293 3054 388 3117; x_wconf 87' lang='lat' dir='ltr'><strong>ius</strong></span> <span class='ocrx_word' id='word_1_260' title='bbox 407 3076 562 3119; x_wconf 86' lang='lat' dir='ltr'><strong>esse.</strong></span> <span class='ocrx_word' id='word_1_261' title='bbox 653 3053 1148 3121; x_wconf 80' lang='lat' dir='ltr'><strong>Postulabantur</strong></span> <span class='ocrx_word' id='word_1_262' title='bbox 1173 3075 1326 3140; x_wconf 82' lang='lat' dir='ltr'><strong>ergo</strong></span> <span class='ocrx_word' id='word_1_263' title='bbox 1347 3053 1593 3119; x_wconf 89' lang='lat' dir='ltr'><strong>nobiles</strong></span> <span class='ocrx_word' id='word_1_264' title='bbox 1614 3054 1939 3121; x_wconf 81' lang='lat' dir='ltr'><strong>homines:</strong></span> <span class='ocrx_word' id='word_1_265' title='bbox 1988 3056 2207 3155; x_wconf 87' lang='lat' dir='ltr'><strong>appel·</strong></span> 
     </span>
     <span class='ocr_line' id='line_1_34' title="bbox 114 3138 2205 3225; baseline 0.001 -22"><span class='ocrx_word' id='word_1_266' title='bbox 114 3138 314 3203; x_wconf 90' lang='lat' dir='ltr'><strong>lantib</strong></span> <span class='ocrx_word' id='word_1_267' title='bbox 427 3162 510 3205; x_wconf 91' lang='lat' dir='ltr'><strong>ue</strong></span> <span class='ocrx_word' id='word_1_268' title='bbox 533 3140 822 3205; x_wconf 90' lang='lat' dir='ltr'><strong>tribunos</strong></span> <span class='ocrx_word' id='word_1_269' title='bbox 838 3161 1030 3205; x_wconf 91' lang='lat' dir='ltr'><strong>nemo</strong></span> <span class='ocrx_word' id='word_1_270' title='bbox 1057 3152 1194 3205; x_wconf 90' lang='lat' dir='ltr'><strong>erat</strong></span> <span class='ocrx_word' id='word_1_271' title='bbox 1209 3138 1472 3217; x_wconf 84' lang='lat' dir='ltr'><strong>auxilio,</strong></span> <span class='ocrx_word' id='word_1_272' title='bbox 1496 3140 1657 3225; x_wconf 90' lang='lat' dir='ltr'><strong>quin</strong></span> <span class='ocrx_word' id='word_1_273' title='bbox 1684 3142 1947 3206; x_wconf 87' lang='lat' dir='ltr'><strong>nomina</strong></span> <span class='ocrx_word' id='word_1_274' title='bbox 1962 3164 2091 3205; x_wconf 76' lang='lat' dir='ltr'><strong>reci</strong></span> <span class='ocrx_word' id='word_1_275' title='bbox 2138 3164 2205 3206; x_wconf 88' lang='lat' dir='ltr'><strong>e-</strong></span> 
     </span>
     <span class='ocr_line' id='line_1_35' title="bbox 114 3162 2207 3326; baseline 0.001 -38"><span class='ocrx_word' id='word_1_276' title='bbox 114 3162 570 3290; x_wconf 47' lang='lat' dir='ltr'><strong>renturlmlnde</strong></span> <span class='ocrx_word' id='word_1_277' title='bbox 588 3225 904 3302; x_wconf 85' lang='lat' dir='ltr'><strong>nobilitas,</strong></span> <span class='ocrx_word' id='word_1_278' title='bbox 923 3248 1046 3289; x_wconf 90' lang='lat' dir='ltr'><strong>nec</strong></span> <span class='ocrx_word' id='word_1_279' title='bbox 1063 3225 1132 3288; x_wconf 90' lang='lat' dir='ltr'><strong>hi</strong></span> <span class='ocrx_word' id='word_1_280' title='bbox 1149 3223 1362 3301; x_wconf 90' lang='lat' dir='ltr'><strong>mod0,</strong></span> <span class='ocrx_word' id='word_1_281' title='bbox 1381 3224 1452 3287; x_wconf 91' lang='lat' dir='ltr'><strong>in</strong></span> <span class='ocrx_word' id='word_1_282' title='bbox 1467 3248 1633 3326; x_wconf 85' lang='lat' dir='ltr'><strong>quos</strong></span> <span class='ocrx_word' id='word_1_283' title='bbox 1648 3226 1890 3289; x_wconf 89' lang='lat' dir='ltr'><strong>crimen</strong></span> <span class='ocrx_word' id='word_1_284' title='bbox 1908 3226 2091 3289; x_wconf 89' lang='lat' dir='ltr'><strong>inten</strong></span> <span class='ocrx_word' id='word_1_285' title='bbox 2138 3248 2207 3291; x_wconf 91' lang='lat' dir='ltr'><strong>e-</strong></span> 
     </span>
     <span class='ocr_line' id='line_1_36' title="bbox 115 3309 2204 3388; baseline 0 -13"><span class='ocrx_word' id='word_1_286' title='bbox 115 3312 318 3387; x_wconf 87' lang='lat' dir='ltr'><strong>batur,</strong></span> <span class='ocrx_word' id='word_1_287' title='bbox 347 3312 456 3377; x_wconf 86' lang='lat' dir='ltr'><strong>sed</strong></span> <span class='ocrx_word' id='word_1_288' title='bbox 489 3312 767 3377; x_wconf 82' lang='lat' dir='ltr'><strong>universi</strong></span> <span class='ocrx_word' id='word_1_289' title='bbox 802 3310 1010 3388; x_wconf 86' lang='lat' dir='ltr'><strong>simul,</strong></span> <span class='ocrx_word' id='word_1_290' title='bbox 1035 3332 1080 3373; x_wconf 92' lang='lat' dir='ltr'><strong>n</strong></span> <span class='ocrx_word' id='word_1_291' title='bbox 1161 3332 1286 3386; x_wconf 86' lang='lat' dir='ltr'><strong>are,</strong></span> <span class='ocrx_word' id='word_1_292' title='bbox 1317 3309 1629 3374; x_wconf 76' lang='lat' dir='ltr'><strong>nobilium</strong></span> <span class='ocrx_word' id='word_1_293' title='bbox 1664 3310 1733 3374; x_wconf 94' lang='lat' dir='ltr'><strong>id</strong></span> <span class='ocrx_word' id='word_1_294' title='bbox 1776 3310 2019 3375; x_wconf 88' lang='lat' dir='ltr'><strong>crimen</strong></span> <span class='ocrx_word' id='word_1_295' title='bbox 2046 3332 2204 3388; x_wconf 87' lang='lat' dir='ltr'><strong>esse,</strong></span> 
     </span>
     <span class='ocr_line' id='line_1_37' title="bbox 118 3394 2205 3483; baseline -0 -22"><span class='ocrx_word' id='word_1_296' title='bbox 118 3396 363 3483; x_wconf 85' lang='lat' dir='ltr'><strong>quibus,</strong></span> <span class='ocrx_word' id='word_1_297' title='bbox 384 3396 434 3462; x_wconf 88' lang='lat' dir='ltr'><strong>si</strong></span> <span class='ocrx_word' id='word_1_298' title='bbox 463 3397 641 3462; x_wconf 90' lang='lat' dir='ltr'><strong>nulla</strong></span> <span class='ocrx_word' id='word_1_299' title='bbox 667 3398 952 3463; x_wconf 85' lang='lat' dir='ltr'><strong>obstetur</strong></span> <span class='ocrx_word' id='word_1_300' title='bbox 979 3396 1118 3461; x_wconf 82' lang='lat' dir='ltr'><strong>frau</strong></span> <span class='ocrx_word' id='word_1_301' title='bbox 1163 3417 1220 3473; x_wconf 92' lang='lat' dir='ltr'><strong>e,</strong></span> <span class='ocrx_word' id='word_1_302' title='bbox 1251 3406 1465 3483; x_wconf 88' lang='lat' dir='ltr'><strong>pateat</strong></span> <span class='ocrx_word' id='word_1_303' title='bbox 1496 3395 1597 3459; x_wconf 82' lang='lat' dir='ltr'><strong>via</strong></span> <span class='ocrx_word' id='word_1_304' title='bbox 1622 3394 1705 3458; x_wconf 88' lang='lat' dir='ltr'><strong>ad</strong></span> <span class='ocrx_word' id='word_1_305' title='bbox 1733 3395 2059 3472; x_wconf 89' lang='lat' dir='ltr'><strong>honorem,</strong></span> <span class='ocrx_word' id='word_1_306' title='bbox 2090 3397 2205 3461; x_wconf 89' lang='lat' dir='ltr'><strong>sed</strong></span> 
     </span>
     <span class='ocr_line' id='line_1_38' title="bbox 117 3480 2205 3582; baseline 0 -35"><span class='ocrx_word' id='word_1_307' title='bbox 117 3483 440 3549; x_wconf 89' lang='lat' dir='ltr'><strong>hominum</strong></span> <span class='ocrx_word' id='word_1_308' title='bbox 481 3505 825 3549; x_wconf 80' lang='lat' dir='ltr'><strong>novorum:</strong></span> <span class='ocrx_word' id='word_1_309' title='bbox 879 3482 1050 3570; x_wconf 85' lang='lat' dir='ltr'><strong>ipsos</strong></span> <span class='ocrx_word' id='word_1_310' title='bbox 1092 3481 1254 3546; x_wconf 87' lang='lat' dir='ltr'><strong>adeo</strong></span> <span class='ocrx_word' id='word_1_311' title='bbox 1292 3480 1667 3546; x_wconf 85' lang='lat' dir='ltr'><strong>dictatorem</strong></span> <span class='ocrx_word' id='word_1_312' title='bbox 1706 3480 2205 3582; x_wconf 70' lang='lat' dir='ltr'><strong>magistrumque</strong></span> 
     </span>
    </p>
   </div>
   <div class='ocr_carea' id='block_1_3' title="bbox 121 3566 2207 3656">
    <p class='ocr_par' dir='ltr' id='par_1_5' title="bbox 121 3566 2207 3656">
     <span class='ocr_line' id='line_1_39' title="bbox 121 3566 2207 3656; baseline 0 -23"><span class='ocrx_word' id='word_1_313' title='bbox 121 3568 398 3655; x_wconf 87' lang='lat' dir='ltr'><strong>equitum</strong></span> <span class='ocrx_word' id='word_1_314' title='bbox 424 3590 566 3635; x_wconf 88' lang='lat' dir='ltr'><strong>reos</strong></span> <span class='ocrx_word' id='word_1_315' title='bbox 593 3569 812 3656; x_wconf 80' lang='lat' dir='ltr'><strong>magis,</strong></span> <span class='ocrx_word' id='word_1_316' title='bbox 837 3590 1030 3655; x_wconf 88' lang='lat' dir='ltr'><strong>quam</strong></span> <span class='ocrx_word' id='word_1_317' title='bbox 1054 3566 1442 3654; x_wconf 84' lang='lat' dir='ltr'><strong>quaesitores</strong></span> <span class='ocrx_word' id='word_1_318' title='bbox 1471 3566 1737 3632; x_wconf 89' lang='lat' dir='ltr'><strong>idoneos</strong></span> <span class='ocrx_word' id='word_1_319' title='bbox 1756 3567 1897 3632; x_wconf 86' lang='lat' dir='ltr'><strong>eius</strong></span> <span class='ocrx_word' id='word_1_320' title='bbox 1924 3568 2207 3633; x_wconf 78' lang='lat' dir='ltr'><strong>criminis</strong></span> 
     </span>
    </p>
   </div>
   <div class='ocr_carea' id='block_1_4' title="bbox 125 3775 2205 4397">
    <p class='ocr_par' dir='ltr' id='par_1_6' title="bbox 125 3775 2205 4397">
     <span class='ocr_line' id='line_1_40' title="bbox 193 3775 1652 3838; baseline 0.003 -15"><span class='ocrx_word' id='word_1_321' title='bbox 193 3790 223 3837; x_wconf 89' lang='lat'>9</span> <span class='ocrx_word' id='word_1_322' title='bbox 252 3776 422 3825; x_wconf 69' lang='lat' dir='ltr'><strong>Nullus</strong></span> <span class='ocrx_word' id='word_1_323' title='bbox 449 3776 642 3836; x_wconf 73' lang='lat' dir='ltr'><strong>modus]</strong></span> <span class='ocrx_word' id='word_1_324' title='bbox 685 3776 804 3833; x_wconf 79' lang='lat' dir='ltr'><strong>Quo</strong></span> <span class='ocrx_word' id='word_1_325' title='bbox 836 3775 992 3838; x_wconf 69' lang='lat' dir='ltr'><strong>magis</strong></span> <span class='ocrx_word' id='word_1_326' title='bbox 1023 3776 1120 3825; x_wconf 60' lang='lat' dir='ltr'><strong>else</strong></span> <span class='ocrx_word' id='word_1_327' title='bbox 1187 3775 1455 3837; x_wconf 85' lang='lat' dir='ltr'><strong>publicam.</strong></span> <span class='ocrx_word' id='word_1_328' title='bbox 1489 3777 1652 3827; x_wconf 75' lang='lat' dir='ltr'><strong>Caav.</strong></span> 
     </span>
     <span class='ocr_line' id='line_1_41' title="bbox 125 3839 2203 3906; baseline 0.002 -17"><span class='ocrx_word' id='word_1_329' title='bbox 125 3854 236 3889; x_wconf 82' lang='lat' dir='ltr'><strong>rum</strong></span> <span class='ocrx_word' id='word_1_330' title='bbox 255 3839 354 3889; x_wconf 83' lang='lat' dir='ltr'><strong>aliis</strong></span> <span class='ocrx_word' id='word_1_331' title='bbox 371 3841 652 3902; x_wconf 83' lang='lat' dir='ltr'><strong>exemplum</strong></span> <span class='ocrx_word' id='word_1_332' title='bbox 673 3846 902 3889; x_wconf 75' lang='lat' dir='ltr'><strong>exstaret.</strong></span> <span class='ocrx_word' id='word_1_333' title='bbox 1273 3854 1301 3887; x_wconf 70' lang='grc' dir='ltr'>α</span> <span class='ocrx_word' id='word_1_334' title='bbox 1351 3841 1486 3898; x_wconf 74' lang='lat' dir='ltr'><strong>Quin</strong></span> <span class='ocrx_word' id='word_1_335' title='bbox 1568 3843 1769 3891; x_wconf 74' lang='lat' dir='ltr'><strong>nomina</strong></span> <span class='ocrx_word' id='word_1_336' title='bbox 1839 3845 2203 3906; x_wconf 71' lang='lat' dir='ltr'><strong>reciperemur]</strong></span> 
     </span>
     <span class='ocr_line' id='line_1_42' title="bbox 201 3903 2204 3965; baseline 0.003 -16"><span class='ocrx_word' id='word_1_337' title='bbox 201 3917 218 3949; x_wconf 83' lang='lat'>1</span> <span class='ocrx_word' id='word_1_338' title='bbox 254 3904 385 3951; x_wconf 72' lang='lat' dir='ltr'><strong>Versa</strong></span> <span class='ocrx_word' id='word_1_339' title='bbox 402 3905 604 3953; x_wconf 74' lang='lat' dir='ltr'><strong>Romam</strong></span> <span class='ocrx_word' id='word_1_340' title='bbox 629 3906 996 3965; x_wconf 64' lang='lat' dir='ltr'><strong>Merpretando</strong></span> <span class='ocrx_word' id='word_1_341' title='bbox 1015 3905 1118 3964; x_wconf 77' lang='lat' dir='ltr'><strong>res]</strong></span> <span class='ocrx_word' id='word_1_342' title='bbox 1188 3903 1470 3960; x_wconf 79' lang='lat' dir='ltr'><strong>Quominus</strong></span> <span class='ocrx_word' id='word_1_343' title='bbox 1483 3903 1613 3954; x_wconf 84' lang='lat' dir='ltr'><strong>inter</strong></span> <span class='ocrx_word' id='word_1_344' title='bbox 1632 3921 1739 3955; x_wconf 87' lang='lat' dir='ltr'><strong>reos</strong></span> <span class='ocrx_word' id='word_1_345' title='bbox 1758 3908 2065 3957; x_wconf 74' lang='lat' dir='ltr'><strong>referrentur.</strong></span> <span class='ocrx_word' id='word_1_346' title='bbox 2110 3910 2204 3955; x_wconf 81' lang='lat' dir='ltr'><strong>Ac-</strong></span> 
     </span>
     <span class='ocr_line' id='line_1_43' title="bbox 127 3966 2203 4029; baseline -0.001 -12"><span class='ocrx_word' id='word_1_347' title='bbox 127 3968 312 4017; x_wconf 70' lang='lat' dir='ltr'><strong>Romae</strong></span> <span class='ocrx_word' id='word_1_348' title='bbox 343 3980 530 4028; x_wconf 86' lang='lat' dir='ltr'><strong>quoque</strong></span> <span class='ocrx_word' id='word_1_349' title='bbox 562 3966 874 4027; x_wconf 80' lang='lat' dir='ltr'><strong>quaestiones</strong></span> <span class='ocrx_word' id='word_1_350' title='bbox 909 3966 1122 4015; x_wconf 85' lang='lat' dir='ltr'><strong>exerceri</strong></span> <span class='ocrx_word' id='word_1_351' title='bbox 1187 3972 1380 4015; x_wconf 84' lang='lat' dir='ltr'><strong>cusator</strong></span> <span class='ocrx_word' id='word_1_352' title='bbox 1412 3968 1661 4017; x_wconf 80' lang='lat' dir='ltr'><strong>deferebat</strong></span> <span class='ocrx_word' id='word_1_353' title='bbox 1703 3984 1883 4019; x_wconf 88' lang='lat' dir='ltr'><strong>nomen</strong></span> <span class='ocrx_word' id='word_1_354' title='bbox 1920 3970 2025 4017; x_wconf 85' lang='lat' dir='ltr'><strong>eius</strong></span> <span class='ocrx_word' id='word_1_355' title='bbox 2057 3983 2203 4029; x_wconf 88' lang='lat' dir='ltr'><strong>quem</strong></span> 
     </span>
     <span class='ocr_line' id='line_1_44' title="bbox 127 4031 2205 4095; baseline -0 -16"><span class='ocrx_word' id='word_1_356' title='bbox 127 4036 336 4091; x_wconf 77' lang='lat' dir='ltr'><strong>coeptae,</strong></span> <span class='ocrx_word' id='word_1_357' title='bbox 353 4044 498 4091; x_wconf 87' lang='lat' dir='ltr'><strong>quum</strong></span> <span class='ocrx_word' id='word_1_358' title='bbox 531 4044 642 4078; x_wconf 82' lang='lat' dir='ltr'><strong>eam</strong></span> <span class='ocrx_word' id='word_1_359' title='bbox 675 4044 780 4079; x_wconf 87' lang='lat' dir='ltr'><strong>esse</strong></span> <span class='ocrx_word' id='word_1_360' title='bbox 810 4036 1119 4079; x_wconf 86' lang='lat' dir='ltr'><strong>senatuscon-</strong></span> <span class='ocrx_word' id='word_1_361' title='bbox 1183 4032 1515 4081; x_wconf 79' lang='lat' dir='ltr'><strong>accusandum</strong></span> <span class='ocrx_word' id='word_1_362' title='bbox 1536 4038 1843 4095; x_wconf 78' lang='lat' dir='ltr'><strong>susceperat:</strong></span> <span class='ocrx_word' id='word_1_363' title='bbox 1882 4031 2205 4093; x_wconf 79' lang='lat' dir='ltr'><strong>magistratus,</strong></span> 
     </span>
     <span class='ocr_line' id='line_1_45' title="bbox 127 4092 2205 4169; baseline -0.001 -26"><span class='ocrx_word' id='word_1_364' title='bbox 127 4092 244 4143; x_wconf 83' lang='lat' dir='ltr'><strong>sulti</strong></span> <span class='ocrx_word' id='word_1_365' title='bbox 275 4092 360 4141; x_wconf 84' lang='lat' dir='ltr'><strong>vim</strong></span> <span class='ocrx_word' id='word_1_366' title='bbox 388 4092 594 4142; x_wconf 81' lang='lat' dir='ltr'><strong>dictator</strong></span> <span class='ocrx_word' id='word_1_367' title='bbox 619 4094 1033 4155; x_wconf 80' lang='lat' dir='ltr'><strong>interpretaretur,</strong></span> <span class='ocrx_word' id='word_1_368' title='bbox 1065 4098 1122 4142; x_wconf 88' lang='lat' dir='ltr'><strong>ut</strong></span> <span class='ocrx_word' id='word_1_369' title='bbox 1186 4093 1326 4143; x_wconf 90' lang='lat' dir='ltr'><strong>cuius</strong></span> <span class='ocrx_word' id='word_1_370' title='bbox 1362 4100 1467 4143; x_wconf 87' lang='lat' dir='ltr'><strong>erat</strong></span> <span class='ocrx_word' id='word_1_371' title='bbox 1502 4110 1735 4169; x_wconf 84' lang='lat' dir='ltr'><strong>quaerere</strong></span> <span class='ocrx_word' id='word_1_372' title='bbox 1771 4096 1834 4143; x_wconf 85' lang='lat' dir='ltr'><strong>de</strong></span> <span class='ocrx_word' id='word_1_373' title='bbox 1870 4094 1959 4142; x_wconf 89' lang='lat' dir='ltr'><strong>illo</strong></span> <span class='ocrx_word' id='word_1_374' title='bbox 2002 4093 2205 4141; x_wconf 80' lang='lat' dir='ltr'><strong>crimine</strong></span> 
     </span>
     <span class='ocr_line' id='line_1_46' title="bbox 130 4156 2204 4219; baseline -0.001 -14"><span class='ocrx_word' id='word_1_375' title='bbox 130 4157 222 4207; x_wconf 84' lang='lat' dir='ltr'><strong>sibi</strong></span> <span class='ocrx_word' id='word_1_376' title='bbox 247 4156 475 4219; x_wconf 78' lang='lat' dir='ltr'><strong>negotium</strong></span> <span class='ocrx_word' id='word_1_377' title='bbox 501 4157 672 4205; x_wconf 78' lang='lat' dir='ltr'><strong>datum</strong></span> <span class='ocrx_word' id='word_1_378' title='bbox 699 4172 804 4205; x_wconf 87' lang='lat' dir='ltr'><strong>esse</strong></span> <span class='ocrx_word' id='word_1_379' title='bbox 837 4156 1019 4205; x_wconf 80' lang='lat' dir='ltr'><strong>diceret</strong></span> <span class='ocrx_word' id='word_1_380' title='bbox 1049 4157 1121 4204; x_wconf 89' lang='lat' dir='ltr'><strong>in-</strong></span> <span class='ocrx_word' id='word_1_381' title='bbox 1187 4158 1318 4219; x_wconf 87' lang='lat' dir='ltr'><strong>quod</strong></span> <span class='ocrx_word' id='word_1_382' title='bbox 1345 4172 1427 4205; x_wconf 88' lang='lat' dir='ltr'><strong>reo</strong></span> <span class='ocrx_word' id='word_1_383' title='bbox 1448 4158 1784 4216; x_wconf 79' lang='lat' dir='ltr'><strong>obiiciebatur,</strong></span> <span class='ocrx_word' id='word_1_384' title='bbox 1804 4170 1985 4205; x_wconf 81' lang='lat' dir='ltr'><strong>nomen</strong></span> <span class='ocrx_word' id='word_1_385' title='bbox 2006 4156 2111 4203; x_wconf 89' lang='lat' dir='ltr'><strong>eius</strong></span> <span class='ocrx_word' id='word_1_386' title='bbox 2132 4171 2204 4203; x_wconf 86' lang='lat' dir='ltr'><strong>re-</strong></span> 
     </span>
     <span class='ocr_line' id='line_1_47' title="bbox 131 4218 2205 4285; baseline -0.001 -16"><span class='ocrx_word' id='word_1_387' title='bbox 131 4220 325 4285; x_wconf 84' lang='lat' dir='ltr'><strong>quirere,</strong></span> <span class='ocrx_word' id='word_1_388' title='bbox 355 4234 448 4269; x_wconf 87' lang='lat' dir='ltr'><strong>non</strong></span> <span class='ocrx_word' id='word_1_389' title='bbox 488 4219 542 4267; x_wconf 86' lang='lat' dir='ltr'><strong>in</strong></span> <span class='ocrx_word' id='word_1_390' title='bbox 579 4234 663 4268; x_wconf 90' lang='lat' dir='ltr'><strong>eos</strong></span> <span class='ocrx_word' id='word_1_391' title='bbox 709 4219 1000 4269; x_wconf 86' lang='lat' dir='ltr'><strong>nominatim</strong></span> <span class='ocrx_word' id='word_1_392' title='bbox 1037 4218 1122 4281; x_wconf 89' lang='lat' dir='ltr'><strong>qui</strong></span> <span class='ocrx_word' id='word_1_393' title='bbox 1188 4220 1418 4284; x_wconf 81' lang='lat' dir='ltr'><strong>cipiebat,</strong></span> <span class='ocrx_word' id='word_1_394' title='bbox 1451 4221 1553 4269; x_wconf 78' lang='lat' dir='ltr'><strong>sive</strong></span> <span class='ocrx_word' id='word_1_395' title='bbox 1580 4220 1887 4270; x_wconf 64' lang='lat' dir='ltr'><strong>referendum</strong></span> <span class='ocrx_word' id='word_1_396' title='bbox 1921 4220 2122 4268; x_wconf 81' lang='lat' dir='ltr'><strong>curabat</strong></span> <span class='ocrx_word' id='word_1_397' title='bbox 2154 4218 2205 4267; x_wconf 83' lang='lat' dir='ltr'><strong>in</strong></span> 
     </span>
     <span class='ocr_line' id='line_1_48' title="bbox 132 4282 1835 4347; baseline -0.001 -13"><span class='ocrx_word' id='word_1_398' title='bbox 132 4284 426 4345; x_wconf 50' lang='lat' dir='ltr'><strong>Capusffiwd</strong></span> <span class='ocrx_word' id='word_1_399' title='bbox 447 4282 500 4331; x_wconf 85' lang='lat' dir='ltr'><strong>in</strong></span> <span class='ocrx_word' id='word_1_400' title='bbox 520 4297 604 4331; x_wconf 88' lang='lat' dir='ltr'><strong>eos</strong></span> <span class='ocrx_word' id='word_1_401' title='bbox 625 4298 796 4331; x_wconf 81' lang='lat' dir='ltr'><strong>omnes</strong></span> <span class='ocrx_word' id='word_1_402' title='bbox 811 4282 894 4345; x_wconf 91' lang='lat' dir='ltr'><strong>qui</strong></span> <span class='ocrx_word' id='word_1_403' title='bbox 917 4298 1122 4347; x_wconf 80' lang='lat' dir='ltr'><strong>usquam</strong></span> <span class='ocrx_word' id='word_1_404' title='bbox 1187 4284 1382 4332; x_wconf 82' lang='lat' dir='ltr'><strong>tabulas</strong></span> <span class='ocrx_word' id='word_1_405' title='bbox 1402 4284 1638 4345; x_wconf 77' lang='lat' dir='ltr'><strong>publices.</strong></span> <span class='ocrx_word' id='word_1_406' title='bbox 1673 4284 1835 4332; x_wconf 77' lang='lat' dir='ltr'><strong>Caav.</strong></span> 
     </span>
     <span class='ocr_line' id='line_1_49' title="bbox 137 4345 1122 4397; baseline -0.005 0"><span class='ocrx_word' id='word_1_407' title='bbox 137 4346 328 4397; x_wconf 80' lang='lat' dir='ltr'><strong>coissent</strong></span> <span class='ocrx_word' id='word_1_408' title='bbox 346 4345 726 4395; x_wconf 77' lang='lat' dir='ltr'><strong>coniurassentve</strong></span> <span class='ocrx_word' id='word_1_409' title='bbox 750 4347 980 4396; x_wconf 83' lang='lat' dir='ltr'><strong>adversus</strong></span> <span class='ocrx_word' id='word_1_410' title='bbox 1001 4360 1122 4393; x_wconf 87' lang='lat' dir='ltr'><strong>rem-</strong></span> 
     </span>
    </p>
   </div>
   <div class='ocr_carea' id='block_1_5' title="bbox 223 4426 1862 4471">
    <p class='ocr_par' dir='ltr' id='par_1_7' title="bbox 223 4426 1862 4471">
     <span class='ocr_line' id='line_1_50' title="bbox 223 4426 1862 4471; baseline -0.001 0"><span class='ocrx_word' id='word_1_411' title='bbox 223 4426 351 4471; x_wconf 79' lang='lat' dir='ltr'><strong>v01..</strong></span> <span class='ocrx_word' id='word_1_412' title='bbox 379 4428 418 4471; x_wconf 92' lang='lat'><strong>1.</strong></span> <span class='ocrx_word' id='word_1_413' title='bbox 1715 4426 1766 4468; x_wconf 72' lang='lat' dir='ltr'>M</span> <span class='ocrx_word' id='word_1_414' title='bbox 1796 4428 1862 4469; x_wconf 87' lang='lat' dir='ltr'><strong>m</strong></span> 
     </span>
    </p>
   </div>
  </div>
 </body>
</html>
