3000 4784
397 374 469 425 U.
491 371 551 423 G.
573 384 685 433 432.

396 438 461 491 A.
492 437 553 487 Ο.
578 450 687 497 320.

492 506 598 565 40.

719 230 847 293 498

1487 220 1716 289 ΤΙΤΙ
1769 220 2046 287 LIVII

722 382 957 447 eosque
988 358 1067 425 de
1102 356 1493 423 Samnitibus
1519 356 1976 443 triumphasse:
2021 356 2292 423 Fabium
2321 358 2513 423 etiam
2543 358 2622 423 in
2653 358 2720 422 A
2798 392 2824 405 ·

722 448 874 512 liam
913 445 1305 533 processisse,
1338 458 1532 530 atque
1571 443 1725 509 inde
1763 466 2024 530 magnas
2062 445 2329 531 praedas
2371 445 2598 533 egisse.
2697 445 2823 508 hee

722 534 1057 631 discrepat,
1106 530 1264 619 quin
1308 530 1582 595 dictator
1625 552 1704 593 eo
1755 552 1924 595 anno
1973 532 2058 594 A.
2087 530 2432 596 Cornelius
2475 532 2719 597 fiierit:
2769 530 2826 593 id

722 620 1080 705 ambigatur,
1107 617 1339 682 belline
1368 616 1638 703 gerendi
1665 639 1854 681 causa
1883 632 2128 681 creatus
2157 618 2265 694 sit3
2299 642 2380 683 an
2403 631 2482 681 ut
2509 632 2708 693 esset,
2730 617 2862 703 qui6

722 706 891 773 ludis
928 704 1256 780 RomaniS,
1288 704 1443 789 quia
1474 702 1552 767 L.
1576 702 1866 767 Plautius
1905 717 2159 790 praetor
2193 704 2370 791 gravi
2411 706 2648 769 morbo
2681 704 2828 767 fone

722 791 1069 878 implicitus
1098 802 1251 867 erat,
1282 790 1536 876 signum
1565 789 1894 855 mittendis
1922 790 2246 877 quadrigis
2273 790 2502 866 daret3
2549 791 2832 855 functus-

726 900 853 965 que
882 900 961 941 eo
995 876 1170 976 hpud
1208 899 1359 940 sane
1400 876 1796 976 memorandi
1833 876 2086 963 imperii
2127 877 2503 977 ministeriu,
2535 900 2608 942 se
2639 877 2830 941 dicta-

724 961 2868 1148 ffioffssrfffeeii.3³eiriffifffmessffliss'ssmfuffssffisssss‘ssffiffi2

724 1159 887 1213 reor,
916 1136 1211 1223 falsisque
1240 1136 1590 1221 imaginum
1623 1135 1841 1212 titul1s,
1873 1134 2030 1199 dum
2057 1135 2297 1200 familia
2324 1136 2408 1200 ad
2435 1158 2512 1201 se
2545 1158 2832 1233 quaeque

726 1223 957 1288 famam
1014 1245 1227 1287 rerum

1292 1234 1612 1307 gestarum
1678 1221 2119 1309 honorumque
2178 1222 2434 1287 fallente
2501 1223 2832 1289 mendacio

729 1310 1005 1374 trahunt.
1096 1307 1257 1374 Inde
1288 1321 1455 1373 certe
1486 1320 1554 1373 et
1581 1307 1976 1394 singulorum
2009 1322 2188 1395 gesta
2223 1321 2292 1373 et
2365 1308 2588 1374 ublica
2615 1330 2835 1373 monu-

729 1408 949 1461 menta
974 1418 1187 1459 rerum
1214 1394 1490 1462 confiisa.
1587 1392 1655 1457 N
1656 1416 1730 1457 ec
1759 1395 2098 1481 quisquam
2127 1417 2332 1481 aequa
2357 1396 2372 1409 ’
2439 1396 2834 1484 temporibus

728 1481 853 1546 illis
880 1482 1146 1569 scriptor
1174 1493 1398 1559 exstat,
1430 1503 1562 1567 quo
1589 1480 1738 1545 satis
1765 1493 1940 1545 certo
1971 1492 2228 1547 auctore
2257 1494 2480 1547 stetur.

792 1682 825 1733 6
864 1686 931 1733 Ut
950 1690 1087 1741 esset,
1107 1684 1193 1746 qui
1214 1684 1368 1743 ludis]
1406 1682 1523 1732 Hoc
1543 1698 1744 1731 munere

730 1748 899 1797 consul
930 1748 1239 1807 fungebatur,
1260 1748 1299 1795 si
1330 1749 1526 1807 quando
1553 1753 1746 1809 praetor

728 1812 899 1857 morbo
921 1811 1179 1866 laboraret,
1201 1810 1311 1883 φῦ.
1332 1811 1433 1858 xlv.
1462 1826 1513 1867 ις
1544 1813 1669 1859 adeo
1691 1816 1746 1859 ut

730 1872 983 1931 dictatore,
1006 1872 1088 1933 qui
1127 1872 1319 1933 signum
1358 1874 1604 1936 quadrigis
1637 1874 1746 1922 mit-

727 1936 889 1984 tendis
901 1937 1056 1993 daret,
1064 1934 1265 1984 minime
1278 1952 1403 1999 opus
1414 1944 1557 1987 esset.
1590 1939 1746 1987 Haud

728 2000 831 2049 scio
852 2016 916 2049 an
936 1999 1093 2063 gratia
1116 2000 1275 2061 gentis
1296 2000 1479 2049 Fabiae
1511 2002 1619 2051 laus
1647 2003 1744 2051 dic-

729 2064 877 2113 tatori
919 2063 1144 2113 militaris
1184 2063 1447 2113 imminuta
1486 2066 1652 2125 fuerit,
1695 2072 1747 2115 et

728 2127 780 2177 in
815 2130 947 2178 Fast.
970 2128 1228 2190 Triumph.
1256 2128 1456 2177 nomina
1488 2130 1746 2179 consulum

728 2193 781 2242 in
796 2193 933 2242 illius
948 2195 1112 2242 locum
1125 2193 1368 2241 immerito
1388 2193 1684 2255 irrepserint,
1695 2194 1747 2244 id

730 2258 864 2321 quod
884 2258 937 2308 N
938 2258 1091 2309 iebhr.
1114 2256 1184 2308 iii.
1204 2274 1253 2309 n.
1282 2272 1389 2323 149.
1410 2257 1698 2321 auspicatur.

1877 1694 1904 1744 7
1936 1684 2248 1733 Ρωιεόνίὂω
2268 1684 2532 1745 laudibus]
2577 1686 2835 1735 laudatio·

1809 1749 1956 1797 ηέὀω
1987 1748 2216 1797 Muretus
2247 1749 2457 1811 legebat,
2481 1750 2576 1811 qui
2609 1752 2834 1799 dimin

1809 1812 2150 1860 auctoritatem
2175 1813 2390 1861 Senecae
2415 1812 2587 1875 Epist.
2609 1816 2726 1863 xcii.
2755 1827 2832 1875 pm

1811 1891 1862 1923 se
1899 1876 2082 1923 habet:
2135 1876 2220 1924 sed
2258 1890 2411 1938 quum
2449 1878 2571 1927 lau-s
2607 1880 2834 1928 orationis

1809 1954 1898 2001 pro
1939 1940 2222 1989 laudatione
2253 1942 2450 2001 sorensi
2493 1956 2582 2003 ap.
2629 1945 2736 1993 Cic.
2779 1942 2834 1989 de

1812 2004 1948 2053 Orat.
1984 2003 2033 2051 ii.
2063 2004 2140 2064 84.
2179 2009 2460 2066 unii-pam,
2497 2004 2556 2053 in
2596 2009 2834 2062 aradibus,

1811 2082 1960 2131 quam
1993 2082 2162 2115 vocem
2197 2083 2368 2117 omnes
2406 2068 2608 2119 codices
2643 2086 2758 2135 prae
2787 2084 2835 2117 se

1811 2132 1992 2189 ferunt,
2028 2131 2335 2195 acquiescere
2371 2131 2532 2182 satius
2570 2134 2736 2187 fuezit.
2777 2132 2831 2182 ci

1811 2195 1920 2247 Cic.
1943 2194 2085 2245 Brut.
2109 2194 2184 2247 16.
