3000 4784
757 220 887 281 210
1492 215 1753 283 ·ΤῙΤΙ
1812 215 2086 283 LIVII
2161 276 2168 283 .

436 366 505 419 U.
526 368 587 419 c.
612 368 721 431 306.
759 352 1115 419 exsulatum
1144 354 1331 419 abiit:
1368 352 1728 441 Manesque
1749 352 2106 441 Virginiae,
2138 365 2424 420 mortuae
2455 376 2652 442 quam
2669 356 2836 420 vivae
2853 370 2876 417 8

434 434 495 483 A.
529 434 589 483 0·
613 432 723 494 44⁶·
761 440 1073 518 felicioris,
1104 463 1219 529 per
1257 452 1355 506 tot
1391 440 1614 506 domos
1658 441 1741 505 ad
1777 442 2088 528 petendas
2124 464 2362 529 poenas
2401 443 2634 529 vagati,
2677 442 2838 507 nullo

535 624 574 686 5
760 526 983 678 τοΙίἓῐο
1010 542 1191 593 sonte
1222 527 1481 680 ttandem
1511 527 1912 679 quievinfftl
2077 614 2214 681 vult
2449 614 2493 657 α.
2661 614 2748 679 ”d

438 626 744 783 nffissffl.
762 636 2124 789 tribuffiffimmssrssamgssioessoemeirrgihm
2171 638 2442 779 ffiqumssi,
2473 636 2706 789 ’3ΐῷ
2747 638 2838 765 ἷῗ

434 773 594 849 ΡῙΘῙἈΡ
763 787 1023 853 Duilius
1068 788 1358 853 tribunus
1445 788 1626 866 lebis,
1675 788 1948 853 inhibito
1995 788 2327 854 salubriter
2373 788 2570 853 modo
2615 788 2876 861 nimiac9

436 843 671 901 mmm
762 876 1107 962 potestatis,
1176 884 1197 914 ⁶
1218 874 1307 940 Et
1354 812 1701 951 libertatis?
1747 876 1976 962 inquit,
2043 884 2064 915 ‘
2084 888 2331 941 nostrae
2383 889 2451 939 et
2627 898 2838 940 narum

764 970 785 1000 ‘
807 984 890 1026 ex
940 962 1215 1027 inimicis
1263 962 1410 1025 satis
1460 974 1596 1025 est:
1659 963 1874 1048 itaque
1927 962 2050 1027 hoc
2101 984 2270 1027 anno
2319 985 2440 1027 nec
2542 963 2672 1027 'em
2721 963 2840 1027 dici

765 1057 786 1088 ‘
806 1050 1123 1135 cuiquam,
1164 1071 1285 1113 nec
1332 1049 1401 1113 in
1432 1048 1690 1113 vincula
1733 1048 1883 1114 duci
1921 1071 2308 1136 quemquam
2352 1072 2494 1113 sum
2531 1072 2838 1137 passurus.

767 1144 787 1174 ‘
810 1134 981 1200 Nam
1021 1158 1237 1224 neque
1273 1148 1489 1200 vetera
1531 1147 1790 1222 peccata
1829 1136 2034 1223 repeti
2075 1136 2204 1199 iam
2249 1135 2586 1201 obliterata
2619 1136 2840 1235 placet,

765 1230 787 1261 ‘
807 1244 1005 1310 quum
1063 1246 1229 1288 nova
1285 1222 1542 1311 expiata
1595 1223 1724 1287 sint
1781 1222 2280 1287 decemvirorum
2336 1222 2712 1310 suppliciis3
2783 1238 2843 1287 et

764 1318 783 1348 ⁶
806 1310 969 1374 nihil
1040 1310 1385 1376 admissum
1448 1309 1547 1387 iri,
1607 1308 1784 1395 quod
1839 1310 1969 1373 vim
2041 1309 2440 1375 tribuniciam
2505 1310 2840 1387 desideret,

763 1404 785 1435 ‘
803 1395 1077 1484 spondet
1117 1410 1427 1513 perpetua
1467 1395 1795 1461 consulum
1841 1396 2170 1461 amborum
2206 1396 2278 1461 in
2319 1396 2618 1461 libertate
2645 1416 2842 1461 vestra

762 1491 784 1521 ‘
802 1484 1045 1549 tuenda
1070 1506 1237 1548 cura.
1346 1482 1445 1546 Ea
1469 1483 1746 1569 primum
1787 1482 2136 1548 moderatio
2175 1482 2412 1547 tribuni
2445 1496 2700 1549 metum
2727 1483 2844 1547 Pa—

758 1570 959 1634 tribus
986 1570 1279 1657 dempsit,
1310 1569 1662 1657 eademque
1701 1569 1880 1633 auxit
1917 1569 2248 1634 consulum
2281 1568 2630 1645 invidiam3
2677 1570 2842 1657 quod

761 1656 923 1721 adeo
964 1656 1084 1721 toti
1134 1655 1335 1743 plebis
1384 1654 1572 1721 fiusse’
1573 1669 1669 1734 nt,
1715 1668 1790 1720 ut
1832 1655 2095 1721 Patrum
2145 1656 2360 1721 salutis
2409 1655 2764 1744 libertansq‘
2769 1680 2842 1721 ue

760 1741 933 1830 prior
972 1742 1222 1829 plebeio
1264 1742 1676 1829 magistratui,
1719 1764 1910 1831 quam
1951 1743 2238 1830 patricio,
2276 1766 2430 1807 cura
2467 1742 2668 1809 fmffle‘
2669 1756 2740 1821 t;
2783 1758 2842 1808 et

760 1842 909 1893 ante
958 1828 1247 1894 inimicos
1296 1829 1550 1895 satietas
1597 1850 1945 1917 poenarum
1997 1852 2252 1894 suarum
2309 1830 2600 1917 cepisset,
2701 1851 2841 1895 uam

758 1915 1009 1982 obviam
1055 1914 1255 1981 ituros
1294 1914 1590 1981 licentiae
1633 1938 1854 1981 eorum
1896 1916 2186 1981 consules
2227 1929 2576 2003 appareret.
2655 1854 2842 1981 <laul-

760 2002 936 2090 tique
974 2016 1171 2081 erant,
1210 2002 1322 2091 qui
1368 2001 1622 2067 mollius
1666 2002 2024 2068 consultum
2061 2002 2369 2080 dicerent,
2405 2003 2585 2090 quod
2631 2002 2842 2091 legum

758 2090 839 2155 ab
866 2090 945 2155 iis
972 2088 1237 2154 latarum
1260 2088 1483 2155 Patres
1511 2102 1799 2154 auctores
1823 2089 2014 2154 fussse’
2015 2102 2122 2154 nt:
2156 2112 2364 2176 neque
2388 2102 2526 2155 erat
2553 2088 2842 2166 dubium,
2861 2118 2880 2151 ι

756 2177 935 2264 quin,
967 2177 1217 2243 turbato
1242 2176 1627 2265 reipublicae
1657 2188 1843 2255 statu,
1875 2177 2146 2263 tempori
2173 2176 2671 2243 succubuissent.

432 2344 527 2396 Bel
528 2262 638 2395 160.
847 2262 1178 2365 Consules,
1226 2266 1415 2329 rebus
1464 2262 1722 2328 urbanis
1772 2263 2151 2351 compositis,
2199 2262 2598 2350 fundatoque
2643 2263 2844 2351 plebis

546 2362 635 2396 um
1230 2350 1245 2365 .
1336 2350 1350 2365 .
1500 2350 1516 2365 .
1664 2349 1679 2364 .
1797 2347 1811 2364 .
2233 2350 2248 2365 .
2817 2388 2844 2400 -

429 2411 739 2527 3231&
752 2347 2842 2525 ffitssss'oemiffifffflffieffefflffiessffi{fffsiffimsse

752 2525 1051 2591 sustinuit
1077 2526 1339 2591 consilio
1367 2524 1624 2591 bellum.
1721 2523 1917 2598 Quod
1952 2522 2008 2587 si
2035 2523 2355 2611 extemplo
2381 2546 2521 2589 rem
2549 2523 2842 2589 fortunae
2928 2542 2929 2607 ζ

750 2612 1181 2691 commisisset,
1205 2611 1379 2677 haud
1400 2611 1552 2688 scio,
1575 2632 1677 2688 an,
1701 2609 1816 2696 qui
1844 2622 1982 2675 tum
2009 2610 2205 2675 animi
2233 2612 2314 2675 ab
2335 2610 2840 2677 decemvirorum
2857 2636 2878 2669 2
2928 2612 2929 2649 ³

748 2698 1107 2765 infelicibus
1158 2698 1449 2786 auspiciis
1511 2696 1818 2764 Romanis
1875 2696 2288 2784 hostibusque
2346 2710 2545 2775 erant,
2611 2720 2843 2785 magno
2928 2708 2929 2711 ’

750 2785 1135 2851 detrimento
1176 2798 1497 2849 certamen
1541 2796 1851 2849 staturum
1883 2783 2096 2850 fuerit.
2191 2783 2450 2862 Castris,
2481 2783 2664 2849 mille
2705 2806 2876 2873 pas-³
2928 2824 2929 2833 κ

750 2892 937 2935 suum
966 2872 1046 2936 ab
1074 2870 1255 2936 hoste
1284 2871 1523 2958 positis,
1554 2871 1766 2958 copias
1801 2870 2184 2937 continebat.
2275 2870 2512 2937 Hostes
2551 2872 2838 2937 medium

750 2958 919 3022 inter
946 2957 1099 3022 bina
1132 2970 1335 3022 castra
1370 2958 1646 3044 spatium
1682 2956 1820 3022 acie
1858 2956 2164 3023 instructa
2201 2957 2651 3044 complebant:
2699 2982 2840 3047 pro-

751 3043 1245 3131 vocantibusque
1302 3043 1386 3108 ad
1440 3042 1754 3132 proelium
1812 3066 2182 3131 responsum
2241 3043 2573 3112 Romanus
2651 3066 2840 3111 nemo

748 3130 1070 3197 reddebat.
1162 3130 1455 3199 Tandem
1513 3129 1758 3217 fatigati
1807 3131 2054 3209 stando,
2106 3154 2180 3196 ac
2235 3131 2674 3218 nequicquam
2731 3155 2840 3197 ex-

746 3218 1090 3306 spectando
1148 3230 1487 3295 certamen,
1531 3217 1748 3305 Aequi
1785 3216 2149 3304 Volscique,
2190 3232 2527 3305 postquam
2575 3240 2836 3285 conces-

746 3326 887 3369 sum
916 3306 1377 3393 propemodum
1404 3305 1487 3369 de
1517 3303 1780 3369 victoria
1817 3304 2178 3382 credebant,
2210 3328 2352 3392 pars
2391 3306 2461 3368 in
2493 3303 2834 3382 Hernicos,

744 3413 889 3478 pars
945 3393 1015 3456 in
1064 3392 1327 3457 Latinos
1382 3390 1757 3479 praedatum
1815 3392 2068 3457 abeunt.
2162 3391 2578 3478 Relinquitur
2639 3392 2835 3481 magis

742 3478 959 3543 castris
986 3478 1391 3567 praesidium,
1422 3500 1616 3566 quam
1645 3477 1793 3542 satis
1820 3477 2051 3543 virium
2085 3478 2168 3543 ad
2197 3491 2538 3544 certamen.
2641 3478 2834 3557 Quod

742 3565 853 3630 ubi
892 3566 1114 3631 consul
1146 3566 1360 3643 sensit,
1390 3565 1605 3630 reddit
1643 3564 1886 3629 illatum
1927 3578 2115 3630 antea
2160 3578 2503 3631 terrorem:
2559 3565 2835 3631 instruc-

741 3662 930 3739 taque
988 3652 1124 3719 acie
1184 3653 1350 3723 ultro
1407 3652 1656 3718 hostem
1714 3650 1975 3717 lacessit.
2071 3651 2206 3717 Ubi
2267 3651 2382 3729 illi,
2441 3654 2834 3719 conscientia
2928 3712 2929 3715 ,

800 3830 833 3880 8
864 3831 1187 3888 Eaemtamm]
1234 3829 1310 3879 Ut
1332 3842 1540 3891 poenam
1563 3830 1747 3877 subter-
1811 3828 1883 3877 hil
1907 3844 2032 3892 opus
2051 3835 2142 3889 est,
2165 3829 2350 3893 quippe
2377 3834 2436 3878 ut
2461 3845 2598 3893 supr.
2623 3844 2708 3894 55.
2751 3848 2836 3881 nee

736 3896 940 3959 fugeret,
962 3894 1209 3943 civitatem
1231 3894 1535 3956 deponendo.
1569 3892 1746 3942 cneio.
1807 3895 1916 3943 stne
1941 3896 2222 3959 offensione,
2243 3895 2374 3943 idem
2397 3895 2534 3944 valet
2553 3911 2618 3945 ac
2639 3913 2744 3946 non
2765 3905 2834 3945 ea—

738 3974 826 4023 pm
848 3957 1049 4009 eaeein.
1075 3973 1152 4023 34.
1809 3974 1922 4008 men
1939 3960 2047 4008 eine
2065 3974 2096 4007 o
2228 3961 2238 3972 “
2329 3994 2342 4007 .

798 4038 830 4091 9
861 4024 1103 4084 Inhibe’to]
1148 4036 1213 4072 sc.
1240 4020 1492 4082 Adhibita,
1521 4027 1578 4071 ut
1613 4036 1744 4085 supr.
1876 4037 1902 4071 α
1936 4022 2096 4072 Haud
2121 4026 2238 4083 scio,
2261 4025 2356 4084 aa]
2415 4022 2564 4073 Haec
2595 4026 2834 4089 loquendi

739 4091 815 4154 38.
1595 4150 1607 4162 ⁶
1809 4086 1966 4135 forma
1986 4086 2118 4135 idem
2143 4088 2276 4135 valet
2293 4089 2598 4164 aesque-m.
2635 4090 2804 4139 cm.

732 4168 837 4268 ,σεε
862 4152 1745 4278 mammaea}
1808 4153 2235 4279 mmmm]
2247 4152 2624 4267 „Sm-
2569 4155 2828 4269 nm

736 4298 893 4346 neque
932 4289 1110 4342 tamen,
1138 4251 1305 4330 m’onet
1337 4280 1471 4329 Duk.
1543 4279 1640 4328 Sed
1673 4278 1743 4326 ni·
1807 4280 1888 4327 nie
1908 4282 2114 4329 υᾶοιονᾶσ
2131 4282 2276 4330 stetit.
2313 4280 2516 4357 Bassus
