<?xml version="1.0" encoding="UTF-8"?>
<!DOCTYPE html PUBLIC "-//W3C//DTD XHTML 1.0 Transitional//EN"
    "http://www.w3.org/TR/xhtml1/DTD/xhtml1-transitional.dtd">
<html xmlns="http://www.w3.org/1999/xhtml" xml:lang="en" lang="en">
 <head>
  <title>
</title>
<meta http-equiv="Content-Type" content="text/html;charset=utf-8" />
  <meta name='ocr-system' content='tesseract 3.04.00' />
  <meta name='ocr-capabilities' content='ocr_page ocr_carea ocr_par ocr_line ocrx_word'/>
</head>
<body>
  <div class='ocr_page' id='page_1' title='image "./tliviipatavinih10unkngoog_0389.png"; bbox 0 0 3000 4784; ppageno 0'>
   <div class='ocr_carea' id='block_1_1' title="bbox 836 218 2286 289">
    <p class='ocr_par' dir='ltr' id='par_1_1' title="bbox 836 218 2286 289">
     <span class='ocr_line' id='line_1_1' title="bbox 836 218 2286 289; baseline 0.001 -5"><span class='ocrx_word' id='word_1_1' title='bbox 836 218 1027 285; x_wconf 88' lang='lat' dir='ltr'><strong>LIB.</strong></span> <span class='ocrx_word' id='word_1_2' title='bbox 1074 219 1193 285; x_wconf 92' lang='lat' dir='ltr'><strong>VI.</strong></span> <span class='ocrx_word' id='word_1_3' title='bbox 1258 220 1481 286; x_wconf 81' lang='lat' dir='ltr'><strong>CA&#39;P.</strong></span> <span class='ocrx_word' id='word_1_4' title='bbox 1531 227 1635 285; x_wconf 84' lang='lat'><strong>24.</strong></span> <span class='ocrx_word' id='word_1_5' title='bbox 2161 222 2286 289; x_wconf 79' lang='lat'><strong>375</strong></span> 
     </span>
    </p>
   </div>
   <div class='ocr_carea' id='block_1_2' title="bbox 150 354 2594 531">
    <p class='ocr_par' dir='ltr' id='par_1_2' title="bbox 150 354 2594 531">
     <span class='ocr_line' id='line_1_2' title="bbox 150 354 2594 445; baseline 0.003 -25"><span class='ocrx_word' id='word_1_6' title='bbox 150 368 227 420; x_wconf 89' lang='lat' dir='ltr'><strong>et</strong></span> <span class='ocrx_word' id='word_1_7' title='bbox 264 367 517 421; x_wconf 83' lang='lat' dir='ltr'><strong>castra:</strong></span> <span class='ocrx_word' id='word_1_8' title='bbox 566 368 653 433; x_wconf 90' lang='lat' dir='ltr'><strong>et,</strong></span> <span class='ocrx_word' id='word_1_9' title='bbox 683 356 860 443; x_wconf 92' lang='lat' dir='ltr'><strong>quod</strong></span> <span class='ocrx_word' id='word_1_10' title='bbox 900 355 1247 421; x_wconf 90' lang='lat' dir='ltr'><strong>multitudo</strong></span> <span class='ocrx_word' id='word_1_11' title='bbox 1280 356 1746 445; x_wconf 73' lang='lat' dir='ltr'><strong>suppeditabat,</strong></span> <span class='ocrx_word' id='word_1_12' title='bbox 1777 355 2023 443; x_wconf 84' lang='lat' dir='ltr'><strong>aliquot</strong></span> <span class='ocrx_word' id='word_1_13' title='bbox 2049 354 2287 423; x_wconf 69' lang='lat' dir='ltr'><strong>validas</strong></span> <span class='ocrx_word' id='word_1_14' title='bbox 2307 373 2376 425; x_wconf 89' lang='lat' dir='ltr'><strong>U.</strong></span> <span class='ocrx_word' id='word_1_15' title='bbox 2399 376 2459 425; x_wconf 84' lang='lat'><strong>0.</strong></span> <span class='ocrx_word' id='word_1_16' title='bbox 2484 388 2594 439; x_wconf 75' lang='lat'><strong>374·</strong></span> 
     </span>
     <span class='ocr_line' id='line_1_3' title="bbox 152 440 2594 531; baseline 0 -24"><span class='ocrx_word' id='word_1_17' title='bbox 152 442 473 507; x_wconf 82' lang='lat' dir='ltr'><strong>cohortes</strong></span> <span class='ocrx_word' id='word_1_18' title='bbox 502 442 571 507; x_wconf 92' lang='lat' dir='ltr'><strong>in</strong></span> <span class='ocrx_word' id='word_1_19' title='bbox 614 443 834 507; x_wconf 82' lang='lat' dir='ltr'><strong>castris</strong></span> <span class='ocrx_word' id='word_1_20' title='bbox 863 456 1133 507; x_wconf 86' lang='lat' dir='ltr'><strong>armatas</strong></span> <span class='ocrx_word' id='word_1_21' title='bbox 1175 444 1640 530; x_wconf 86' lang='lat' dir='ltr'><strong>instructasque</strong></span> <span class='ocrx_word' id='word_1_22' title='bbox 1675 442 2086 531; x_wconf 82' lang='lat' dir='ltr'>reliquerant,</span> <span class='ocrx_word' id='word_1_23' title='bbox 2117 464 2284 530; x_wconf 82' lang='lat' dir='ltr'><strong>quae</strong></span> <span class='ocrx_word' id='word_1_24' title='bbox 2303 440 2366 491; x_wconf 78' lang='lat' dir='ltr'><strong>A.</strong></span> <span class='ocrx_word' id='word_1_25' title='bbox 2399 440 2460 491; x_wconf 79' lang='lat'><strong>0·</strong></span> <span class='ocrx_word' id='word_1_26' title='bbox 2483 442 2594 501; x_wconf 76' lang='grc'><strong>378·</strong></span> 
     </span>
    </p>
   </div>
   <div class='ocr_carea' id='block_1_3' title="bbox 152 529 2287 617">
    <p class='ocr_par' dir='ltr' id='par_1_3' title="bbox 152 529 2287 617">
     <span class='ocr_line' id='line_1_4' title="bbox 152 529 2287 617; baseline 0.002 -26"><span class='ocrx_word' id='word_1_27' title='bbox 152 530 346 593; x_wconf 87' lang='lat' dir='ltr'><strong>inter</strong></span> <span class='ocrx_word' id='word_1_28' title='bbox 384 529 795 594; x_wconf 88' lang='lat' dir='ltr'><strong>commissum</strong></span> <span class='ocrx_word' id='word_1_29' title='bbox 840 529 967 595; x_wconf 92' lang='lat' dir='ltr'><strong>iam</strong></span> <span class='ocrx_word' id='word_1_30' title='bbox 997 542 1341 607; x_wconf 89' lang='lat' dir='ltr'><strong>certamen,</strong></span> <span class='ocrx_word' id='word_1_31' title='bbox 1365 530 1477 595; x_wconf 89' lang='lat' dir='ltr'><strong>ubi</strong></span> <span class='ocrx_word' id='word_1_32' title='bbox 1505 530 1672 595; x_wconf 82' lang='lat' dir='ltr'><strong>vallo</strong></span> <span class='ocrx_word' id='word_1_33' title='bbox 1717 552 1798 617; x_wconf 91' lang='lat' dir='ltr'><strong>ap</strong></span> <span class='ocrx_word' id='word_1_34' title='bbox 1844 529 2287 617; x_wconf 85' lang='lat' dir='ltr'><strong>ropinquasset</strong></span> 
     </span>
    </p>
   </div>
   <div class='ocr_carea' id='block_1_4' title="bbox 103 614 2598 801">
    <p class='ocr_par' dir='ltr' id='par_1_4' title="bbox 103 614 2598 801">
     <span class='ocr_line' id='line_1_5' title="bbox 152 614 2598 705; baseline 0 -26"><span class='ocrx_word' id='word_1_35' title='bbox 152 614 395 693; x_wconf 87' lang='lat' dir='ltr'><strong>hostis,</strong></span> <span class='ocrx_word' id='word_1_36' title='bbox 458 628 887 703; x_wconf 81' lang='lat' dir='ltr'><strong>erumperent.</strong></span> <span class='ocrx_word' id='word_1_37' title='bbox 980 615 1328 694; x_wconf 84' lang='lat' dir='ltr'><strong>Romanus,</strong></span> <span class='ocrx_word' id='word_1_38' title='bbox 1389 616 1728 683; x_wconf 84' lang='lat' dir='ltr'><strong>cedentem</strong></span> <span class='ocrx_word' id='word_1_39' title='bbox 1833 630 2035 681; x_wconf 88' lang='lat' dir='ltr'><strong>ostem</strong></span> <span class='ocrx_word' id='word_1_40' title='bbox 2087 616 2284 683; x_wconf 86' lang='lat' dir='ltr'><strong>effuse</strong></span> <span class='ocrx_word' id='word_1_41' title='bbox 2305 628 2473 705; x_wconf 56' lang='lat' dir='ltr'><strong>Pringo</strong></span> <span class='ocrx_word' id='word_1_42' title='bbox 2487 630 2598 704; x_wconf 40' lang='lat' dir='ltr'><strong>‚Ro-</strong></span> 
     </span>
     <span class='ocr_line' id='line_1_6' title="bbox 103 701 2554 801; baseline 0 -35"><span class='ocrx_word' id='word_1_43' title='bbox 103 716 135 766; x_wconf 92' lang='lat'><strong>6</strong></span> <span class='ocrx_word' id='word_1_44' title='bbox 152 702 509 788; x_wconf 87' lang='lat' dir='ltr'><strong>sequendo</strong></span> <span class='ocrx_word' id='word_1_45' title='bbox 549 702 621 765; x_wconf 91' lang='lat' dir='ltr'><strong>in</strong></span> <span class='ocrx_word' id='word_1_46' title='bbox 671 702 885 766; x_wconf 91' lang='lat' dir='ltr'><strong>locum</strong></span> <span class='ocrx_word' id='word_1_47' title='bbox 928 702 1225 801; x_wconf 87' lang='lat' dir='ltr'><strong>iniquum</strong></span> <span class='ocrx_word' id='word_1_48' title='bbox 1276 716 1646 791; x_wconf 86' lang='lat' dir='ltr'><strong>pertractus,</strong></span> <span class='ocrx_word' id='word_1_49' title='bbox 1693 716 2087 791; x_wconf 87' lang='lat' dir='ltr'><strong>opportunus</strong></span> <span class='ocrx_word' id='word_1_50' title='bbox 2131 701 2284 769; x_wconf 83' lang='lat' dir='ltr'><strong>huic</strong></span> <span class='ocrx_word' id='word_1_51' title='bbox 2301 709 2462 743; x_wconf 79' lang='lat'>¹¹¹⁸¹¹¹⁸</span> <span class='ocrx_word' id='word_1_52' title='bbox 2483 709 2554 742; x_wconf 85' lang='lat'>¹¹¹·</span> 
     </span>
    </p>
   </div>
   <div class='ocr_carea' id='block_1_5' title="bbox 108 787 2355 3387">
    <p class='ocr_par' dir='ltr' id='par_1_5' title="bbox 108 787 2355 3387">
     <span class='ocr_line' id='line_1_7' title="bbox 108 787 2284 876; baseline 0.001 -23"><span class='ocrx_word' id='word_1_53' title='bbox 108 789 503 875; x_wconf 79' lang='lat' dir='ltr'><strong>7eruptioni</strong></span> <span class='ocrx_word' id='word_1_54' title='bbox 535 788 673 853; x_wconf 88' lang='lat' dir='ltr'><strong>fuit.</strong></span> <span class='ocrx_word' id='word_1_55' title='bbox 766 787 1007 853; x_wconf 81' lang='lat' dir='ltr'><strong>Versus</strong></span> <span class='ocrx_word' id='word_1_56' title='bbox 1051 804 1266 876; x_wconf 78' lang='lat' dir='ltr'><strong>ltaque</strong></span> <span class='ocrx_word' id='word_1_57' title='bbox 1308 790 1375 854; x_wconf 89' lang='lat' dir='ltr'><strong>in</strong></span> <span class='ocrx_word' id='word_1_58' title='bbox 1410 790 1718 855; x_wconf 86' lang='lat' dir='ltr'><strong>victorem</strong></span> <span class='ocrx_word' id='word_1_59' title='bbox 1762 803 1964 855; x_wconf 89' lang='lat' dir='ltr'><strong>terror</strong></span> <span class='ocrx_word' id='word_1_60' title='bbox 2007 802 2075 855; x_wconf 88' lang='lat' dir='ltr'><strong>et</strong></span> <span class='ocrx_word' id='word_1_61' title='bbox 2115 812 2284 855; x_wconf 87' lang='lat' dir='ltr'><strong>novo</strong></span> 
     </span>
     <span class='ocr_line' id='line_1_8' title="bbox 154 874 2285 962; baseline 0.001 -23"><span class='ocrx_word' id='word_1_62' title='bbox 154 874 380 951; x_wconf 85' lang='lat' dir='ltr'><strong>hoste,</strong></span> <span class='ocrx_word' id='word_1_63' title='bbox 412 888 478 940; x_wconf 91' lang='lat' dir='ltr'><strong>et</strong></span> <span class='ocrx_word' id='word_1_64' title='bbox 510 875 739 962; x_wconf 88' lang='lat' dir='ltr'><strong>supina</strong></span> <span class='ocrx_word' id='word_1_65' title='bbox 764 874 929 939; x_wconf 84' lang='lat' dir='ltr'><strong>valle</strong></span> <span class='ocrx_word' id='word_1_66' title='bbox 964 874 1321 939; x_wconf 82' lang='lat' dir='ltr'><strong>Romanam</strong></span> <span class='ocrx_word' id='word_1_67' title='bbox 1360 875 1690 941; x_wconf 84' lang='lat' dir='ltr'><strong>inclinavit</strong></span> <span class='ocrx_word' id='word_1_68' title='bbox 1719 876 1938 941; x_wconf 89' lang='lat' dir='ltr'><strong>aciem.</strong></span> <span class='ocrx_word' id='word_1_69' title='bbox 2031 875 2285 943; x_wconf 82' lang='lat' dir='ltr'><strong>Instant</strong></span> 
     </span>
     <span class='ocr_line' id='line_1_9' title="bbox 156 960 2284 1049; baseline 0.003 -26"><span class='ocrx_word' id='word_1_70' title='bbox 156 960 398 1026; x_wconf 79' lang='lat' dir='ltr'><strong>Volsci</strong></span> <span class='ocrx_word' id='word_1_71' title='bbox 430 974 737 1039; x_wconf 83' lang='lat' dir='ltr'><strong>recentes,</strong></span> <span class='ocrx_word' id='word_1_72' title='bbox 770 962 883 1048; x_wconf 91' lang='lat' dir='ltr'><strong>qui</strong></span> <span class='ocrx_word' id='word_1_73' title='bbox 913 985 950 1026; x_wconf 92' lang='lat' dir='ltr'><strong>e</strong></span> <span class='ocrx_word' id='word_1_74' title='bbox 990 961 1209 1027; x_wconf 86' lang='lat' dir='ltr'><strong>castris</strong></span> <span class='ocrx_word' id='word_1_75' title='bbox 1238 963 1548 1049; x_wconf 89' lang='lat' dir='ltr'><strong>impetum</strong></span> <span class='ocrx_word' id='word_1_76' title='bbox 1590 962 1912 1039; x_wconf 83' lang='lat' dir='ltr'><strong>fecerant3</strong></span> <span class='ocrx_word' id='word_1_77' title='bbox 1959 962 2284 1049; x_wconf 86' lang='lat' dir='ltr'><strong>integrant</strong></span> 
     </span>
     <span class='ocr_line' id='line_1_10' title="bbox 158 1046 2284 1135; baseline 0 -24"><span class='ocrx_word' id='word_1_78' title='bbox 158 1061 232 1112; x_wconf 91' lang='lat' dir='ltr'><strong>et</strong></span> <span class='ocrx_word' id='word_1_79' title='bbox 292 1046 395 1111; x_wconf 84' lang='lat' dir='ltr'><strong>illi</strong></span> <span class='ocrx_word' id='word_1_80' title='bbox 446 1070 747 1135; x_wconf 86' lang='lat' dir='ltr'><strong>pugnam,</strong></span> <span class='ocrx_word' id='word_1_81' title='bbox 802 1048 917 1134; x_wconf 90' lang='lat' dir='ltr'><strong>qui</strong></span> <span class='ocrx_word' id='word_1_82' title='bbox 974 1048 1267 1113; x_wconf 86' lang='lat' dir='ltr'><strong>simulata</strong></span> <span class='ocrx_word' id='word_1_83' title='bbox 1323 1061 1640 1113; x_wconf 84' lang='lat' dir='ltr'><strong>cesserant</strong></span> <span class='ocrx_word' id='word_1_84' title='bbox 1696 1048 1863 1135; x_wconf 77' lang='lat' dir='ltr'><strong>fuga.</strong></span> <span class='ocrx_word' id='word_1_85' title='bbox 1953 1047 2092 1113; x_wconf 88' lang='lat' dir='ltr'><strong>lam</strong></span> <span class='ocrx_word' id='word_1_86' title='bbox 2151 1072 2284 1113; x_wconf 91' lang='lat' dir='ltr'><strong>non</strong></span> 
     </span>
     <span class='ocr_line' id='line_1_11' title="bbox 158 1134 2283 1221; baseline 0.001 -22"><span class='ocrx_word' id='word_1_87' title='bbox 158 1134 527 1221; x_wconf 84' lang='lat' dir='ltr'><strong>recipiebat</strong></span> <span class='ocrx_word' id='word_1_88' title='bbox 590 1158 659 1199; x_wconf 90' lang='lat' dir='ltr'><strong>se</strong></span> <span class='ocrx_word' id='word_1_89' title='bbox 721 1134 1053 1199; x_wconf 86' lang='lat' dir='ltr'><strong>Romanus</strong></span> <span class='ocrx_word' id='word_1_90' title='bbox 1110 1134 1331 1211; x_wconf 85' lang='lat' dir='ltr'><strong>miles3</strong></span> <span class='ocrx_word' id='word_1_91' title='bbox 1410 1135 1544 1212; x_wconf 88' lang='lat' dir='ltr'><strong>sed,</strong></span> <span class='ocrx_word' id='word_1_92' title='bbox 1605 1135 1940 1199; x_wconf 89' lang='lat' dir='ltr'><strong>immemor</strong></span> <span class='ocrx_word' id='word_1_93' title='bbox 2009 1135 2283 1201; x_wconf 84' lang='lat' dir='ltr'><strong>recentis</strong></span> 
     </span>
     <span class='ocr_line' id='line_1_12' title="bbox 158 1220 2281 1309; baseline 0.001 -24"><span class='ocrx_word' id='word_1_94' title='bbox 158 1221 449 1287; x_wconf 82' lang='lat' dir='ltr'><strong>ferociae</strong></span> <span class='ocrx_word' id='word_1_95' title='bbox 472 1222 828 1308; x_wconf 85' lang='lat' dir='ltr'><strong>veterisque</strong></span> <span class='ocrx_word' id='word_1_96' title='bbox 860 1220 1125 1299; x_wconf 73' lang='lat' dir='ltr'><strong>decoriS,</strong></span> <span class='ocrx_word' id='word_1_97' title='bbox 1152 1233 1213 1285; x_wconf 90' lang='lat' dir='ltr'><strong>te</strong></span> <span class='ocrx_word' id='word_1_98' title='bbox 1354 1222 1590 1309; x_wconf 83' lang='lat' dir='ltr'><strong>passim</strong></span> <span class='ocrx_word' id='word_1_99' title='bbox 1618 1220 1827 1297; x_wconf 83' lang='lat' dir='ltr'><strong>dabat,</strong></span> <span class='ocrx_word' id='word_1_100' title='bbox 1853 1234 2048 1307; x_wconf 88' lang='lat' dir='ltr'><strong>atque</strong></span> <span class='ocrx_word' id='word_1_101' title='bbox 2079 1222 2281 1287; x_wconf 81' lang='lat' dir='ltr'><strong>effuso</strong></span> 
     </span>
     <span class='ocr_line' id='line_1_13' title="bbox 160 1305 2284 1397; baseline 0 -26"><span class='ocrx_word' id='word_1_102' title='bbox 160 1330 365 1371; x_wconf 82' lang='lat' dir='ltr'><strong>cursu</strong></span> <span class='ocrx_word' id='word_1_103' title='bbox 389 1321 593 1373; x_wconf 88' lang='lat' dir='ltr'><strong>castra</strong></span> <span class='ocrx_word' id='word_1_104' title='bbox 611 1309 974 1397; x_wconf 84' lang='lat' dir='ltr'><strong>repetebat:</strong></span> <span class='ocrx_word' id='word_1_105' title='bbox 1024 1330 1225 1395; x_wconf 89' lang='lat' dir='ltr'><strong>quum</strong></span> <span class='ocrx_word' id='word_1_106' title='bbox 1286 1305 1585 1383; x_wconf 48' lang='lat' dir='ltr'><strong>*amilium</strong></span> <span class='ocrx_word' id='word_1_107' title='bbox 1610 1307 1930 1372; x_wconf 86' lang='lat' dir='ltr'><strong>subiectus</strong></span> <span class='ocrx_word' id='word_1_108' title='bbox 1952 1330 1991 1373; x_wconf 88' lang='lat' dir='ltr'><strong>a</strong></span> <span class='ocrx_word' id='word_1_109' title='bbox 2011 1306 2284 1373; x_wconf 83' lang='lat' dir='ltr'><strong>circum-</strong></span> 
     </span>
     <span class='ocr_line' id='line_1_14' title="bbox 162 1392 2283 1482; baseline 0 -24"><span class='ocrx_word' id='word_1_110' title='bbox 162 1395 493 1460; x_wconf 86' lang='lat' dir='ltr'><strong>stantibus</strong></span> <span class='ocrx_word' id='word_1_111' title='bbox 512 1394 581 1458; x_wconf 89' lang='lat' dir='ltr'><strong>in</strong></span> <span class='ocrx_word' id='word_1_112' title='bbox 612 1416 873 1482; x_wconf 85' lang='lat' dir='ltr'><strong>equum,</strong></span> <span class='ocrx_word' id='word_1_113' title='bbox 893 1407 961 1460; x_wconf 88' lang='lat' dir='ltr'><strong>et</strong></span> <span class='ocrx_word' id='word_1_114' title='bbox 976 1394 1203 1481; x_wconf 90' lang='lat' dir='ltr'><strong>raptim</strong></span> <span class='ocrx_word' id='word_1_115' title='bbox 1234 1393 1532 1457; x_wconf 86' lang='lat' dir='ltr'><strong>subsidiis</strong></span> <span class='ocrx_word' id='word_1_116' title='bbox 1550 1415 1634 1479; x_wconf 90' lang='lat' dir='ltr'><strong>op</strong></span> <span class='ocrx_word' id='word_1_117' title='bbox 1749 1394 1874 1469; x_wconf 83' lang='lat' dir='ltr'><strong>itis,</strong></span> <span class='ocrx_word' id='word_1_118' title='bbox 1898 1402 1916 1431; x_wconf 80' lang='lat'><em>⁶</em></span> <span class='ocrx_word' id='word_1_119' title='bbox 1937 1392 2120 1459; x_wconf 84' lang='lat' dir='ltr'><strong>Haeo</strong></span> <span class='ocrx_word' id='word_1_120' title='bbox 2149 1395 2283 1470; x_wconf 82' lang='lat' dir='ltr'><strong>est,’</strong></span> 
     </span>
     <span class='ocr_line' id='line_1_15' title="bbox 166 1416 2283 1579; baseline 0 -34"><span class='ocrx_word' id='word_1_121' title='bbox 166 1481 411 1566; x_wconf 87' lang='lat' dir='ltr'><strong>inquit,</strong></span> <span class='ocrx_word' id='word_1_122' title='bbox 446 1490 467 1519; x_wconf 91' lang='lat'>‘</span> <span class='ocrx_word' id='word_1_123' title='bbox 488 1480 738 1558; x_wconf 87' lang='lat' dir='ltr'><strong>milites,</strong></span> <span class='ocrx_word' id='word_1_124' title='bbox 769 1503 1007 1568; x_wconf 80' lang='lat' dir='ltr'><strong>pugna,</strong></span> <span class='ocrx_word' id='word_1_125' title='bbox 1028 1502 1224 1568; x_wconf 86' lang='lat' dir='ltr'><strong>quam</strong></span> <span class='ocrx_word' id='word_1_126' title='bbox 1252 1478 1624 1579; x_wconf 74' lang='lat' dir='ltr'><strong>poposcistis</strong></span> <span class='ocrx_word' id='word_1_127' title='bbox 1634 1416 1886 1555; x_wconf 50' lang='lat' dir='ltr'><strong>goeQuis</strong></span> <span class='ocrx_word' id='word_1_128' title='bbox 1901 1478 2113 1556; x_wconf 89' lang='lat' dir='ltr'><strong>hom0,</strong></span> <span class='ocrx_word' id='word_1_129' title='bbox 2139 1480 2283 1566; x_wconf 86' lang='lat' dir='ltr'><strong>quis</strong></span> 
     </span>
     <span class='ocr_line' id='line_1_16' title="bbox 119 1565 2280 1654; baseline 0 -23"><span class='ocrx_word' id='word_1_130' title='bbox 119 1584 151 1631; x_wconf 89' lang='lat'>8</span> <span class='ocrx_word' id='word_1_131' title='bbox 170 1576 189 1605; x_wconf 87' lang='lat'>‘</span> <span class='ocrx_word' id='word_1_132' title='bbox 207 1566 377 1631; x_wconf 88' lang='lat' dir='ltr'><strong>deus</strong></span> <span class='ocrx_word' id='word_1_133' title='bbox 420 1579 537 1645; x_wconf 87' lang='lat' dir='ltr'><strong>est,</strong></span> <span class='ocrx_word' id='word_1_134' title='bbox 583 1590 775 1654; x_wconf 91' lang='lat' dir='ltr'><strong>quem</strong></span> <span class='ocrx_word' id='word_1_135' title='bbox 820 1588 1113 1631; x_wconf 90' lang='lat' dir='ltr'><strong>accusare</strong></span> <span class='ocrx_word' id='word_1_136' title='bbox 1238 1566 1454 1631; x_wconf 80' lang='lat' dir='ltr'><strong>ssius?</strong></span> <span class='ocrx_word' id='word_1_137' title='bbox 1518 1565 1752 1632; x_wconf 88' lang='lat' dir='ltr'><strong>Vestra</strong></span> <span class='ocrx_word' id='word_1_138' title='bbox 1791 1565 1902 1631; x_wconf 90' lang='lat' dir='ltr'><strong>illa</strong></span> <span class='ocrx_word' id='word_1_139' title='bbox 1939 1566 2280 1643; x_wconf 81' lang='lat' dir='ltr'><strong>temeritas,</strong></span> 
     </span>
     <span class='ocr_line' id='line_1_17' title="bbox 171 1651 2280 1739; baseline 0 -21"><span class='ocrx_word' id='word_1_140' title='bbox 171 1662 429 1718; x_wconf 82' lang='lat' dir='ltr'><strong>‘vestra</strong></span> <span class='ocrx_word' id='word_1_141' title='bbox 468 1654 482 1669; x_wconf 82' lang='lat'>‘</span> <span class='ocrx_word' id='word_1_142' title='bbox 614 1654 717 1718; x_wconf 82' lang='lat' dir='ltr'><strong>via</strong></span> <span class='ocrx_word' id='word_1_143' title='bbox 742 1654 901 1719; x_wconf 85' lang='lat' dir='ltr'><strong>haec</strong></span> <span class='ocrx_word' id='word_1_144' title='bbox 942 1665 1054 1718; x_wconf 89' lang='lat' dir='ltr'><strong>est.</strong></span> <span class='ocrx_word' id='word_1_145' title='bbox 1236 1654 1369 1718; x_wconf 89' lang='lat' dir='ltr'><strong>cuti</strong></span> <span class='ocrx_word' id='word_1_146' title='bbox 1407 1653 1602 1718; x_wconf 82' lang='lat' dir='ltr'><strong>alium</strong></span> <span class='ocrx_word' id='word_1_147' title='bbox 1649 1653 1904 1729; x_wconf 85' lang='lat' dir='ltr'><strong>ducem,</strong></span> <span class='ocrx_word' id='word_1_148' title='bbox 1935 1651 2280 1739; x_wconf 79' lang='lat' dir='ltr'><strong>sequimini</strong></span> 
     </span>
     <span class='ocr_line' id='line_1_18' title="bbox 172 1677 2276 1829; baseline 0.001 -26"><span class='ocrx_word' id='word_1_149' title='bbox 172 1750 192 1779; x_wconf 89' lang='lat'>‘</span> <span class='ocrx_word' id='word_1_150' title='bbox 216 1762 397 1805; x_wconf 89' lang='lat' dir='ltr'><strong>nunc</strong></span> <span class='ocrx_word' id='word_1_151' title='bbox 460 1677 847 1817; x_wconf 53' lang='lat' dir='ltr'><strong>ffifflum3</strong></span> <span class='ocrx_word' id='word_1_152' title='bbox 908 1754 993 1818; x_wconf 88' lang='lat' dir='ltr'><strong>et,</strong></span> <span class='ocrx_word' id='word_1_153' title='bbox 1040 1739 1215 1829; x_wconf 89' lang='lat' dir='ltr'><strong>quod</strong></span> <span class='ocrx_word' id='word_1_154' title='bbox 1274 1738 1475 1805; x_wconf 88' lang='lat' dir='ltr'><strong>ductu</strong></span> <span class='ocrx_word' id='word_1_155' title='bbox 1533 1762 1679 1804; x_wconf 89' lang='lat' dir='ltr'><strong>meo</strong></span> <span class='ocrx_word' id='word_1_156' title='bbox 1736 1739 1972 1817; x_wconf 86' lang='lat' dir='ltr'><strong>soletis,</strong></span> <span class='ocrx_word' id='word_1_157' title='bbox 2019 1738 2276 1805; x_wconf 86' lang='lat' dir='ltr'><strong>vincite.</strong></span> 
     </span>
     <span class='ocr_line' id='line_1_19' title="bbox 174 1824 2278 1913; baseline -0 -22"><span class='ocrx_word' id='word_1_158' title='bbox 174 1836 193 1865; x_wconf 90' lang='lat'>‘</span> <span class='ocrx_word' id='word_1_159' title='bbox 217 1825 403 1901; x_wconf 84' lang='lat' dir='ltr'><strong>Quid</strong></span> <span class='ocrx_word' id='word_1_160' title='bbox 440 1825 675 1891; x_wconf 89' lang='lat' dir='ltr'><strong>vallum</strong></span> <span class='ocrx_word' id='word_1_161' title='bbox 718 1839 785 1892; x_wconf 91' lang='lat' dir='ltr'><strong>et</strong></span> <span class='ocrx_word' id='word_1_162' title='bbox 828 1839 1031 1891; x_wconf 87' lang='lat' dir='ltr'><strong>castra</strong></span> <span class='ocrx_word' id='word_1_163' title='bbox 1071 1826 1414 1913; x_wconf 81' lang='lat' dir='ltr'><strong>spectatis?</strong></span> <span class='ocrx_word' id='word_1_164' title='bbox 1461 1826 1788 1891; x_wconf 89' lang='lat' dir='ltr'><strong>neminem</strong></span> <span class='ocrx_word' id='word_1_165' title='bbox 1826 1840 2106 1893; x_wconf 84' lang='lat' dir='ltr'><strong>vestrum</strong></span> <span class='ocrx_word' id='word_1_166' title='bbox 2149 1824 2278 1903; x_wconf 86' lang='lat' dir='ltr'><strong>illa,</strong></span> 
     </span>
     <span class='ocr_line' id='line_1_20' title="bbox 174 1912 2274 2013; baseline 0 -37"><span class='ocrx_word' id='word_1_167' title='bbox 174 1922 193 1951; x_wconf 88' lang='lat'>‘</span> <span class='ocrx_word' id='word_1_168' title='bbox 216 1913 346 1977; x_wconf 88' lang='lat' dir='ltr'><strong>nisi</strong></span> <span class='ocrx_word' id='word_1_169' title='bbox 366 1913 693 1989; x_wconf 87' lang='lat' dir='ltr'><strong>victorem,</strong></span> <span class='ocrx_word' id='word_1_170' title='bbox 711 1926 1045 2013; x_wconf 85' lang='lat' dir='ltr'><strong>receptura</strong></span> <span class='ocrx_word' id='word_1_171' title='bbox 1064 1913 1253 1977; x_wconf 60' lang='lat' dir='ltr'><strong>sunt!</strong></span> <span class='ocrx_word' id='word_1_172' title='bbox 1310 1912 1531 1977; x_wconf 88' lang='lat' dir='ltr'><strong>Pudor</strong></span> <span class='ocrx_word' id='word_1_173' title='bbox 1549 1912 1758 2000; x_wconf 89' lang='lat' dir='ltr'><strong>primo</strong></span> <span class='ocrx_word' id='word_1_174' title='bbox 1781 1914 1988 1979; x_wconf 89' lang='lat' dir='ltr'><strong>tenuit</strong></span> <span class='ocrx_word' id='word_1_175' title='bbox 2009 1914 2274 1979; x_wconf 82' lang='lat' dir='ltr'><strong>effusos:</strong></span> 
     </span>
     <span class='ocr_line' id='line_1_21' title="bbox 170 1999 2279 2087; baseline 0 -24"><span class='ocrx_word' id='word_1_176' title='bbox 170 1999 353 2077; x_wconf 90' lang='lat' dir='ltr'><strong>inde,</strong></span> <span class='ocrx_word' id='word_1_177' title='bbox 410 2013 481 2064; x_wconf 89' lang='lat' dir='ltr'><strong>ut</strong></span> <span class='ocrx_word' id='word_1_178' title='bbox 536 2000 879 2085; x_wconf 73' lang='lat' dir='ltr'><strong>circumagi</strong></span> <span class='ocrx_word' id='word_1_179' title='bbox 929 2000 1127 2087; x_wconf 80' lang='lat' dir='ltr'><strong>signa,</strong></span> <span class='ocrx_word' id='word_1_180' title='bbox 1174 2000 1546 2085; x_wconf 84' lang='lat' dir='ltr'><strong>obvertique</strong></span> <span class='ocrx_word' id='word_1_181' title='bbox 1598 2000 1800 2065; x_wconf 87' lang='lat' dir='ltr'><strong>aciem</strong></span> <span class='ocrx_word' id='word_1_182' title='bbox 1851 2000 2152 2064; x_wconf 84' lang='lat' dir='ltr'><strong>viderunt</strong></span> <span class='ocrx_word' id='word_1_183' title='bbox 2209 1999 2279 2064; x_wconf 89' lang='lat' dir='ltr'><strong>in</strong></span> 
     </span>
     <span class='ocr_line' id='line_1_22' title="bbox 175 2084 2276 2185; baseline 0 -36"><span class='ocrx_word' id='word_1_184' title='bbox 175 2086 447 2163; x_wconf 85' lang='lat' dir='ltr'><strong>hostem,</strong></span> <span class='ocrx_word' id='word_1_185' title='bbox 478 2098 546 2150; x_wconf 90' lang='lat' dir='ltr'><strong>et</strong></span> <span class='ocrx_word' id='word_1_186' title='bbox 586 2085 742 2162; x_wconf 87' lang='lat' dir='ltr'><strong>dux,</strong></span> <span class='ocrx_word' id='word_1_187' title='bbox 772 2098 1215 2172; x_wconf 79' lang='lat' dir='ltr'><strong>praeterquam</strong></span> <span class='ocrx_word' id='word_1_188' title='bbox 1260 2084 1437 2171; x_wconf 92' lang='lat' dir='ltr'><strong>quod</strong></span> <span class='ocrx_word' id='word_1_189' title='bbox 1482 2098 1580 2149; x_wconf 90' lang='lat' dir='ltr'><strong>tot</strong></span> <span class='ocrx_word' id='word_1_190' title='bbox 1619 2085 1884 2171; x_wconf 85' lang='lat' dir='ltr'><strong>insignis</strong></span> <span class='ocrx_word' id='word_1_191' title='bbox 1919 2084 2276 2185; x_wconf 84' lang='lat' dir='ltr'><strong>triumphis,</strong></span> 
     </span>
     <span class='ocr_line' id='line_1_23' title="bbox 176 2171 2280 2271; baseline -0 -35"><span class='ocrx_word' id='word_1_192' title='bbox 176 2172 371 2237; x_wconf 87' lang='lat' dir='ltr'><strong>etiam</strong></span> <span class='ocrx_word' id='word_1_193' title='bbox 420 2185 624 2237; x_wconf 84' lang='lat' dir='ltr'><strong>aetate</strong></span> <span class='ocrx_word' id='word_1_194' title='bbox 667 2172 1061 2249; x_wconf 85' lang='lat' dir='ltr'><strong>venerabilis,</strong></span> <span class='ocrx_word' id='word_1_195' title='bbox 1108 2172 1275 2237; x_wconf 87' lang='lat' dir='ltr'><strong>inter</strong></span> <span class='ocrx_word' id='word_1_196' title='bbox 1320 2172 1526 2258; x_wconf 88' lang='lat' dir='ltr'><strong>prima</strong></span> <span class='ocrx_word' id='word_1_197' title='bbox 1569 2172 1770 2256; x_wconf 79' lang='lat' dir='ltr'><strong>signa,</strong></span> <span class='ocrx_word' id='word_1_198' title='bbox 1819 2171 1927 2235; x_wconf 91' lang='lat' dir='ltr'><strong>ubi</strong></span> <span class='ocrx_word' id='word_1_199' title='bbox 1969 2171 2280 2271; x_wconf 74' lang='lat' dir='ltr'><strong>plurimus</strong></span> 
     </span>
     <span class='ocr_line' id='line_1_24' title="bbox 179 2256 2279 2346; baseline 0 -24"><span class='ocrx_word' id='word_1_200' title='bbox 179 2259 358 2324; x_wconf 87' lang='lat' dir='ltr'><strong>labor</strong></span> <span class='ocrx_word' id='word_1_201' title='bbox 395 2258 876 2346; x_wconf 87' lang='lat' dir='ltr'><strong>periculumque</strong></span> <span class='ocrx_word' id='word_1_202' title='bbox 918 2271 1073 2337; x_wconf 90' lang='lat' dir='ltr'><strong>erat,</strong></span> <span class='ocrx_word' id='word_1_203' title='bbox 1104 2281 1169 2323; x_wconf 90' lang='lat' dir='ltr'><strong>se</strong></span> <span class='ocrx_word' id='word_1_204' title='bbox 1212 2258 1534 2333; x_wconf 85' lang='lat' dir='ltr'><strong>offerebat,</strong></span> <span class='ocrx_word' id='word_1_205' title='bbox 1567 2258 1896 2344; x_wconf 86' lang='lat' dir='ltr'><strong>increpare</strong></span> <span class='ocrx_word' id='word_1_206' title='bbox 2077 2256 2166 2321; x_wconf 91' lang='lat' dir='ltr'><strong>uli</strong></span> <span class='ocrx_word' id='word_1_207' title='bbox 2211 2278 2279 2323; x_wconf 87' lang='lat' dir='ltr'><strong>se</strong></span> 
     </span>
     <span class='ocr_line' id='line_1_25' title="bbox 180 2342 2355 2433; baseline -0.001 -24"><span class='ocrx_word' id='word_1_208' title='bbox 180 2345 453 2433; x_wconf 86' lang='lat' dir='ltr'><strong>quisque</strong></span> <span class='ocrx_word' id='word_1_209' title='bbox 471 2358 539 2410; x_wconf 91' lang='lat' dir='ltr'><strong>et</strong></span> <span class='ocrx_word' id='word_1_210' title='bbox 566 2345 738 2422; x_wconf 80' lang='lat' dir='ltr'><strong>alios,</strong></span> <span class='ocrx_word' id='word_1_211' title='bbox 763 2357 829 2410; x_wconf 90' lang='lat' dir='ltr'><strong>et</strong></span> <span class='ocrx_word' id='word_1_212' title='bbox 848 2344 1207 2411; x_wconf 79' lang='lat' dir='ltr'><strong>adhortatio</strong></span> <span class='ocrx_word' id='word_1_213' title='bbox 1236 2345 1305 2409; x_wconf 91' lang='lat' dir='ltr'><strong>in</strong></span> <span class='ocrx_word' id='word_1_214' title='bbox 1323 2344 1529 2409; x_wconf 88' lang='lat' dir='ltr'><strong>vicem</strong></span> <span class='ocrx_word' id='word_1_215' title='bbox 1559 2356 1757 2409; x_wconf 88' lang='lat' dir='ltr'><strong>totam</strong></span> <span class='ocrx_word' id='word_1_216' title='bbox 1779 2342 1970 2409; x_wconf 89' lang='lat' dir='ltr'><strong>alacri</strong></span> <span class='ocrx_word' id='word_1_217' title='bbox 2001 2366 2036 2407; x_wconf 93' lang='lat' dir='ltr'><strong>c</strong></span> <span class='ocrx_word' id='word_1_218' title='bbox 2061 2365 2274 2409; x_wconf 89' lang='lat' dir='ltr'><strong>amore</strong></span> <span class='ocrx_word' id='word_1_219' title='bbox 2347 2358 2355 2367; x_wconf 93' lang='grc'><em>·</em></span> 
     </span>
     <span class='ocr_line' id='line_1_26' title="bbox 178 2428 2277 2519; baseline -0 -23"><span class='ocrx_word' id='word_1_220' title='bbox 178 2432 453 2519; x_wconf 84' lang='lat' dir='ltr'><strong>pervasit</strong></span> <span class='ocrx_word' id='word_1_221' title='bbox 510 2432 727 2497; x_wconf 80' lang='lat' dir='ltr'><strong>aciem.</strong></span> <span class='ocrx_word' id='word_1_222' title='bbox 820 2431 1055 2518; x_wconf 86' lang='lat' dir='ltr'><strong>Neque</strong></span> <span class='ocrx_word' id='word_1_223' title='bbox 1114 2430 1277 2495; x_wconf 90' lang='lat' dir='ltr'><strong>alter</strong></span> <span class='ocrx_word' id='word_1_224' title='bbox 1334 2431 1626 2495; x_wconf 90' lang='lat' dir='ltr'><strong>tribunus</strong></span> <span class='ocrx_word' id='word_1_225' title='bbox 1683 2430 1777 2495; x_wconf 90' lang='lat' dir='ltr'><strong>rei</strong></span> <span class='ocrx_word' id='word_1_226' title='bbox 1834 2428 2072 2495; x_wconf 84' lang='lat' dir='ltr'><strong>defuit:</strong></span> <span class='ocrx_word' id='word_1_227' title='bbox 2141 2429 2277 2508; x_wconf 83' lang='lat' dir='ltr'><strong>sed,</strong></span> 
     </span>
     <span class='ocr_line' id='line_1_27' title="bbox 180 2516 2280 2605; baseline -0.001 -22"><span class='ocrx_word' id='word_1_228' title='bbox 180 2520 405 2584; x_wconf 87' lang='lat' dir='ltr'><strong>missus</strong></span> <span class='ocrx_word' id='word_1_229' title='bbox 434 2541 473 2583; x_wconf 91' lang='lat' dir='ltr'><strong>a</strong></span> <span class='ocrx_word' id='word_1_230' title='bbox 500 2518 661 2584; x_wconf 88' lang='lat' dir='ltr'><strong>colle</strong></span> <span class='ocrx_word' id='word_1_231' title='bbox 770 2519 1143 2583; x_wconf 87' lang='lat' dir='ltr'><strong>restituente</strong></span> <span class='ocrx_word' id='word_1_232' title='bbox 1172 2517 1463 2605; x_wconf 88' lang='lat' dir='ltr'><strong>peditum</strong></span> <span class='ocrx_word' id='word_1_233' title='bbox 1503 2516 1706 2581; x_wconf 89' lang='lat' dir='ltr'><strong>aciem</strong></span> <span class='ocrx_word' id='word_1_234' title='bbox 1735 2516 1818 2581; x_wconf 88' lang='lat' dir='ltr'><strong>ad</strong></span> <span class='ocrx_word' id='word_1_235' title='bbox 1847 2516 2115 2603; x_wconf 86' lang='lat' dir='ltr'><strong>equites,</strong></span> <span class='ocrx_word' id='word_1_236' title='bbox 2146 2538 2280 2581; x_wconf 90' lang='lat' dir='ltr'><strong>non</strong></span> 
     </span>
     <span class='ocr_line' id='line_1_28' title="bbox 180 2601 2278 2694; baseline -0.001 -24"><span class='ocrx_word' id='word_1_237' title='bbox 180 2606 565 2694; x_wconf 78' lang='lat' dir='ltr'><strong>castigando,</strong></span> <span class='ocrx_word' id='word_1_238' title='bbox 596 2608 626 2693; x_wconf 88' lang='lat'>(</span> <span class='ocrx_word' id='word_1_239' title='bbox 740 2627 933 2693; x_wconf 90' lang='lat' dir='ltr'><strong>quam</strong></span> <span class='ocrx_word' id='word_1_240' title='bbox 976 2627 1115 2670; x_wconf 91' lang='lat' dir='ltr'><strong>rem</strong></span> <span class='ocrx_word' id='word_1_241' title='bbox 1153 2602 1454 2669; x_wconf 85' lang='lat' dir='ltr'><strong>leviorem</strong></span> <span class='ocrx_word' id='word_1_242' title='bbox 1497 2616 1824 2669; x_wconf 89' lang='lat' dir='ltr'><strong>auctorem</strong></span> <span class='ocrx_word' id='word_1_243' title='bbox 1861 2624 2012 2667; x_wconf 89' lang='lat' dir='ltr'><strong>eum</strong></span> <span class='ocrx_word' id='word_1_244' title='bbox 2055 2601 2278 2690; x_wconf 86' lang='lat' dir='ltr'><strong>culpae</strong></span> 
     </span>
     <span class='ocr_line' id='line_1_29' title="bbox 182 2690 2278 2778; baseline -0.002 -21"><span class='ocrx_word' id='word_1_245' title='bbox 182 2693 447 2757; x_wconf 87' lang='lat' dir='ltr'><strong>societas</strong></span> <span class='ocrx_word' id='word_1_246' title='bbox 494 2691 762 2777; x_wconf 85' lang='lat' dir='ltr'><strong>fecerat)</strong></span> <span class='ocrx_word' id='word_1_247' title='bbox 802 2691 937 2769; x_wconf 90' lang='lat' dir='ltr'><strong>sed,</strong></span> <span class='ocrx_word' id='word_1_248' title='bbox 986 2692 1067 2757; x_wconf 88' lang='lat' dir='ltr'><strong>ab</strong></span> <span class='ocrx_word' id='word_1_249' title='bbox 1117 2690 1385 2778; x_wconf 85' lang='lat' dir='ltr'><strong>imperio</strong></span> <span class='ocrx_word' id='word_1_250' title='bbox 1430 2702 1604 2755; x_wconf 88' lang='lat' dir='ltr'><strong>totus</strong></span> <span class='ocrx_word' id='word_1_251' title='bbox 1648 2690 1730 2755; x_wconf 90' lang='lat' dir='ltr'><strong>ad</strong></span> <span class='ocrx_word' id='word_1_252' title='bbox 1779 2712 2000 2777; x_wconf 90' lang='lat' dir='ltr'><strong>preces</strong></span> <span class='ocrx_word' id='word_1_253' title='bbox 2041 2712 2278 2765; x_wconf 76' lang='lat' dir='ltr'><strong>versae,</strong></span> 
     </span>
     <span class='ocr_line' id='line_1_30' title="bbox 140 2775 2278 2866; baseline -0.002 -22"><span class='ocrx_word' id='word_1_254' title='bbox 140 2798 171 2847; x_wconf 93' lang='lat'><strong>9</strong></span> <span class='ocrx_word' id='word_1_255' title='bbox 186 2801 359 2843; x_wconf 85' lang='lat' dir='ltr'><strong>orare</strong></span> <span class='ocrx_word' id='word_1_256' title='bbox 382 2778 663 2866; x_wconf 81' lang='lat' dir='ltr'><strong>singulos</strong></span> <span class='ocrx_word' id='word_1_257' title='bbox 686 2779 875 2843; x_wconf 85' lang='lat' dir='ltr'><strong>unive</strong></span> <span class='ocrx_word' id='word_1_258' title='bbox 1056 2800 1158 2855; x_wconf 92' lang='lat' dir='ltr'><strong>ue,</strong></span> <span class='ocrx_word' id='word_1_259' title='bbox 1194 2786 1213 2815; x_wconf 90' lang='lat'>‘</span> <span class='ocrx_word' id='word_1_260' title='bbox 1236 2789 1309 2842; x_wconf 88' lang='lat' dir='ltr'><strong>ut</strong></span> <span class='ocrx_word' id='word_1_261' title='bbox 1337 2800 1425 2855; x_wconf 88' lang='lat' dir='ltr'><strong>se,</strong></span> <span class='ocrx_word' id='word_1_262' title='bbox 1449 2798 1630 2842; x_wconf 89' lang='lat' dir='ltr'><strong>reum</strong></span> <span class='ocrx_word' id='word_1_263' title='bbox 1652 2776 1943 2841; x_wconf 82' lang='lat' dir='ltr'><strong>fortunae</strong></span> <span class='ocrx_word' id='word_1_264' title='bbox 1967 2776 2104 2841; x_wconf 86' lang='lat' dir='ltr'><strong>eius</strong></span> <span class='ocrx_word' id='word_1_265' title='bbox 2126 2775 2278 2854; x_wconf 83' lang='lat' dir='ltr'><strong>diei,</strong></span> 
     </span>
     <span class='ocr_line' id='line_1_31' title="bbox 189 2862 2278 2951; baseline 0 -22"><span class='ocrx_word' id='word_1_266' title='bbox 189 2872 209 2903; x_wconf 87' lang='lat'>‘</span> <span class='ocrx_word' id='word_1_267' title='bbox 228 2865 493 2931; x_wconf 88' lang='lat' dir='ltr'><strong>crimine</strong></span> <span class='ocrx_word' id='word_1_268' title='bbox 551 2865 925 2930; x_wconf 87' lang='lat' dir='ltr'><strong>eximerent.</strong></span> <span class='ocrx_word' id='word_1_269' title='bbox 1083 2865 1365 2930; x_wconf 88' lang='lat' dir='ltr'><strong>bnuente</strong></span> <span class='ocrx_word' id='word_1_270' title='bbox 1440 2886 1516 2929; x_wconf 88' lang='lat' dir='ltr'><strong>ac</strong></span> <span class='ocrx_word' id='word_1_271' title='bbox 1577 2863 1956 2951; x_wconf 89' lang='lat' dir='ltr'><strong>prohibente</strong></span> <span class='ocrx_word' id='word_1_272' title='bbox 2015 2862 2278 2951; x_wconf 85' lang='lat' dir='ltr'><strong>collega,</strong></span> 
     </span>
     <span class='ocr_line' id='line_1_32' title="bbox 188 2949 2281 3038; baseline -0 -22"><span class='ocrx_word' id='word_1_273' title='bbox 188 2960 209 2989; x_wconf 91' lang='lat'>‘</span> <span class='ocrx_word' id='word_1_274' title='bbox 230 2951 599 3017; x_wconf 89' lang='lat' dir='ltr'><strong>temeritatis</strong></span> <span class='ocrx_word' id='word_1_275' title='bbox 632 2974 737 3015; x_wconf 91' lang='lat' dir='ltr'><strong>me</strong></span> <span class='ocrx_word' id='word_1_276' title='bbox 781 2951 1070 3016; x_wconf 89' lang='lat' dir='ltr'><strong>omnium</strong></span> <span class='ocrx_word' id='word_1_277' title='bbox 1098 2949 1311 3038; x_wconf 88' lang='lat' dir='ltr'><strong>potius</strong></span> <span class='ocrx_word' id='word_1_278' title='bbox 1352 2950 1616 3027; x_wconf 88' lang='lat' dir='ltr'><strong>socium,</strong></span> <span class='ocrx_word' id='word_1_279' title='bbox 1648 2974 1842 3038; x_wconf 89' lang='lat' dir='ltr'><strong>quam</strong></span> <span class='ocrx_word' id='word_1_280' title='bbox 1893 2950 2086 3015; x_wconf 90' lang='lat' dir='ltr'><strong>unius</strong></span> <span class='ocrx_word' id='word_1_281' title='bbox 2127 2972 2281 3037; x_wconf 90' lang='lat' dir='ltr'><strong>pru-</strong></span> 
     </span>
     <span class='ocr_line' id='line_1_33' title="bbox 189 3036 2280 3125; baseline 0 -22"><span class='ocrx_word' id='word_1_282' title='bbox 189 3047 209 3076; x_wconf 90' lang='lat'>‘</span> <span class='ocrx_word' id='word_1_283' title='bbox 226 3038 499 3116; x_wconf 85' lang='lat' dir='ltr'><strong>dentiae,</strong></span> <span class='ocrx_word' id='word_1_284' title='bbox 530 3037 701 3103; x_wconf 89' lang='lat' dir='ltr'><strong>dedi.</strong></span> <span class='ocrx_word' id='word_1_285' title='bbox 796 3036 1107 3103; x_wconf 87' lang='lat' dir='ltr'><strong>Camillus</strong></span> <span class='ocrx_word' id='word_1_286' title='bbox 1150 3036 1219 3101; x_wconf 90' lang='lat' dir='ltr'><strong>in</strong></span> <span class='ocrx_word' id='word_1_287' title='bbox 1265 3050 1534 3125; x_wconf 85' lang='lat' dir='ltr'><strong>utraque</strong></span> <span class='ocrx_word' id='word_1_288' title='bbox 1564 3050 1773 3103; x_wconf 82' lang='lat' dir='ltr'><strong>vestra</strong></span> <span class='ocrx_word' id='word_1_289' title='bbox 1809 3036 2064 3101; x_wconf 90' lang='lat' dir='ltr'><strong>fortuna</strong></span> <span class='ocrx_word' id='word_1_290' title='bbox 2099 3060 2280 3103; x_wconf 88' lang='lat' dir='ltr'><strong>suam</strong></span> 
     </span>
     <span class='ocr_line' id='line_1_34' title="bbox 191 3123 2280 3211; baseline 0 -22"><span class='ocrx_word' id='word_1_291' title='bbox 191 3135 210 3164; x_wconf 90' lang='lat'>‘</span> <span class='ocrx_word' id='word_1_292' title='bbox 226 3124 487 3211; x_wconf 85' lang='lat' dir='ltr'><strong>gloriam</strong></span> <span class='ocrx_word' id='word_1_293' title='bbox 504 3124 706 3189; x_wconf 85' lang='lat' dir='ltr'><strong>videt:</strong></span> <span class='ocrx_word' id='word_1_294' title='bbox 750 3146 889 3211; x_wconf 82' lang='lat' dir='ltr'><strong>ego,</strong></span> <span class='ocrx_word' id='word_1_295' title='bbox 914 3123 983 3187; x_wconf 89' lang='lat' dir='ltr'><strong>ni</strong></span> <span class='ocrx_word' id='word_1_296' title='bbox 1004 3125 1358 3189; x_wconf 87' lang='lat' dir='ltr'><strong>restituitur</strong></span> <span class='ocrx_word' id='word_1_297' title='bbox 1376 3147 1612 3211; x_wconf 79' lang='lat' dir='ltr'><strong>pugna,</strong></span> <span class='ocrx_word' id='word_1_298' title='bbox 1632 3123 1840 3210; x_wconf 89' lang='lat' dir='ltr'><strong>(quod</strong></span> <span class='ocrx_word' id='word_1_299' title='bbox 1859 3124 2280 3189; x_wconf 87' lang='lat' dir='ltr'><strong>miserrimum</strong></span> 
     </span>
     <span class='ocr_line' id='line_1_35' title="bbox 191 3209 2283 3295; baseline 0 -20"><span class='ocrx_word' id='word_1_300' title='bbox 191 3220 211 3251; x_wconf 79' lang='lat'><strong><em>⁶</em></strong></span> <span class='ocrx_word' id='word_1_301' title='bbox 232 3210 355 3295; x_wconf 86' lang='lat' dir='ltr'><strong>est)</strong></span> <span class='ocrx_word' id='word_1_302' title='bbox 404 3211 724 3276; x_wconf 89' lang='lat' dir='ltr'><strong>fortunam</strong></span> <span class='ocrx_word' id='word_1_303' title='bbox 782 3233 931 3275; x_wconf 89' lang='lat' dir='ltr'><strong>cum</strong></span> <span class='ocrx_word' id='word_1_304' title='bbox 990 3211 1303 3287; x_wconf 71' lang='lat' dir='ltr'><strong>omnibuS,</strong></span> <span class='ocrx_word' id='word_1_305' title='bbox 1362 3210 1686 3275; x_wconf 87' lang='lat' dir='ltr'><strong>infamiam</strong></span> <span class='ocrx_word' id='word_1_306' title='bbox 1747 3209 1914 3274; x_wconf 88' lang='lat' dir='ltr'><strong>solus</strong></span> <span class='ocrx_word' id='word_1_307' title='bbox 1973 3209 2283 3276; x_wconf 73' lang='lat' dir='ltr'><strong>sentiam-⁹</strong></span> 
     </span>
     <span class='ocr_line' id='line_1_36' title="bbox 150 3294 2284 3387; baseline 0 -29"><span class='ocrx_word' id='word_1_308' title='bbox 150 3323 168 3358; x_wconf 85' lang='lat'>1</span> <span class='ocrx_word' id='word_1_309' title='bbox 194 3297 523 3387; x_wconf 88' lang='lat' dir='ltr'><strong>Optimum</strong></span> <span class='ocrx_word' id='word_1_310' title='bbox 552 3298 757 3363; x_wconf 81' lang='lat' dir='ltr'><strong>visum</strong></span> <span class='ocrx_word' id='word_1_311' title='bbox 800 3310 915 3375; x_wconf 86' lang='lat' dir='ltr'><strong>est,</strong></span> <span class='ocrx_word' id='word_1_312' title='bbox 946 3296 1015 3361; x_wconf 87' lang='lat' dir='ltr'><strong>in</strong></span> <span class='ocrx_word' id='word_1_313' title='bbox 1058 3297 1471 3361; x_wconf 88' lang='lat' dir='ltr'><strong>fluctuantem</strong></span> <span class='ocrx_word' id='word_1_314' title='bbox 1516 3294 1718 3361; x_wconf 84' lang='lat' dir='ltr'><strong>aciem</strong></span> <span class='ocrx_word' id='word_1_315' title='bbox 1765 3294 1929 3359; x_wconf 89' lang='lat' dir='ltr'><strong>tradi</strong></span> <span class='ocrx_word' id='word_1_316' title='bbox 1968 3316 2186 3380; x_wconf 89' lang='lat' dir='ltr'><strong>equos,</strong></span> <span class='ocrx_word' id='word_1_317' title='bbox 2217 3307 2284 3359; x_wconf 92' lang='lat' dir='ltr'><strong>et</strong></span> 
     </span>
    </p>
   </div>
   <div class='ocr_carea' id='block_1_6' title="bbox 194 3526 2297 4423">
    <p class='ocr_par' dir='ltr' id='par_1_6' title="bbox 194 3526 2284 3720">
     <span class='ocr_line' id='line_1_37' title="bbox 257 3526 2282 3591; baseline 0 -15"><span class='ocrx_word' id='word_1_318' title='bbox 257 3526 287 3576; x_wconf 92' lang='lat'><strong>6</strong></span> <span class='ocrx_word' id='word_1_319' title='bbox 320 3528 635 3591; x_wconf 69' lang='lat' dir='ltr'><strong>Opportuna-r</strong></span> <span class='ocrx_word' id='word_1_320' title='bbox 655 3528 770 3575; x_wconf 72' lang='lat' dir='ltr'><strong>huic</strong></span> <span class='ocrx_word' id='word_1_321' title='bbox 790 3528 1039 3589; x_wconf 71' lang='lat' dir='ltr'><strong>eruptioni</strong></span> <span class='ocrx_word' id='word_1_322' title='bbox 1060 3528 1199 3589; x_wconf 67' lang='lat' dir='ltr'><strong>suit]</strong></span> <span class='ocrx_word' id='word_1_323' title='bbox 1332 3526 1363 3575; x_wconf 89' lang='lat'><strong>8</strong></span> <span class='ocrx_word' id='word_1_324' title='bbox 1396 3528 1565 3575; x_wconf 76' lang='lat' dir='ltr'><strong>Vestra</strong></span> <span class='ocrx_word' id='word_1_325' title='bbox 1584 3527 1673 3573; x_wconf 69' lang='lat' dir='ltr'><strong>illa</strong></span> <span class='ocrx_word' id='word_1_326' title='bbox 1689 3526 1950 3585; x_wconf 64' lang='lat' dir='ltr'><strong>temeritas,</strong></span> <span class='ocrx_word' id='word_1_327' title='bbox 1963 3534 2126 3577; x_wconf 72' lang='lat' dir='ltr'><strong>vestra</strong></span> <span class='ocrx_word' id='word_1_328' title='bbox 2144 3530 2282 3591; x_wconf 67' lang='grc' dir='ltr'>ἅρπα-</span> 
     </span>
     <span class='ocr_line' id='line_1_38' title="bbox 194 3589 2284 3655; baseline 0 -13"><span class='ocrx_word' id='word_1_329' title='bbox 194 3592 513 3642; x_wconf 76' lang='lat' dir='ltr'><strong>commodam</strong></span> <span class='ocrx_word' id='word_1_330' title='bbox 546 3592 776 3641; x_wconf 82' lang='lat' dir='ltr'><strong>adversus</strong></span> <span class='ocrx_word' id='word_1_331' title='bbox 810 3606 863 3640; x_wconf 87' lang='lat' dir='ltr'><strong>se</strong></span> <span class='ocrx_word' id='word_1_332' title='bbox 898 3590 1203 3639; x_wconf 80' lang='lat' dir='ltr'><strong>occasionem</strong></span> <span class='ocrx_word' id='word_1_333' title='bbox 1266 3592 1351 3639; x_wconf 73' lang='lat' dir='ltr'><strong>via</strong></span> <span class='ocrx_word' id='word_1_334' title='bbox 1373 3591 1493 3639; x_wconf 71' lang='lat' dir='ltr'><strong>lutee</strong></span> <span class='ocrx_word' id='word_1_335' title='bbox 1513 3591 1608 3649; x_wconf 76' lang='lat' dir='ltr'><strong>est]</strong></span> <span class='ocrx_word' id='word_1_336' title='bbox 1649 3589 1790 3637; x_wconf 80' lang='lat' dir='ltr'><strong>Nota</strong></span> <span class='ocrx_word' id='word_1_337' title='bbox 1811 3592 2010 3641; x_wconf 84' lang='lat' dir='ltr'><strong>voculas</strong></span> <span class='ocrx_word' id='word_1_338' title='bbox 2031 3592 2137 3652; x_wconf 71' lang='lat' dir='ltr'><strong>illa,</strong></span> <span class='ocrx_word' id='word_1_339' title='bbox 2158 3608 2284 3655; x_wconf 81' lang='lat' dir='ltr'><strong>quae</strong></span> 
     </span>
     <span class='ocr_line' id='line_1_39' title="bbox 196 3652 2284 3720; baseline 0.002 -17"><span class='ocrx_word' id='word_1_340' title='bbox 196 3656 556 3719; x_wconf 67' lang='lat' dir='ltr'><strong>erumpentibus</strong></span> <span class='ocrx_word' id='word_1_341' title='bbox 576 3655 797 3705; x_wconf 77' lang='lat' dir='ltr'><strong>hostibus</strong></span> <span class='ocrx_word' id='word_1_342' title='bbox 818 3655 1063 3717; x_wconf 73' lang='lat' dir='ltr'><strong>patefecit.</strong></span> <span class='ocrx_word' id='word_1_343' title='bbox 1094 3657 1190 3705; x_wconf 78' lang='lat' dir='ltr'><strong>Ca.</strong></span> <span class='ocrx_word' id='word_1_344' title='bbox 1270 3652 1584 3717; x_wconf 83' lang='lat' dir='ltr'><strong>praeteritum</strong></span> <span class='ocrx_word' id='word_1_345' title='bbox 1605 3658 1708 3703; x_wconf 88' lang='lat' dir='ltr'><strong>tem</strong></span> <span class='ocrx_word' id='word_1_346' title='bbox 1745 3670 1802 3703; x_wconf 87' lang='lat' dir='ltr'><strong>us</strong></span> <span class='ocrx_word' id='word_1_347' title='bbox 1817 3673 1832 3713; x_wconf 67' lang='grc' dir='ltr'><strong>ς</strong></span> <span class='ocrx_word' id='word_1_348' title='bbox 1849 3655 1988 3715; x_wconf 74' lang='lat' dir='ltr'><strong>haec,</strong></span> <span class='ocrx_word' id='word_1_349' title='bbox 2000 3670 2127 3718; x_wconf 84' lang='lat' dir='ltr'><strong>quae</strong></span> <span class='ocrx_word' id='word_1_350' title='bbox 2147 3673 2284 3720; x_wconf 82' lang='lat' dir='ltr'><strong>prae-</strong></span> 
     </span>
    </p>

    <p class='ocr_par' dir='ltr' id='par_1_7' title="bbox 200 3717 2297 4423">
     <span class='ocr_line' id='line_1_40' title="bbox 264 3717 2286 3783; baseline 0.002 -14"><span class='ocrx_word' id='word_1_351' title='bbox 264 3731 289 3783; x_wconf 89' lang='lat'><strong>7</strong></span> <span class='ocrx_word' id='word_1_352' title='bbox 320 3722 391 3769; x_wconf 76' lang='lat' dir='ltr'><strong>Et</strong></span> <span class='ocrx_word' id='word_1_353' title='bbox 420 3736 541 3771; x_wconf 78' lang='lat' dir='ltr'><strong>novo</strong></span> <span class='ocrx_word' id='word_1_354' title='bbox 572 3720 719 3779; x_wconf 72' lang='lat' dir='ltr'><strong>hoste,</strong></span> <span class='ocrx_word' id='word_1_355' title='bbox 751 3726 799 3769; x_wconf 82' lang='lat' dir='ltr'><strong>et</strong></span> <span class='ocrx_word' id='word_1_356' title='bbox 829 3722 1013 3783; x_wconf 74' lang='lat' dir='ltr'><strong>supina</strong></span> <span class='ocrx_word' id='word_1_357' title='bbox 1046 3720 1198 3779; x_wconf 78' lang='lat' dir='ltr'><strong>valle]</strong></span> <span class='ocrx_word' id='word_1_358' title='bbox 1268 3732 1379 3767; x_wconf 88' lang='lat' dir='ltr'><strong>sens</strong></span> <span class='ocrx_word' id='word_1_359' title='bbox 1412 3717 1612 3769; x_wconf 79' lang='lat' dir='ltr'><strong>indicat.</strong></span> <span class='ocrx_word' id='word_1_360' title='bbox 1729 3724 1858 3769; x_wconf 84' lang='lat' dir='ltr'><strong>estra</strong></span> <span class='ocrx_word' id='word_1_361' title='bbox 1893 3719 2143 3771; x_wconf 77' lang='lat' dir='ltr'><strong>temeritas</strong></span> <span class='ocrx_word' id='word_1_362' title='bbox 2175 3722 2286 3782; x_wconf 77' lang='lat' dir='ltr'><strong>fuit,</strong></span> 
     </span>
     <span class='ocr_line' id='line_1_41' title="bbox 200 3782 2281 3845; baseline 0.002 -12"><span class='ocrx_word' id='word_1_363' title='bbox 200 3784 325 3833; x_wconf 89' lang='lat' dir='ltr'><strong>Tum</strong></span> <span class='ocrx_word' id='word_1_364' title='bbox 370 3797 495 3832; x_wconf 80' lang='lat' dir='ltr'><strong>novo</strong></span> <span class='ocrx_word' id='word_1_365' title='bbox 548 3784 688 3833; x_wconf 77' lang='lat' dir='ltr'><strong>hoste</strong></span> <span class='ocrx_word' id='word_1_366' title='bbox 742 3784 902 3832; x_wconf 83' lang='lat' dir='ltr'><strong>subito</strong></span> <span class='ocrx_word' id='word_1_367' title='bbox 954 3800 984 3833; x_wconf 89' lang='lat' dir='ltr'><strong>e</strong></span> <span class='ocrx_word' id='word_1_368' title='bbox 1038 3783 1205 3832; x_wconf 82' lang='lat' dir='ltr'><strong>castris</strong></span> <span class='ocrx_word' id='word_1_369' title='bbox 1269 3798 1419 3845; x_wconf 88' lang='lat' dir='ltr'><strong>quum</strong></span> <span class='ocrx_word' id='word_1_370' title='bbox 1452 3797 1667 3845; x_wconf 79' lang='lat' dir='ltr'><strong>pugnam</strong></span> <span class='ocrx_word' id='word_1_371' title='bbox 1692 3782 1966 3833; x_wconf 78' lang='lat' dir='ltr'><strong>inconsulte</strong></span> <span class='ocrx_word' id='word_1_372' title='bbox 1991 3787 2281 3837; x_wconf 82' lang='lat' dir='ltr'><strong>lacessistis:</strong></span> 
     </span>
     <span class='ocr_line' id='line_1_42' title="bbox 200 3846 2282 3915; baseline 0.002 -18"><span class='ocrx_word' id='word_1_373' title='bbox 200 3854 494 3909; x_wconf 81' lang='lat' dir='ltr'><strong>erumpente,</strong></span> <span class='ocrx_word' id='word_1_374' title='bbox 528 3854 637 3897; x_wconf 82' lang='lat' dir='ltr'><strong>tum</strong></span> <span class='ocrx_word' id='word_1_375' title='bbox 674 3848 782 3910; x_wconf 84' lang='lat' dir='ltr'><strong>ipsa</strong></span> <span class='ocrx_word' id='word_1_376' title='bbox 820 3848 1077 3910; x_wconf 82' lang='lat' dir='ltr'><strong>iniquitate</strong></span> <span class='ocrx_word' id='word_1_377' title='bbox 1108 3846 1203 3896; x_wconf 86' lang='lat' dir='ltr'><strong>loci</strong></span> <span class='ocrx_word' id='word_1_378' title='bbox 1270 3853 1429 3896; x_wconf 83' lang='lat' dir='ltr'><strong>vestra</strong></span> <span class='ocrx_word' id='word_1_379' title='bbox 1450 3862 1581 3895; x_wconf 85' lang='lat' dir='ltr'><strong>nune</strong></span> <span class='ocrx_word' id='word_1_380' title='bbox 1601 3846 1798 3910; x_wconf 71' lang='lat' dir='ltr'><strong>ignavia</strong></span> <span class='ocrx_word' id='word_1_381' title='bbox 1815 3854 1908 3909; x_wconf 85' lang='lat' dir='ltr'><strong>est,</strong></span> <span class='ocrx_word' id='word_1_382' title='bbox 1929 3866 2080 3912; x_wconf 90' lang='lat' dir='ltr'><strong>quum</strong></span> <span class='ocrx_word' id='word_1_383' title='bbox 2103 3852 2282 3915; x_wconf 76' lang='lat' dir='ltr'><strong>fugitis.</strong></span> 
     </span>
     <span class='ocr_line' id='line_1_43' title="bbox 200 3911 1430 3975; baseline 0 -14"><span class='ocrx_word' id='word_1_384' title='bbox 200 3912 444 3963; x_wconf 78' lang='lat' dir='ltr'><strong>Bomanoe</strong></span> <span class='ocrx_word' id='word_1_385' title='bbox 478 3918 749 3975; x_wconf 81' lang='lat' dir='ltr'><strong>premente,</strong></span> <span class='ocrx_word' id='word_1_386' title='bbox 778 3911 830 3960; x_wconf 86' lang='lat' dir='ltr'><strong>in</strong></span> <span class='ocrx_word' id='word_1_387' title='bbox 870 3912 1049 3961; x_wconf 82' lang='lat' dir='ltr'><strong>vallem</strong></span> <span class='ocrx_word' id='word_1_388' title='bbox 1076 3927 1207 3975; x_wconf 81' lang='lat' dir='ltr'><strong>quae</strong></span> <span class='ocrx_word' id='word_1_389' title='bbox 1270 3912 1430 3962; x_wconf 58' lang='lat' dir='ltr'><strong>Casu</strong></span> 
     </span>
     <span class='ocr_line' id='line_1_44' title="bbox 203 3975 2284 4041; baseline 0 -16"><span class='ocrx_word' id='word_1_390' title='bbox 203 3978 262 4025; x_wconf 90' lang='lat' dir='ltr'><strong>ab</strong></span> <span class='ocrx_word' id='word_1_391' title='bbox 288 3982 415 4039; x_wconf 75' lang='lat' dir='ltr'><strong>tergo</strong></span> <span class='ocrx_word' id='word_1_392' title='bbox 447 3982 551 4025; x_wconf 86' lang='lat' dir='ltr'><strong>erat</strong></span> <span class='ocrx_word' id='word_1_393' title='bbox 578 3976 949 4026; x_wconf 72' lang='lat' dir='ltr'><strong>retrocedentes.</strong></span> <span class='ocrx_word' id='word_1_394' title='bbox 1014 3976 1201 4039; x_wconf 88' lang='lat' dir='ltr'><strong>Supra:</strong></span> <span class='ocrx_word' id='word_1_395' title='bbox 1340 3992 1373 4041; x_wconf 86' lang='lat'>9</span> <span class='ocrx_word' id='word_1_396' title='bbox 1404 3977 1588 4035; x_wconf 79' lang='lat' dir='ltr'><strong>Reum]</strong></span> <span class='ocrx_word' id='word_1_397' title='bbox 1651 3975 1754 4033; x_wconf 77' lang='lat' dir='ltr'><strong>Qui</strong></span> <span class='ocrx_word' id='word_1_398' title='bbox 1799 3985 2044 4041; x_wconf 79' lang='lat' dir='ltr'><strong>praestare</strong></span> <span class='ocrx_word' id='word_1_399' title='bbox 2085 3980 2284 4029; x_wconf 86' lang='lat' dir='ltr'><strong>deberet</strong></span> 
     </span>
     <span class='ocr_line' id='line_1_45' title="bbox 204 4040 2285 4103; baseline 0 -14"><span class='ocrx_word' id='word_1_400' title='bbox 204 4042 319 4089; x_wconf 69' lang='lat' dir='ltr'><strong>lenis</strong></span> <span class='ocrx_word' id='word_1_401' title='bbox 338 4042 395 4089; x_wconf 77' lang='lat' dir='ltr'><strong>ab</strong></span> <span class='ocrx_word' id='word_1_402' title='bbox 418 4047 551 4103; x_wconf 62' lang='lat' dir='ltr'><strong>rev-90</strong></span> <span class='ocrx_word' id='word_1_403' title='bbox 575 4043 731 4089; x_wconf 68' lang='lat' dir='ltr'><strong>clivus</strong></span> <span class='ocrx_word' id='word_1_404' title='bbox 755 4048 863 4089; x_wconf 71' lang='lat' dir='ltr'><strong>erac</strong></span> <span class='ocrx_word' id='word_1_405' title='bbox 884 4043 1015 4089; x_wconf 75' lang='lat' dir='ltr'><strong>inter</strong></span> <span class='ocrx_word' id='word_1_406' title='bbox 1038 4044 1206 4100; x_wconf 70' lang='lat' dir='ltr'><strong>aciem,</strong></span> <span class='ocrx_word' id='word_1_407' title='bbox 1270 4041 1515 4089; x_wconf 83' lang='lat' dir='ltr'><strong>fortunam</strong></span> <span class='ocrx_word' id='word_1_408' title='bbox 1549 4040 1653 4089; x_wconf 86' lang='lat' dir='ltr'><strong>eius</strong></span> <span class='ocrx_word' id='word_1_409' title='bbox 1679 4040 1793 4090; x_wconf 86' lang='lat' dir='ltr'><strong>diei.</strong></span> <span class='ocrx_word' id='word_1_410' title='bbox 1858 4044 1993 4091; x_wconf 77' lang='lat' dir='ltr'><strong>Rem</strong></span> <span class='ocrx_word' id='word_1_411' title='bbox 2018 4056 2165 4103; x_wconf 83' lang='lat' dir='ltr'><strong>saepe</strong></span> <span class='ocrx_word' id='word_1_412' title='bbox 2194 4047 2285 4099; x_wconf 84' lang='lat' dir='ltr'><strong>est,</strong></span> 
     </span>
     <span class='ocr_line' id='line_1_46' title="bbox 204 4104 2286 4167; baseline 0 -14"><span class='ocrx_word' id='word_1_413' title='bbox 204 4104 571 4164; x_wconf 84' lang='lat' dir='ltr'><strong>sc.Volscorum,</strong></span> <span class='ocrx_word' id='word_1_414' title='bbox 584 4113 633 4155; x_wconf 76' lang='lat' dir='ltr'><strong>et</strong></span> <span class='ocrx_word' id='word_1_415' title='bbox 648 4112 825 4154; x_wconf 59' lang='lat' dir='ltr'><strong>carna.</strong></span> <span class='ocrx_word' id='word_1_416' title='bbox 878 4105 957 4152; x_wconf 84' lang='lat' dir='ltr'><strong>Ex</strong></span> <span class='ocrx_word' id='word_1_417' title='bbox 975 4104 1062 4152; x_wconf 92' lang='lat' dir='ltr'><strong>illo</strong></span> <span class='ocrx_word' id='word_1_418' title='bbox 1080 4105 1207 4153; x_wconf 89' lang='lat' dir='ltr'><strong>clivo</strong></span> <span class='ocrx_word' id='word_1_419' title='bbox 1306 4119 1419 4153; x_wconf 89' lang='lat' dir='ltr'><strong>uem</strong></span> <span class='ocrx_word' id='word_1_420' title='bbox 1468 4104 1674 4166; x_wconf 78' lang='lat' dir='ltr'><strong>Anglice</strong></span> <span class='ocrx_word' id='word_1_421' title='bbox 1729 4104 1936 4153; x_wconf 85' lang='lat' dir='ltr'><strong>dicimus</strong></span> <span class='ocrx_word' id='word_1_422' title='bbox 1977 4106 2286 4167; x_wconf 68' lang='lat' dir='ltr'><strong>responsible,</strong></span> 
     </span>
     <span class='ocr_line' id='line_1_47' title="bbox 208 4165 2137 4231; baseline -0.001 -14"><span class='ocrx_word' id='word_1_423' title='bbox 208 4170 447 4231; x_wconf 83' lang='lat' dir='ltr'><strong>pelluntur</strong></span> <span class='ocrx_word' id='word_1_424' title='bbox 470 4168 699 4217; x_wconf 86' lang='lat' dir='ltr'><strong>Romani.</strong></span> <span class='ocrx_word' id='word_1_425' title='bbox 737 4170 933 4231; x_wconf 76' lang='lat' dir='ltr'><strong>Supina</strong></span> <span class='ocrx_word' id='word_1_426' title='bbox 954 4170 1098 4219; x_wconf 74' lang='lat' dir='ltr'><strong>vallis</strong></span> <span class='ocrx_word' id='word_1_427' title='bbox 1119 4176 1210 4228; x_wconf 84' lang='lat' dir='ltr'><strong>est,</strong></span> <span class='ocrx_word' id='word_1_428' title='bbox 1328 4184 1466 4217; x_wconf 83' lang='lat' dir='ltr'><strong>raece</strong></span> <span class='ocrx_word' id='word_1_429' title='bbox 1488 4165 1751 4219; x_wconf 75' lang='grc' dir='ltr'><strong><em>ὑπεύθυνον.</em></strong></span> <span class='ocrx_word' id='word_1_430' title='bbox 1787 4170 1846 4217; x_wconf 81' lang='lat' dir='ltr'><strong>ef.</strong></span> <span class='ocrx_word' id='word_1_431' title='bbox 1869 4168 1977 4218; x_wconf 75' lang='lat' dir='ltr'><strong>infr.</strong></span> <span class='ocrx_word' id='word_1_432' title='bbox 2001 4168 2066 4217; x_wconf 85' lang='lat' dir='ltr'><strong>ix.</strong></span> <span class='ocrx_word' id='word_1_433' title='bbox 2089 4182 2137 4231; x_wconf 86' lang='lat'><strong>9.</strong></span> 
     </span>
     <span class='ocr_line' id='line_1_48' title="bbox 206 4231 2290 4294; baseline -0.001 -10"><span class='ocrx_word' id='word_1_434' title='bbox 206 4238 259 4284; x_wconf 80' lang='lat' dir='ltr'><strong>ut</strong></span> <span class='ocrx_word' id='word_1_435' title='bbox 292 4232 387 4281; x_wconf 85' lang='lat' dir='ltr'><strong>iam</strong></span> <span class='ocrx_word' id='word_1_436' title='bbox 429 4233 711 4283; x_wconf 82' lang='lat' dir='ltr'><strong>monuimus</strong></span> <span class='ocrx_word' id='word_1_437' title='bbox 738 4234 803 4283; x_wconf 81' lang='lat' dir='ltr'><strong>ad</strong></span> <span class='ocrx_word' id='word_1_438' title='bbox 835 4232 897 4282; x_wconf 88' lang='lat' dir='ltr'><strong>iv.</strong></span> <span class='ocrx_word' id='word_1_439' title='bbox 926 4231 1003 4294; x_wconf 88' lang='lat'><strong>46.</strong></span> <span class='ocrx_word' id='word_1_440' title='bbox 1035 4232 1212 4294; x_wconf 86' lang='lat' dir='ltr'><strong>quibus</strong></span> <span class='ocrx_word' id='word_1_441' title='bbox 1346 4248 1365 4281; x_wconf 83' lang='lat'>1</span> <span class='ocrx_word' id='word_1_442' title='bbox 1392 4235 1794 4293; x_wconf 73' lang='lat' dir='ltr'><strong>Instuctuantom</strong></span> <span class='ocrx_word' id='word_1_443' title='bbox 1815 4232 1992 4291; x_wconf 68' lang='grc' dir='ltr'><strong>σείσω]</strong></span> <span class='ocrx_word' id='word_1_444' title='bbox 2011 4232 2290 4291; x_wconf 70' lang='lat' dir='ltr'><strong>Interfluo-</strong></span> 
     </span>
     <span class='ocr_line' id='line_1_49' title="bbox 208 4294 2297 4367; baseline -0.002 -19"><span class='ocrx_word' id='word_1_445' title='bbox 208 4303 275 4348; x_wconf 77' lang='lat' dir='ltr'><strong>est</strong></span> <span class='ocrx_word' id='word_1_446' title='bbox 295 4312 323 4345; x_wconf 90' lang='lat' dir='ltr'><strong>a</strong></span> <span class='ocrx_word' id='word_1_447' title='bbox 342 4302 493 4359; x_wconf 77' lang='lat' dir='ltr'><strong>tergo,</strong></span> <span class='ocrx_word' id='word_1_448' title='bbox 512 4297 597 4358; x_wconf 86' lang='lat' dir='ltr'><strong>qui</strong></span> <span class='ocrx_word' id='word_1_449' title='bbox 631 4312 693 4347; x_wconf 87' lang='lat' dir='ltr'><strong>ex</strong></span> <span class='ocrx_word' id='word_1_450' title='bbox 726 4298 920 4347; x_wconf 82' lang='lat' dir='ltr'><strong>tumulo</strong></span> <span class='ocrx_word' id='word_1_451' title='bbox 949 4296 999 4347; x_wconf 85' lang='lat' dir='ltr'><strong>in</strong></span> <span class='ocrx_word' id='word_1_452' title='bbox 1034 4298 1211 4349; x_wconf 76' lang='lat' dir='ltr'><strong>vallem</strong></span> <span class='ocrx_word' id='word_1_453' title='bbox 1276 4302 1495 4367; x_wconf 61' lang='lat' dir='ltr'><strong>{namara</strong></span> <span class='ocrx_word' id='word_1_454' title='bbox 1515 4297 1667 4345; x_wconf 74' lang='lat' dir='ltr'><strong>aciem</strong></span> <span class='ocrx_word' id='word_1_455' title='bbox 1690 4294 1924 4353; x_wconf 66' lang='lat' dir='ltr'><strong>Gronov„</strong></span> <span class='ocrx_word' id='word_1_456' title='bbox 1945 4311 2009 4343; x_wconf 89' lang='lat' dir='ltr'><strong>se.</strong></span> <span class='ocrx_word' id='word_1_457' title='bbox 2031 4294 2150 4343; x_wconf 88' lang='lat' dir='ltr'><strong>dum</strong></span> <span class='ocrx_word' id='word_1_458' title='bbox 2175 4296 2297 4349; x_wconf 83' lang='lat' dir='ltr'><strong>flue-</strong></span> 
     </span>
     <span class='ocr_line' id='line_1_50' title="bbox 209 4357 2296 4423; baseline 0 -15"><span class='ocrx_word' id='word_1_459' title='bbox 209 4362 519 4417; x_wconf 77' lang='lat' dir='ltr'><strong>retrocedunt.</strong></span> <span class='ocrx_word' id='word_1_460' title='bbox 554 4362 717 4411; x_wconf 64' lang='lat' dir='ltr'><strong>Cam.</strong></span> <span class='ocrx_word' id='word_1_461' title='bbox 1280 4365 1387 4407; x_wconf 85' lang='lat' dir='ltr'><strong>tuat</strong></span> <span class='ocrx_word' id='word_1_462' title='bbox 1419 4373 1548 4407; x_wconf 76' lang='lat' dir='ltr'><strong>acies</strong></span> <span class='ocrx_word' id='word_1_463' title='bbox 1583 4357 1828 4421; x_wconf 72' lang='lat' dir='ltr'><strong>Romana,</strong></span> <span class='ocrx_word' id='word_1_464' title='bbox 1861 4372 2012 4419; x_wconf 81' lang='lat' dir='ltr'><strong>equos</strong></span> <span class='ocrx_word' id='word_1_465' title='bbox 2042 4359 2296 4423; x_wconf 79' lang='lat' dir='ltr'><strong>calonibus</strong></span> 
     </span>
    </p>
   </div>
   <div class='ocr_carea' id='block_1_7' title="bbox 2301 773 2548 821">
    <p class='ocr_par' dir='ltr' id='par_1_8' title="bbox 2301 773 2548 821">
     <span class='ocr_line' id='line_1_51' title="bbox 2301 773 2548 821; baseline 0 0"><span class='ocrx_word' id='word_1_466' title='bbox 2301 773 2548 821; x_wconf 57' lang='lat' dir='ltr'>PMPW‘·</span> 
     </span>
    </p>
   </div>
  </div>
 </body>
</html>
