3000 4784
816 230 1010 301 LIB.
1057 230 1176 301 IV.
1239 230 1464 302 CAP.
1510 238 1618 343 46.
2142 237 2265 305 271

139 371 320 437 inito
364 369 764 459 magistratu,
803 370 1000 458 legati
1039 371 1118 437 ab
1157 369 1442 437 Tusculo
1483 380 1821 449 venerunt,
1858 368 1937 435 L.
1974 368 2057 436 Se
2134 370 2267 436 ‘um
2288 382 2357 433 U.
2378 379 2439 435 c.
2464 392 2576 443 337·

141 457 564 535 Fidenatem,
595 456 694 522 M.
716 458 1046 545 Papirium
1077 456 1531 545 Mugillanum,
1566 456 1645 523 C.
1676 454 2033 535 Servilium,
2122 458 2267 523 risci
2286 448 2347 559 ἑ·
2371 446 2443 559 ξ·
2464 457 2581 519 ⁴3⁵·

141 545 390 621 filium,
467 566 556 609 uo
583 544 892 609 dictatore
925 542 1206 609 Fidenae
1253 558 1474 630 captae
1504 544 1775 609 fuerant.
1866 542 2271 609 Nuntiabant
2290 524 2543 624 11'1.⁹0tr⁸o¹.⁰

143 631 376 717 legati,
509 631 769 696 vicanos
795 652 970 695 arma
997 630 1260 718 cepisse,
1291 643 1360 695 et
1396 652 1545 694 cum
1576 628 1679 694 Ae
1726 651 1955 695 uorum
1984 631 2269 697 exercitu
2288 638 2373 687 Tr·
2394 636 2505 687 Mil-

95 730 130 777 3
149 716 590 804 depopulatos
617 738 840 819 agrum
883 716 1322 781 Tusculanum
1349 729 1557 781 castra
1582 716 1653 780 in
1778 716 1933 804 gido
1968 718 2267 803 posuisse.
2290 702 2573 815 ffiuffivi-

151 804 340 869 Tum
373 802 714 868 Lavicams
734 802 974 868 bellum
997 802 1340 867 indictum:
1385 802 1683 890 factoque
1706 804 2271 883 senatusconsulto,
2290 827 2427 879 mnis
2448 834 2499 877 et

149 904 234 954 ut
283 890 422 955 duo
471 912 554 954 ex
605 889 880 955 tribunis
929 889 1013 954 ad
1062 889 1302 954 bellum
1347 889 1915 975 proficiscerentur,
1962 912 2129 955 unus
2172 912 2275 956 res
2292 892 2491 957 Aequis.

154 976 424 1041 Romae
473 990 741 1053 curaret,
787 988 1111 1041 certamen
1155 975 1364 1041 subito
1407 976 1577 1040 inter
1620 975 1907 1041 tribunos
1957 990 2271 1042 exortum.

101 1090 138 1131 4
160 1063 250 1128 Se
285 1062 563 1162 quisque
605 1062 756 1127 belli
787 1063 1020 1128 ducem
1046 1060 1360 1149 potiorem
1387 1061 1575 1139 ferre,
1606 1084 1822 1127 curam
1851 1062 2043 1141 urbis,
2073 1075 2148 1128 ut
2176 1064 2277 1127 in·-

153 1164 416 1249 gratam
463 1149 960 1235 ignobilemque,
1003 1146 1342 1235 aspernari.
1437 1147 1661 1222 Quum
1703 1170 1929 1235 parum
1972 1149 2275 1215 decorum

157 1250 343 1300 mter
373 1234 646 1321 collegas
675 1247 1000 1300 certamen
1030 1233 1392 1299 mirabundi
1427 1233 1653 1298 Patres
1691 1235 2151 1335 conspicerent,
2188 1236 2273 1310 Q,

161 1322 498 1398 Servilius,
531 1330 550 1359 ‘
572 1320 852 1396 Quando
873 1344 996 1386 nec
1025 1320 1266 1385 ordinis
1293 1319 1484 1385 huius
1514 1319 1681 1398 ulla,’
1702 1320 1933 1406 inquit,
1966 1329 1987 1360 ‘
2004 1344 2124 1386 nec
2153 1322 2279 1387 rei·
2298 1336 2556 1389 Discordia

161 1418 183 1447 ‘
206 1407 514 1509 publicae
572 1420 670 1472 est
725 1407 1129 1484 verecundia,
1188 1406 1395 1494 patria
1451 1406 1745 1471 maiestas
1802 1406 2277 1473 altercationem
2294 1402 2379 1453 Tr.
2404 1404 2517 1455 Mil.

163 1504 186 1533 ‘
203 1508 404 1559 istam
451 1494 727 1559 dirimet.
819 1492 1019 1559 Filius
1065 1516 1246 1558 meus
1287 1506 1470 1558 extra
1512 1507 1747 1558 sortem
1790 1494 1935 1558 urbi
1980 1496 2273 1581 praeerit.

161 1592 184 1621 ‘
210 1580 481 1646 Bellum
499 1580 766 1657 utinam,
787 1580 900 1667 qui
922 1593 1252 1668 appetunt,
1271 1580 1729 1645 consideratius
1750 1580 2275 1669 concordiusque,

165 1676 189 1707 ‘
207 1689 414 1755 quam
465 1667 752 1754 cupiunt,
796 1667 1063 1754 gerant?
1149 1665 1494 1731 Delectum
1546 1666 1769 1731 haberi
1814 1689 1949 1732 non
2006 1685 2089 1733 ex
2140 1680 2277 1733 toto
2400 1670 2506 1733 46.

161 1754 410 1842 passim
451 1753 690 1840 populo
729 1752 988 1840 placuit.
1080 1752 1328 1817 Decem
1372 1752 1573 1817 tribus
1614 1768 1782 1819 sorte
1816 1752 2047 1819 ductae
2086 1768 2274 1832 sunt3

165 1864 258 1905 ex
315 1840 422 1904 his
479 1839 742 1927 scriptos
793 1839 1072 1905 iuniores
1117 1838 1249 1905 duo
1301 1838 1543 1904 tribuni
1595 1839 1678 1904 ad
1722 1840 1963 1907 bellum
2013 1840 2273 1907 duxere.

171 1928 440 2027 Coepta
476 1926 644 1990 inter
677 1948 786 1991 eos
816 1928 888 1990 in
923 1926 1080 1991 urbe
1120 1925 1468 1990 certamina
1510 1926 1857 2013 cupiditate
1898 1928 2123 1993 eadem
2158 1929 2279 1993 im·

166 2015 342 2115 perii
401 2012 608 2077 multo
664 2012 1014 2100 impensius
1060 2012 1128 2076 in
1181 2012 1399 2077 castris
1457 2012 1761 2077 accendi:
1824 2014 1987 2077 nihil
2044 2016 2279 2081 sentire

167 2101 374 2177 idern,
399 2121 516 2185 pro
543 2099 860 2164 sententia
876 2121 1198 2186 pugnare:
1247 2120 1362 2163 sua
1387 2098 1653 2163 consilia
1667 2098 1851 2176 velle,
1876 2122 1993 2165 sua
2014 2100 2282 2188 imperia

171 2186 312 2251 sola
339 2199 478 2249 rata
515 2208 687 2250 esse:
735 2199 1144 2250 contemnere
1180 2186 1250 2248 in
1278 2185 1505 2262 vicem,
1538 2197 1605 2249 et
1642 2187 2003 2251 contemni:
2050 2187 2276 2261 donec,

127 2288 156 2336 5
173 2272 636 2359 castigantibus
663 2272 908 2359 legatis,
928 2272 1190 2337 tandem
1207 2271 1298 2336 ita
1325 2283 1759 2358 comparatum
1788 2285 1905 2349 est,
1929 2286 2001 2337 ut
2022 2272 2281 2337 alternis

175 2360 408 2424 diebus
465 2380 774 2423 summam
831 2358 1082 2445 imperii
1141 2357 1466 2423 haberent.
1592 2357 1777 2433 Quae
1836 2381 2037 2445 quum
2096 2358 2285 2424 allata

179 2446 464 2509 Romam
501 2457 735 2522 essent,
776 2443 1012 2509 dicitur
1053 2443 1136 2519 Q„
1174 2442 1494 2521 Servilius,
1534 2456 1739 2508 aetate
1778 2458 1845 2509 et
1884 2468 2005 2510 usu
2038 2446 2281 2523 doctus,

227 2542 482 2595 recatus
537 2531 617 2595 ab
675 2530 798 2595 diis
855 2530 1336 2609 immortalibuS,
1388 2552 1471 2594 ne
1519 2528 1835 2595 discordia
1885 2531 2279 2595 tribunorum

227 2616 550 2681 amnosior
595 2617 688 2681 rei
734 2617 981 2682 ublicae
1033 2630 1216 2695 esset,
1269 2612 1464 2704 quam
1511 2616 1595 2681 ad
1637 2615 1833 2681 Veios
1874 2617 2131 2681 fuisset:
2195 2632 2283 2697 et,

179 2704 362 2769 velut
387 2702 564 2767 haud
593 2703 684 2767 du
725 2704 788 2767 ia
815 2703 996 2769 clade
1025 2702 1424 2781 imminente,
1447 2703 1747 2767 institisse
1779 2702 1931 2779 filio,
1950 2717 2025 2769 ut
2052 2703 2284 2769 milites

179 2791 507 2867 scriberet,
553 2803 620 2854 et
669 2812 844 2854 anna
884 2802 1149 2878 pararet.
1243 2788 1388 2854 Nec
1430 2790 1621 2875 falsus
1661 2803 1835 2855 vates
1876 2790 2015 2855 fuit.
2110 2790 2283 2855 Nam

183 2877 389 2941 ductu
435 2875 512 2940 L.
550 2875 774 2976 Sergii,
820 2876 1000 2941 cuius
1045 2876 1182 2941 dies
1225 2875 1476 2977 imperii
1520 2891 1673 2955 erat,
1714 2875 1857 2941 loco
1896 2877 2119 2965 iniquo
2164 2880 2283 2943 sub

181 2963 468 3027 hostium
519 2974 756 3040 castus,
806 2986 1025 3051 quum,
1074 2962 1228 3050 quia
1285 2962 1579 3028 simulato
1624 2976 1799 3028 metu
1845 2977 2171 3052 receperat
2214 2988 2279 3029 se

181 3048 386 3113 hostis
425 3046 509 3113 ad
536 3048 794 3126 vallum,
825 3072 969 3137 spes
997 3071 1162 3113 vana
1190 3049 1603 3136 expugnandi
1633 3064 1835 3115 castra
1863 3073 1941 3117 eo
1972 3052 2279 3128 traxisset,

133 3148 166 3199 6
182 3134 525 3223 repentino
551 3135 798 3222 impetu
829 3143 1206 3223 Aequorum
1235 3157 1352 3221 per
1379 3136 1673 3222 supinam
1700 3137 1929 3203 vallem
1957 3138 2081 3201 fusi
2110 3150 2279 3215 sunt,

181 3220 502 3308 multique
521 3222 590 3285 in
620 3222 804 3286 ruina
821 3222 1056 3286 maiore
1077 3243 1272 3309 quam
1292 3220 1444 3309 fuga
1464 3222 1744 3309 oppressi
1762 3224 2275 3325 obtruncatique:
2299 3239 2495 3289 Proelia
2508 3237 2611 3287 vin·

182 3320 540 3395 castraque,
563 3331 640 3373 eo
669 3308 774 3373 die
805 3331 990 3396 aegre
1014 3321 1280 3384 retenta,
1305 3320 1557 3395 postero
1586 3307 1711 3385 die,
1736 3308 2127 3373 circumfusis
2156 3332 2281 3374 iam
2300 3310 2491 3355 cuntur.

183 3416 420 3481 magna
456 3415 540 3458 ex
582 3410 759 3483 parte
805 3394 1106 3471 hostibus,
1152 3416 1270 3482 per
1311 3415 1593 3458 aversam
1628 3406 1875 3481 portam
1918 3394 2071 3482 fuga
2113 3396 2283 3497 turpi

185 3481 582 3546 deseruntur.
674 3480 892 3546 Duces
931 3480 1271 3568 legatique,
1304 3491 1370 3545 et
1410 3479 1588 3567 quod
1628 3480 1795 3545 circa
1826 3480 2007 3581 signa
2043 3482 2284 3547 roboris

185 3568 270 3633 de
314 3568 602 3633 exercitu
641 3566 781 3645 fuit,
821 3566 1174 3633 Tusculum
1209 3566 1467 3653 petiere.
1560 3565 1768 3631 Palati
1808 3566 1915 3631 alii
1948 3590 2065 3655 per
2103 3590 2285 3657 agros

185 3654 420 3741 passim
449 3653 664 3719 multis
697 3654 1052 3731 itineribus,
1083 3652 1354 3730 maioris,
1433 3674 1581 3717 uam
1611 3666 1871 3741 accepta
1902 3668 2055 3732 erat,
2086 3654 2285 3722 cladis

187 3740 400 3805 nuntii
461 3738 734 3805 Romam
794 3741 1279 3806 contenderunt.
1450 3738 1597 3803 inus
1656 3739 2093 3828 trepidationis
2138 3743 2281 3823 suit,

190 3826 364 3913 quod
401 3841 667 3893 eventus
703 3827 914 3893 timori
949 3826 1281 3893 hominum
1321 3848 1678 3914 congruens
1712 3827 1954 3907 fuerat3
2002 3842 2069 3895 et
2108 3832 2285 3919 quod

257 4004 284 4052 3
316 3990 518 4051 Alyido]
569 3988 766 4039 Ultima
797 3986 891 4037 hac
915 3988 1020 4037 vice
1041 3986 1204 4051 Aequi
1266 4002 1350 4037 eos
1372 3994 1519 4051 pacto
1542 3989 1863 4039 constitutum
1886 3996 1978 4051 est,
1995 3998 2053 4039 ut
2071 4008 2203 4055 supr.
2218 3992 2283 4042 iii.

193 4060 347 4103 casn-a
369 4053 420 4101 in
443 4053 620 4116 Algido
644 4058 924 4115 posuerunt.
1268 4067 1345 4113 41.
1368 4054 1625 4103 decemviri
1648 4056 1779 4104 inter
1798 4071 1851 4104 se
1870 4071 1971 4104 oom
2216 4089 2231 4103 .

255 4136 288 4178 4
311 4120 555 4167 Poe-‘orem
570 4120 740 4179 serre]
775 4132 841 4166 sc.
864 4118 1110 4167 potiorem
1131 4118 1205 4165 iu·-
1340 4116 1372 4165 6
1411 4119 1517 4167 Per
1552 4120 1783 4181 supinam
1821 4120 2023 4177 vallem]
2091 4121 2287 4180 Supina

191 4184 446 4241 dicar-emt
461 4180 581 4229 Tac.
599 4182 661 4230 de
675 4182 844 4230 Germ.
898 4196 938 4229 1.
956 4181 1048 4230 nisi
1061 4196 1205 4243 prae-
1267 4182 1414 4230 vallis
1445 4187 1522 4230 est
1554 4183 1731 4243 quibus
1762 4187 1837 4231 est
1869 4198 1902 4230 a
1932 4189 2084 4244 tergo,
2106 4182 2191 4241 qui
2222 4196 2285 4229 ex

191 4248 364 4295 didas-e
393 4245 555 4305 malis,
587 4250 644 4294 ut
677 4245 812 4295 Veu.
890 4252 1040 4294 aterc.
1065 4246 1098 4294 i.
1131 4259 1152 4293 1
1165 4258 1204 4294 1.
1271 4243 1398 4293 colle
1431 4244 1482 4293 in
1520 4246 1697 4295 vallem
1732 4246 2059 4303 retrocedunt,
2082 4244 2205 4291 facie
2234 4242 2286 4293 in

195 4310 308 4359 Val.
332 4309 470 4359 Max.
491 4308 558 4358 ix.
589 4322 662 4371 15.
1268 4309 1527 4358 adversum
1562 4310 1739 4359 collem
1768 4308 1973 4366 directa,-
1990 4322 2049 4356 ac
2083 4306 2287 4368 proinde

258 4388 286 4435 5
320 4376 402 4422 Ita
437 4380 768 4435 comparatum
805 4372 901 4431 est]
961 4372 1044 4421 Its»¹
1079 4372 1208 4421 inter
1269 4373 1446 4435 supino
1461 4388 1683 4436 corpore.
1718 4374 1881 4422 Cam.
