3000 4784
907 204 1095 270 LIB.
1155 204 1206 270 L
1269 205 1488 271 CAP.
1546 209 1648 274 47.
2233 209 2313 270 55

230 338 406 404 Tum
439 361 594 403 vero
622 339 690 402 in
726 338 862 402 dies
897 339 1182 404 infestior
1217 339 1419 404 Tullii
1447 354 1755 416 senectus,
1787 340 2071 404 infestius
2108 340 2319 440 coepit

2434 355 2540 414 47.

227 447 504 513 regnum
522 448 674 490 esse.
766 424 904 490 Iam
921 427 1094 490 enim
1123 427 1202 490 ab
1219 427 1452 490 scelere
1483 426 1567 490 ad
1595 425 1769 490 aliud
1787 440 2067 513 spectare
2087 426 2317 490 muher
2334 437 2569 512 inolenta

229 513 474 578 scelus:
521 534 642 576 nec
671 525 878 589 nocte,
902 535 1024 576 nec
1039 512 1322 576 interdiu
1348 512 1555 576 virum
1583 536 1703 577 con
1750 513 2201 663 uiesceregmi,
2232 534 2314 576 ne
2331 517 2435 550 ‘³¹¹¹'
2457 515 2566 547 ⁰⁰¹¹·

228 600 514 686 gratuita
553 598 890 685 praeterita
931 598 1266 686 parricidia
1303 615 1531 663 essent.
1623 607 1642 636 ‘
1734 622 1819 663 on
1862 599 1980 663 sibi

231 696 254 723 ‘
273 687 380 750 cui
408 699 612 772 nupta
639 685 972 762 diceretur,
997 708 1117 749 nec
1144 708 1292 750 cum
1315 709 1444 772 quo
1474 686 1665 750 tacita
1684 685 1976 750 serviret:
2024 685 2316 762 defuisse,

319 773 391 836 ui
433 793 502 836 se
547 794 746 858 regno
789 772 1056 922 djffium
1099 785 1385 859 putaret:
1448 773 1562 859 qui
1607 772 2016 848 meminisset,
2068 795 2135 836 se
2183 795 2319 836 esse

272 796 479 924 {fisci
502 858 836 958 Tarquinii
928 859 1086 935 'um;
1133 858 1244 944 qui
1273 857 1525 936 habere,
1550 881 1743 944 quam
1764 881 1791 918 s
1874 881 2031 936 rare,
2054 881 2319 945 regnum

233 955 256 984 ‘
273 945 510 1010 mallet.
605 944 673 1009 S1
705 957 776 1008 tu
802 945 856 1008 is
885 967 972 1022 οε,
1003 946 1108 1010 cui
1127 958 1394 1030 nuptam
1423 968 1557 1010 esse
1585 968 1687 1009 me
1718 968 1787 1010 ar
1829 945 2000 1023 itror,
2030 958 2097 1010 et
2115 946 2321 1010 virum

234 1041 256 1069 ‘
274 1046 345 1096 et
365 1054 581 1118 regem
603 1030 888 1118 appello:
935 1032 1034 1095 sin
1064 1032 1290 1108 minuS,
1315 1055 1392 1096 eo
1413 1054 1587 1095 nunc
1608 1030 1791 1118 peius
1819 1045 2061 1096 mutata
2076 1047 2171 1096 est
2200 1055 2318 1108 ree,

183 1107 256 1207 ξ’
275 1119 454 1206 quod
509 1119 650 1182 istic
707 1140 854 1182 cum
911 1118 1160 1205 ignavia
1216 1132 1312 1182 est
1367 1118 1586 1183 scelus.
1700 1116 1879 1191 Quin
1936 1119 2279 1218 accingeris
2292 1119 2323 1181 ?

237 1214 258 1242 ‘
279 1205 434 1270 Non
489 1205 604 1269 tibi
646 1205 724 1269 ab
774 1203 1103 1281 Corintho,
1149 1227 1270 1269 nec
1321 1205 1399 1269 ab
1444 1203 1577 1269 Tar
1620 1204 1829 1280 uiniis,
1871 1217 1944 1268 ut
1984 1217 2147 1292 patri
2190 1219 2321 1280 tun,

236 1301 258 1328 ‘
275 1292 614 1380 peregrina
643 1313 840 1378 regna
866 1291 1073 1354 moliri
1101 1313 1356 1354 necesse
1380 1303 1491 1354 est.
1653 1291 1699 1353 ii
1728 1303 1793 1353 te
1822 1302 2083 1376 penates
2110 1291 2324 1376 patrii-

239 1387 260 1416 ‘
278 1401 428 1465 que,
465 1391 532 1442 et
570 1377 764 1465 patris
802 1377 1029 1465 imago,
1072 1390 1138 1441 et
1179 1376 1404 1440 domus
1447 1376 1639 1463 regia,
1676 1388 1743 1439 et
1780 1375 1848 1439 in
1892 1375 2083 1440 domo
2116 1375 2323 1462 regale

238 1474 260 1502 ‘
277 1465 528 1541 solium,
587 1476 654 1529 et
721 1486 954 1528 nomen
1015 1463 1434 1550 Tarquinium
1494 1476 1667 1527 creat
1723 1473 2030 1548 vocatque
2089 1484 2321 1548 regem.

189 1579 218 1626 7
238 1560 260 1589 ‘
278 1554 422 1616 Aut
449 1551 504 1614 si
531 1551 614 1615 ad
642 1552 798 1614 haec
827 1573 1050 1636 parum
1077 1563 1174 1615 est
1200 1549 1414 1626 animi,
1445 1550 1604 1635 quid
1630 1548 1943 1612 frustraris
1971 1548 2327 1613 civitatem?

240 1647 262 1676 ‘
323 1637 440 1702 uid
485 1649 546 1701 te
583 1649 656 1701 ut
693 1636 939 1722 regium
973 1637 1267 1700 iuvenem
1310 1635 1589 1722 conspici
1633 1635 1828 1698 sinis?
1872 1633 2131 1698 Facesse
2176 1634 2327 1698 hinc

240 1733 262 1762 ‘
279 1661 682 1823 Tarquinios,
714 1735 826 1786 aut
858 1721 1256 1787 Corinthum.
1348 1721 1703 1786 Devolvere
1732 1733 1901 1786 retro
1928 1720 2011 1784 ad
2048 1721 2326 1821 stirpem,

240 1820 261 1849 ‘
277 1811 458 1874 fiatri
485 1809 765 1885 similior,
789 1831 980 1895 quam
1007 1809 1209 1895 patri?
1297 1807 1420 1872 His
1449 1808 1711 1894 aliisque
1740 1807 2126 1894 increpando
2155 1830 2329 1871 iuve-

237 1920 394 1962 nem
421 1896 695 1982 instigat,
727 1918 846 1959 nec
875 1895 1318 1980 conquiescere
1349 1895 1484 1980 ipsa
1596 1907 1741 1958 test:
1790 1895 1861 1969 si,
1886 1916 2082 1979 quum
2116 1893 2327 1958 Tana-

289 1982 402 2060 uil,
445 1982 779 2070 peregrina
820 1980 1065 2058 mulier,
1107 1993 1352 2044 tantum
1397 1917 1600 2045 moisi-'i
1646 1981 1951 2066 potuisset
1988 1980 2218 2057 animo,
2254 1993 2327 2044 ut

241 2008 376 2134 duo
434 2069 736 2132 continua
791 2090 987 2154 regna
1041 2067 1194 2143 viro,
1242 2089 1314 2131 ac
1360 2067 1661 2153 deinceps
1706 2089 1959 2153 genem,
2008 2065 2323 2142 dedisset3

242 2157 402 2242 ipsa,
435 2154 611 2241 regio
649 2154 888 2218 semiue
925 2167 1080 2230 orta,
1111 2152 1361 2243 nullum
1397 2166 1791 2217 momentum
1828 2153 1895 2216 in
1939 2152 2153 2216 dando
2191 2152 2328 2217 adi-

243 2241 608 2327 mendoque
637 2263 834 2340 regno
863 2239 1112 2304 faceret.
1205 2238 1330 2303 His
1357 2239 1768 2304 muliebribus
1797 2239 2130 2302 instinctus
2150 2239 2329 2303 furiis

195 2347 227 2393 8
245 2327 635 2412 Tarquinius
671 2326 1000 2391 circumire
1035 2339 1102 2390 et
1141 2348 1454 2412 prensare,
1502 2326 1817 2389 minorum
1857 2325 2128 2390 maxime
2172 2347 2328 2412 gen-

246 2415 430 2490 tium,
497 2413 754 2489 Patres3
829 2412 1168 2476 admonere
1281 2412 1484 2476 aterni
1552 2412 1865 2488 beneficii,
1926 2434 1999 2474 ac
2064 2434 2181 2498 pro
2250 2435 2329 2476 eo

242 2500 514 2586 gratiam
557 2522 626 2563 re
709 2513 882 2576 tere;
928 2498 1176 2563 allicere
1275 2498 1414 2562 onis
1459 2499 1754 2562 iuvenes:
1812 2511 1947 2560 tum
1990 2497 2071 2561 de
2116 2520 2183 2560 se
2230 2497 2329 2561 in-

245 2586 466 2672 gentia
522 2585 626 2672 pol
655 2585 898 2662 'cendo,
960 2599 1098 2650 tum
1155 2585 1320 2670 regis
1388 2583 1759 2647 criminibus
1825 2583 2118 2646 omnibus
2174 2583 2328 2647 locis

234 781 256 810 G

233 868 256 897 G

2068 598 2314 675 ‘dhisse'
2331 565 2453 614 silia-

247 2695 548 2737 crescere.
637 2672 984 2747 Postrem0,
1015 2681 1090 2734 ut
1111 2670 1236 2734 iam
1266 2668 1550 2756 agendae
1578 2669 1670 2733 rei
1702 2683 1951 2754 tempus
1980 2669 2185 2734 visum
2214 2683 2326 2747 est,
2349 2682 2405 2731 L.
2430 2682 2629 2744 Tarqui-

245 2760 514 2846 stipatus
535 2758 785 2846 agmine
808 2769 1208 2834 armatorum,
1231 2757 1298 2819 in
1316 2756 1525 2820 forum
1546 2754 1797 2842 irrupit:
1846 2755 2016 2833 inde,
2040 2755 2331 2820 omuibus

247 2845 552 2932 perculsis
589 2867 840 2933 pavore,
871 2845 940 2908 in
974 2844 1148 2931 regia
1174 2843 1322 2908 sede
1357 2835 1474 2930 pro
1514 2841 1691 2906 curia
1726 2841 1971 2918 sedens,
2002 2842 2223 2906 Patres
2261 2843 2330 2906 in
2348 2875 2435 2923 dit.

247 2933 491 2996 curiam
519 2954 636 3017 per
674 2953 1047 3017 praeconem
1088 2930 1168 2994 ad
1197 2951 1415 3016 regem
1459 2928 1879 3014 Tarquinium
1920 2929 2097 2993 citari
2132 2929 2327 2994 iussit.

253 3017 632 3083 Convenere
669 3016 1010 3104 extemp10,
1043 3016 1148 3079 alii
1184 3016 1311 3080 iam
1345 3029 1492 3080 ante
1537 3015 1619 3078 ad
1657 3014 1780 3080 hoc
1823 3017 2194 3102 praeparati,
2226 3015 2334 3080 alii

249 3118 450 3181 metu,
499 3126 580 3167 ne
628 3126 760 3166 nou
805 3104 1049 3167 venisse
1095 3103 1302 3166 fraudi
1352 3114 1535 3178 esset,
1580 3102 1859 3165 novitate
1907 3125 1979 3165 ac
2032 3101 2333 3166 miraculo

251 3190 526 3266 attoniti,
579 3205 646 3254 et
695 3189 820 3253 iam
870 3189 952 3253 de
1001 3188 1219 3253 Servio
1269 3201 1482 3252 actum
1542 3189 1676 3251 rati.
1769 3185 1870 3250 Ibi
1927 3188 2331 3273 Tarquinius,

251 3276 592 3340 maledicta
618 3278 697 3340 ab
719 3277 912 3361 stirpe
934 3275 1160 3338 ultima
1174 3297 1378 3349 orsus3
1427 3283 1446 3310 ‘
1461 3272 1745 3349 Servum,
1768 3295 2071 3359 servaque
2093 3286 2333 3351 natum,

256 3372 276 3401 ‘
292 3374 439 3449 post
482 3377 752 3426 mortem
794 3361 1124 3448 indignam
1174 3360 1450 3460 parentis
1502 3359 1619 3436 sui,
1663 3382 1795 3423 non
1838 3359 2071 3424 interre
2160 3383 2219 3438 ο,
2264 3373 2337 3424 ut

256 3459 500 3525 ‘antea,
555 3449 734 3524 inito,
792 3471 924 3512 non
979 3447 1252 3511 comitiis
1306 3446 1556 3522 habitis,
1615 3468 1745 3510 non
1801 3468 1918 3532 per
1972 3469 2047 3510 su
2205 3447 2337 3510 ‘um

256 3545 276 3574 ‘
293 3535 535 3622 populi,
579 3557 711 3598 non
754 3535 1112 3598 auctoribus
1157 3534 1464 3609 PatribuS,
1512 3532 1804 3596 muliebri
1855 3532 2025 3596 dono
2071 3555 2337 3619 regnum

258 3632 277 3661 ‘
293 3643 650 3709 occupasse.
741 3619 842 3684 Ita
883 3632 1123 3695 natum,
1165 3621 1254 3683 ita
1296 3631 1577 3683 creatum
1611 3641 1845 3704 regem,
1888 3618 2197 3682 fautorem
2240 3620 2339 3683 in-

257 3717 278 3747 ‘
293 3708 432 3771 fimi
459 3707 710 3794 generis
736 3707 1086 3784 hominum,
1118 3729 1200 3770 ex
1230 3728 1358 3792 quo
1388 3705 1521 3792 ipse
1552 3705 1652 3782 sit,
1684 3703 1832 3768 odio
1862 3704 2085 3768 alienae
2113 3704 2341 3770 hones-

319 3907 351 3955 5
385 3894 530 3952 Istic]
579 3893 642 3941 In
664 3898 728 3942 tc.
795 3893 1070 3940 Pronomen
1093 3895 1198 3950 iste,
1219 3897 1269 3940 et
1400 3904 1425 3952 7
1459 3892 1665 3952 Reyn'um
1686 3890 1934 3948 iuvenem]
1962 3890 2161 3936 Annum
2176 3894 2343 3938 tamen

255 3973 578 4019 quaecunque
600 3957 836 4004 vocabula
865 3958 930 4004 ab
955 3972 1014 4004 eo
1039 3956 1268 4018 originem
1334 3954 1430 4003 iam
1455 3955 1859 4017 septuagesimum
1890 3959 2131 4014 agentem,
2153 3952 2193 4001 si
2221 3953 2344 4001 ratio

255 4023 464 4080 ducunt,
495 4020 758 4082 respiciunt
789 4036 934 4083 saepe
977 4036 1085 4068 eam
1123 4035 1270 4080 quam
1336 4018 1541 4068 Liviana
1559 4019 1861 4067 adhibeatur.
1885 4032 2013 4078 supr.
2036 4015 2113 4077 46.

258 4083 583 4134 Grammatici
615 4091 788 4132 vocant
819 4086 1078 4132 secundam
1113 4099 1270 4146 perso-
1400 4085 1430 4130 8
1464 4085 1717 4132 Minor-um
1749 4083 1955 4130 maxime
1982 4082 2218 4141 acutium,
2244 4081 2343 4126 Pa-

258 4165 390 4198 nam.
425 4150 588 4197 Cnnv.
631 4149 693 4196 cf.
720 4148 981 4197 Facciolat.
1006 4149 1126 4197 Lex.
1337 4149 1458 4206 tres]
1486 4146 1608 4204 Qui,
1638 4161 1669 4193 a
1699 4144 1963 4206 Tarquinio
1996 4145 2159 4191 Prisco
2191 4143 2241 4189 in
2274 4159 2343 4190 se-

323 4213 356 4262 6
389 4214 550 4272 Quin]
597 4227 663 4260 sc.
700 4213 802 4268 Qui
834 4227 950 4272 non,
983 4219 1040 4260 ut
1075 4213 1124 4260 in
1165 4213 1272 4261 MS.
1337 4217 1507 4258 natum
1540 4211 1605 4258 ad
1638 4209 1771 4268 lecti,
1790 4209 1921 4256 haud
1952 4207 2097 4255 dubie
2132 4205 2347 4266 partibus

263 4278 402 4326 Leid.
428 4293 472 4325 2.
497 4275 685 4339 legitur.
751 4277 954 4338 Saepius
981 4277 1102 4325 haec
1125 4277 1278 4324 forma
1341 4274 1715 4336 Tarquiniorum
1774 4273 2017 4320 favebant.
2079 4283 2207 4328 supr.
2270 4285 2345 4332 35.

261 4340 494 4404 loquendi
517 4357 596 4402 ap.
619 4341 722 4389 Liv.
741 4339 960 4388 occurrit.
1344 4339 1550 4386 Niebhr.
1566 4337 1597 4387 i.
1616 4353 1666 4399 p.
1686 4348 1792 4399 372.

2347 2747 2455 2794 nius
2475 2761 2577 2820 reg-

2348 2827 2466 2858 num
2488 2825 2618 2858 inra-
