3000 4784
800 234 991 303 LIB.
1050 233 1137 299 II.
1211 234 1431 299 CAP.
1489 238 1593 301 47.
2121 238 2241 299 125

151 372 422 458 legiones
473 370 859 435 detrectant.
951 370 1161 457 Prope
1220 380 1393 433 certa
1448 392 1592 456 spes
1648 382 1802 446 erat,
1855 390 1986 434 non
2046 369 2244 456 magis
2265 392 2330 441 U.
2353 392 2413 442 c,
2439 404 2550 455 274·

150 481 353 521 secum
396 470 817 558 pugnaturos,
847 479 1039 544 quam
1079 456 1499 543 pugnaverint
1537 479 1686 521 cum
1714 456 1996 544 Aequis=
2044 458 2246 520 maius
2261 458 2323 507 A·
2357 458 2416 507 C·
2439 458 2552 518 478·

118 568 233 631 .qu
316 568 398 609 ue
428 544 721 631 ahquod,
743 544 814 608 in
836 557 965 608 tam
994 543 1249 608 irritatis
1270 542 1495 607 mimis
1518 556 1586 608 et
1606 544 1931 609 occasione
1961 542 2244 630 ancipiti,
2367 524 2474 593 46·

152 568 315 695 baffi
348 631 828 719 desperandum
858 653 993 695 esse
1028 629 1287 695 facinus.
1381 630 1514 694 Res
1557 630 1738 696 aliter
1778 630 1966 719 longe
2011 630 2241 696 evenit.

154 717 315 781 Nam
342 741 479 782 non
512 718 647 783 alio
674 730 821 783 ante
851 716 1019 782 bello
1046 716 1330 781 infestior
1354 716 1682 782 Romanus
1703 717 1896 804 (adeo
1917 718 2066 781 hinc
2095 740 2249 781 con-

154 804 421 869 tumeliis
460 804 705 881 hosteS,
734 805 886 885 hinc
923 803 1215 869 consules
1254 824 1431 868 mora
1466 802 2022 889 exacerbaverant)
2064 826 2250 890 proe-

113 920 137 951 α
152 890 299 955 lium
340 891 509 955 iniit.
608 891 742 955 Vix
784 889 1144 978 explicandi
1188 890 1427 955 ordinis
1468 891 1742 977 spatium
1783 891 2066 955 Etruscis
2105 890 2245 967 fuit,
2267 909 2516 983 Proelium

116 1005 141 1051 3
155 1000 363 1063 quum,
417 977 573 1065 pilis
626 980 793 1043 inter
840 978 1107 1065 primam
1161 976 1649 1063 trepidationem
1701 977 1960 1043 abiectis
2010 990 2248 1041 temere
2265 974 2524 1023 commim-

114 1064 363 1150 4magiS,
396 1088 605 1152 quam
634 1065 893 1143 emissis,
922 1086 1139 1151 pugna
1175 1064 1303 1128 iam
1341 1064 1410 1127 in
1450 1087 1692 1141 manus,
1722 1065 1847 1128 iam
1878 1064 1961 1129 ad
1987 1064 2249 1150 gladios,
2266 1045 2360 1088 ιω·

118 1178 141 1225 5
156 1151 257 1213 ubi
288 1150 469 1215 Mars
510 1164 617 1217 est
654 1151 1095 1227 atrocissimu&
1124 1163 1400 1215 venerat.
1492 1148 1672 1215 Inter
1710 1152 2013 1251 primores
2051 1173 2256 1238 genus

160 1235 413 1301 Fabium
456 1238 715 1325 insigne
754 1236 1113 1325 spectaculo
1152 1236 1576 1323 exemploque
1619 1237 1862 1301 civbus
1903 1249 2056 1302 erat.
2151 1237 2254 1301 Ex

158 1321 247 1386 his
278 1324 362 1399 Q.
395 1324 699 1402 Fabium,
729 1324 947 1411 (tertio
987 1323 1092 1388 hic
1136 1346 1305 1387 anno
1348 1337 1495 1388 ante
1541 1323 1764 1387 consul
1791 1322 2050 1409 fuerat,)
2079 1324 2256 1410 prin-

159 1409 355 1495 cipem
422 1411 497 1475 in
568 1410 885 1476 confertos
939 1409 1247 1475 Veientes
1309 1422 1592 1487 euntem,
1650 1410 1829 1475 ferox
1885 1410 2125 1474 viribus
2189 1424 2258 1475 et

162 1518 471 1561 armorum
524 1514 665 1563 arte
714 1496 981 1575 Tuscus,
1028 1497 1355 1561 incautum
1401 1496 1570 1561 inter
1618 1496 1848 1562 multas
1898 1510 2256 1563 versantem

164 1580 429 1647 hostium
460 1608 715 1662 manus,
738 1584 951 1672 gladio
980 1606 1096 1671 per
1122 1596 1345 1671 pectus
1376 1583 1701 1671 transfigit.
1766 1582 1929 1649 Telo
1951 1596 2257 1671 extracto,

124 1683 453 1759 6praeceps
508 1671 747 1737 Fabius
804 1671 871 1735 in
922 1670 1151 1735 vulnus
1206 1669 1379 1735 abiit.
1494 1668 1708 1735 Sensit
1765 1684 2033 1759 utraque
2092 1670 2260 1736 acies

168 1755 345 1821 unius
390 1757 515 1822 viri
564 1781 801 1835 casum,
851 1757 1242 1844 cedebatque
1290 1756 1442 1821 inde
1492 1756 1863 1823 Romanus:
1911 1780 2112 1845 quum
2157 1756 2254 1821 M.

170 1838 387 1907 Fabius
415 1844 647 1910 consul
688 1843 1000 1911 transiluit
1038 1842 1299 1907 iacentis
1337 1865 1585 1930 corpuS,
1618 1845 1990 1932 obiectaque
2020 1866 2256 1931 parma,

172 1934 189 1961 ‘
210 1926 349 1993 Hoc
378 1931 676 2009 iurastiS,’
704 1930 934 2017 inquit,
981 1938 1002 1968 ‘
1022 1929 1271 2006 milites,
1312 1928 1630 2017 fugientes
1665 1954 1778 1996 vos
1815 1932 1886 1995 in
1923 1944 2124 1996 castra
2159 1952 2260 1995 re-

173 2020 191 2047 ‘
209 2013 447 2081 dituros
462 2020 494 2082 ἲ
558 2018 721 2083 adeo
765 2016 1197 2105 ignavissimos
1247 2015 1457 2085 hostes
1507 2018 1708 2104 magis
1757 2018 2012 2095 timetis,
2065 2038 2258 2104 quam

176 2106 193 2133 ‘
212 2098 423 2167 lovem
462 2104 895 2192 Martemque,
926 2126 1042 2191 per
1080 2125 1241 2189 quos
1278 2103 1572 2175 iurastis?
1657 2104 1756 2170 At
1791 2128 1912 2191 ego
1949 2104 2262 2168 iniuratus

178 2192 195 2220 ‘
214 2200 317 2251 aut
356 2190 565 2257 victor
606 2204 898 2268 revertar,
944 2204 1055 2255 aut
1138 2211 1291 2276 rope
1337 2202 1400 2254 te
1444 2189 1571 2268 hic,
1618 2190 1699 2266 Q
1735 2190 1911 2269 Fabi,
1953 2190 2260 2255 dimicans

180 2278 197 2307 ‘
216 2274 469 2342 cadam?
566 2276 834 2345 Consuli
893 2290 1029 2341 tum
1238 2275 1469 2341 Fabius
1525 2277 1751 2364 prioris
1807 2278 1960 2348 anni
2017 2275 2256 2354 consul,

185 2366 199 2393 ‘
220 2358 525 2431 Verbisne
560 2364 712 2442 istis,
742 2364 950 2441 stater,
974 2377 1049 2428 ut
1075 2376 1383 2450 pugnent,
1409 2375 1472 2427 te
1500 2364 1984 2451 impetraturum
2011 2364 2261 2429 credis?

184 2452 201 2481 ‘
220 2444 327 2515 Dii
372 2450 830 2540 impetrabunt,
873 2472 991 2538 per
1032 2472 1193 2550 quos
1236 2450 1538 2514 iuravere.
1633 2448 1721 2514 Et
1770 2473 1904 2526 nOS,
1953 2464 2027 2517 ut
2077 2449 2265 2515 decet

187 2538 203 2567 ‘
222 2554 525 2617 proceres,
557 2551 631 2603 ut
660 2537 856 2603 Fabio
895 2558 1153 2607 nomme
1194 2548 1291 2601 est
1318 2535 1605 2622 dignum,
1646 2535 1992 2622 pugnando
2031 2536 2262 2624 potius,

187 2624 203 2653 ‘
222 2641 405 2718 quam
446 2622 866 2701 adhortand0‚
896 2622 1316 2690 accendamus
1359 2621 1634 2685 militum
1676 2622 1957 2687 animos!
2047 2620 2152 2687 Sic
2195 2622 2264 2685 in

190 2724 447 2788 primum
520 2711 764 2776 infestis
838 2710 1035 2774 hastis
1104 2708 1435 2796 provolant
1492 2708 1622 2773 duo
1682 2707 1880 2785 Fabii,
1942 2720 2264 2795 totamque

190 2811 509 2890 uiovemnt
558 2820 773 2863 secum
825 2797 1045 2862 aciem.
1136 2795 1389 2869 Proelio
1432 2818 1515 2863 ex
1557 2809 1737 2882 parte
1779 2818 1910 2859 una
1951 2795 2263 2872 restituto,
2385 2805 2491 2868 47.

190 2877 375 2947 nihilo
400 2885 660 2973 segnius
698 2884 765 2947 in
806 2883 1003 2949 altero
1031 2904 1233 2947 cornu
1264 2880 1387 2947 Cn.
1422 2881 1706 2947 Manlius
1737 2880 1958 2947 consul
2032 2904 2266 2969 ugnam

191 2963 417 3035 ciebat:
486 2972 601 3036 ubi
650 2992 849 3058 prope
900 2969 1120 3034 similis
1170 2968 1421 3041 fortuna
1470 2981 1569 3033 est
1615 2981 1875 3034 versata.
2037 2992 2140 3033 am
2193 2982 2267 3033 ut

192 3048 372 3120 altero
422 3058 493 3123 in
544 3080 743 3122 cornu
790 3056 873 3132 Q.
922 3055 1208 3133 Fabium,
1255 3056 1345 3120 sic
1392 3056 1459 3119 in
1512 3055 1634 3121 hoc
1684 3056 1892 3143 ipsum
1943 3055 2268 3121 consulem

196 3132 516 3223 Manlium,
576 3144 701 3208 iam
759 3143 935 3208 velut
997 3142 1168 3207 fusos
1232 3156 1526 3229 agentem
1583 3142 1816 3219 hoste8‚
1877 3156 1943 3207 et
1999 3142 2268 3229 impigre

198 3418 208 3427 ,
256 3372 273 3405 1
310 3363 566 3415 Occasione
588 3366 821 3427 ancipiti]
866 3362 968 3412 Ubi
994 3360 1193 3411 victoria
1255 3378 1353 3411 non
1397 3362 1487 3411 nisi
1534 3368 1645 3425 post
1688 3362 1911 3412 Gallicos
1948 3365 2190 3413 tumultus
2219 3364 2269 3413 in

196 3430 363 3475 incerta
392 3430 559 3478 futura
588 3434 706 3477 erat.
771 3424 987 3477 Romani
1009 3432 1190 3475 certam
1256 3440 1397 3475 usum
1418 3433 1671 3476 venerunt.
1705 3428 1768 3477 cf.
1787 3427 1993 3477 Niebhr.
2012 3428 2078 3477 iii.
2098 3444 2146 3491 p.
2167 3442 2271 3479 120.

199 3496 253 3531 ΘΧ
310 3490 489 3555 Aequis
550 3491 799 3541 victoriam
866 3491 1191 3545 deseruerant.
1320 3508 1352 3551 4
1382 3492 1449 3539 In
1468 3492 1670 3551 manus]
1721 3493 1807 3541 Aa
1834 3508 2012 3541 manus
2031 3494 2272 3555 quaedam

200 3546 323 3603 Quid
344 3556 427 3605 fiet
451 3558 614 3621 igitur,
632 3556 920 3618 inquiebant
943 3554 1194 3613 Veientes,
1258 3554 1369 3604 edd.
1392 3560 1450 3602 ut
1470 3570 1601 3617 supr.
1631 3569 1708 3617 30.
1768 3555 1865 3605 Sed
1897 3558 1954 3603 in
1984 3572 2160 3606 manus
2190 3572 2272 3605 ex-

200 3608 281 3661 htc
314 3617 362 3667 in
399 3622 668 3679 occasione,
701 3620 787 3668 ubi
824 3624 1070 3669 certamen
1110 3634 1193 3666 an·
1258 3616 1435 3680 emplis
1488 3617 1710 3681 pluribus
1762 3619 2052 3669 confirmant
2100 3620 2145 3669 1.
2189 3620 2271 3670 Fr.

202 3688 305 3747 αἶρε
320 3682 535 3735 futurum
557 3690 631 3733 est
645 3692 667 3734 Ρ
702 3685 865 3734 Cam.
1258 3682 1475 3732 Gronov.
1497 3688 1550 3731 et
1573 3682 1727 3732 Drak.

266 3758 291 3790 ἰ
322 3748 543 3809 Ordinis]
600 3748 783 3797 Manet
824 3747 1102 3796 Gronovius
1144 3752 1195 3794 et
1322 3758 1351 3809 5
1387 3750 1556 3796 Genus
1583 3748 1818 3807 Fabium]
1875 3746 1950 3797 Ut
1977 3764 2138 3811 ysam
2170 3748 2272 3799 cil-

202 3807 359 3858 merito
377 3814 573 3877 quidem
595 3814 799 3862 ordinem
823 3810 985 3861 Cam.
1030 3812 1199 3868 Quam
1262 3810 1399 3858 nium
1422 3810 1532 3860 infr.
1553 3826 1602 3859 x.
1623 3825 1666 3873 3.
1684 3816 1735 3859 et
1752 3823 1797 3874 5.
1821 3810 1951 3861 idem
1967 3828 2027 3862 ac
2041 3828 2164 3876 ραι-ι
2181 3812 2273 3863 Fa-

208 3881 357 3941 vpeem
400 3878 613 3926 Bekker.
655 3876 707 3924 in
753 3881 945 3925 textum
997 3875 1199 3937 recepit,
1264 3874 1361 3933 bia,
1382 3892 1558 3925 nomen
1579 3874 1804 3925 Fabium.

208 3929 309 3983 beet
328 3942 460 3992 codd.
484 3939 863 3991 adversantibus.
1324 3936 1355 3987 6
1387 3942 1453 3987 In
1490 3941 1674 3989 vulnus
1710 3942 1856 4001 abiit]
1895 3940 2127 3989 Similiter
2159 3957 2272 4003 pro-

264 4013 289 4061 3
318 4004 441 4055 1³11st
464 4008 595 4056 inter
622 4005 859 4068 primam]
898 4004 1037 4053 Inter
1058 4002 1199 4054 initia
1260 4004 1358 4057 labi
1380 4006 1435 4052 in
1454 4005 1652 4053 valum.
1676 4003 1708 4054 i.
1732 4006 1808 4065 58.
1874 4004 2098 4081 Sigonius
2125 4007 2274 4054 obiit.-

211 4071 397 4127 Ρῐῑεῐιεε,
438 4072 557 4119 dum
600 4070 729 4118 acies
772 4084 835 4117 ex
883 4082 1089 4130 propero
1131 4068 1196 4115 ad
1260 4068 1345 4116 sed
1362 4082 1499 4115 suam
1517 4067 1615 4116 vim
1633 4069 1780 4116 verbo
1795 4070 1916 4117 abiit
1935 4084 2108 4126 inesse,
2119 4082 2278 4129 eoque

212 4136 401 4188 pugnam
432 4149 661 4197 procursu
693 4134 910 4181 nondum
938 4133 1063 4180 bene
1085 4146 1198 4179 con·
1260 4132 1502 4194 impetum
1539 4130 1712 4191 notari,
1745 4146 1844 4193 quo
1875 4132 2058 4181 Fabius
2093 4130 2144 4179 in
2183 4136 2274 4179 ter-

211 4188 427 4258 stiterunt,
465 4198 578 4261 pilis
614 4197 913 4271 negligenter
950 4202 1001 4244 et
1037 4194 1087 4243 in
1127 4194 1196 4243 in·
1260 4210 1363 4243 ram
1414 4194 1614 4255 decidit,
1655 4195 1846 4245 monuit
1883 4196 2110 4243 celeberr.
2153 4194 2276 4242 Bur-

216 4260 377 4315 certum
416 4260 619 4313 abiectis
661 4266 841 4324 potius,
879 4274 1025 4323 quam
1066 4265 1199 4309 certa
1261 4274 1427 4309 mann.
1499 4259 1814 4321 pluribusque
1885 4256 2144 4306 illustravit
2214 4258 2280 4305 ad

214 4328 345 4371 manu
362 4326 551 4377 vibratis
570 4327 621 4377 in
641 4325 849 4375 husten.
882 4326 1043 4374 cmv.
1099 4322 1197 4371 Sed
1263 4322 1507 4381 Quinctil.
1531 4323 1756 4375 Declam.
1779 4322 1850 4372 ix.
1873 4337 1921 4383 9.
1961 4321 2135 4370 Diua.

215 4384 419 4449 Ῥολήψει
446 4390 598 4442 utitur
626 4389 808 4447 Livius,
833 4387 1061 4451 quoniam
1093 4388 1201 4448 pila
