3000 4784
796 188 1161 291 LIBJIII.
1232 218 1451 287 cAr.
1502 224 1602 289 71.
2125 228 2244 290 221
2381 200 2418 238 ⁶

135 356 445 444 quamdiu
508 354 895 425 tenuissent.
987 358 1086 425 Ibi
1136 380 1289 425 vero
1338 354 1658 447 Sulpicius
1709 378 1961 447 negare,
2017 368 2036 400 ⁶
2058 382 2252 427 cunc·
2272 370 2341 420 U.
2364 370 2425 420 0·
2451 384 2558 435 309·

136 453 155 481 ‘
176 445 353 509 tandi
401 458 681 532 tempus
722 469 877 524 esse,
922 447 1383 511 circumventos
1424 445 1923 549 interclusosque
1977 450 2056 514 ab
2099 449 2254 513 suis’
2272 436 2333 483 A.
2365 436 2591 497 ⁰·4⁴3·‘

134 532 513 609 vociferans,
552 541 575 570 ‘
599 532 675 596 ni
708 544 1000 620 equestre
1037 532 1349 619 proelium
1384 534 1629 598 connisi
1669 556 1845 597 omni
1879 534 1942 599 vi
1985 536 2256 623 perfice-

136 624 156 655 ‘
168 632 327 683 rent.
429 618 593 683 Nec
632 619 851 706 fugare
892 619 1174 707 equitem
1212 619 1347 684 inte
1466 640 1532 683 m
1575 620 1723 685 satis
1757 642 1931 685 esse:
1981 622 2254 687 confice·
2289 624 2297 633 '

136 712 155 741 ‘
172 718 315 769 rent
336 727 559 792 equos
582 704 902 794 virosque,
926 728 1008 771 ne
1040 706 1183 793 quis
1211 728 1357 771 reve
1403 719 1616 771 eretur
1643 706 1794 772 inde
1817 707 1900 771 ad
1920 708 2252 796 proelium,

136 800 155 829 ‘
174 804 283 855 aut
340 791 721 879 integraret
775 814 1092 880 pugnam:
1154 815 1283 857 non
1341 814 1524 879 posse
1571 792 1710 857 illos
1773 794 2060 860 resistere
2111 796 2251 872 sibi,

136 886 155 914 ‘
170 877 408 964 quibus
472 878 777 944 conferta
832 879 1122 967 peditum
1180 879 1346 943 acies
1392 880 1714 944 cessisset?
1804 879 2000 945 Haud
2049 880 2256 946 surdis

133 965 391 1028 auribus
438 964 667 1030 dicta:
729 965 1139 1053 impressione
1182 988 1313 1029 una
1352 977 1560 1029 totum
1613 966 1966 1053 equitatum
2007 967 2250 1045 fudere,

134 1072 435 1150 magnam
476 1052 626 1115 vim
664 1074 747 1118 ex
782 1074 819 1116 e
866 1052 964 1117 uis
1001 1052 1511 1139 praecipitavere,
1553 1052 1720 1139 ipsos
1758 1076 1795 1117 e
1843 1076 2082 1141 uosque
2127 1054 2254 1142 spi-

136 1136 289 1201 culis
348 1137 740 1202 confodere.
955 1138 1101 1202 finis
1156 1160 1407 1239 pugnae
1454 1140 1762 1225 equestris
1797 1076 1950 1204 ssxit.
2044 1140 2252 1217 Tunc,

136 1222 337 1287 adorti
470 1223 699 1289 ditum
739 1225 959 1302 aciem,
990 1237 1249 1289 nuntios
1284 1224 1367 1287 ad
1400 1224 1688 1302 consules
1725 1226 1820 1290 rei
1858 1238 2071 1313 gestae
2107 1228 2258 1290 mit-

138 1321 299 1387 tunt,
330 1334 379 1375 u
427 1310 453 1374 i
495 1311 639 1376 iam
666 1311 1089 1377 inclinabatur
1121 1310 1399 1376 hostium
1426 1311 1611 1375 acies·
1705 1310 1991 1377 Nuntius
2019 1311 2254 1377 deinde

138 1409 201 1458 et
226 1396 659 1463 vincentibus
688 1397 997 1464 Romanis
1024 1398 1269 1463 animos
1298 1398 1494 1475 auxit,
1521 1410 1586 1461 et
1613 1397 1960 1463 referentes
1987 1399 2254 1486 gradum
2283 1465 2293 1474 ,

140 1482 413 1567 perculit
446 1484 749 1571 Aequos·
839 1483 919 1549 In
958 1484 1171 1551 media
1196 1484 1475 1573 primum
1505 1483 1638 1549 acie
1668 1484 1836 1549 vinci
1865 1485 2096 1573 coepti,
2128 1508 2257 1573 qua

140 1570 491 1653 permissus
522 1571 855 1658 equitatus
894 1572 1255 1636 turbaverat
1288 1570 1561 1637 ordines.
1656 1569 1992 1636 Sinistrum
2022 1571 2258 1637 deinde

144 1676 339 1720 comu
368 1658 455 1722 ab
494 1657 819 1733 Quinctio
848 1658 1107 1723 consule
1136 1658 1290 1745 pelli
1318 1671 1655 1746 coeptum3
1701 1657 1772 1722 in
1801 1657 2028 1724 dextro
2101 1658 2257 1723 luri-

144 1762 313 1806 mum
367 1742 621 1809 laboris
664 1743 801 1809 fuit.
892 1744 995 1810 Ibi
1053 1744 1211 1833 Agri
1252 1768 1357 1846 pa,
1402 1757 1605 1810 aetate
1647 1744 2013 1833 viribusque
2079 1766 2254 1824 erox,

146 1850 339 1912 quum
380 1832 577 1895 omni
618 1844 799 1918 parte
833 1852 1084 1919 pugnae
1120 1852 1222 1897 me
1274 1854 1347 1896 us
1382 1853 1482 1897 res
1516 1830 1671 1919 geri,
1757 1852 1906 1897 uam
1949 1831 2121 1921 apud
2163 1854 2263 1911 88,-

147 1913 410 1994 videret,
454 1930 729 2019 accepta
766 1918 947 2005 signa
988 1920 1067 1984 ab
1110 1918 1421 2005 signiferis
1463 1918 1598 2005 ipse
1641 1854 1896 1996 inl‘lerre,
1944 1918 2254 2007 quaedam

110 1998 347 2067 7iacere
378 2005 589 2069 etiam
622 2028 691 2068 1n
720 2004 1033 2071 confertos
1072 2005 1281 2069 hostes
1310 2004 1538 2091 coepit.
1633 2002 1838 2069 Cuius
1866 2006 2254 2092 ignominiae

152 2100 322 2152 metu
368 2091 688 2156 concitati
738 2089 991 2168 milites,
1040 2092 1321 2156 invasere
1373 2090 1657 2155 hostemz
1711 2091 1804 2155 ita
1859 2103 2130 2191 aequata
2174 2109 2256 2156 ex

152 2174 319 2237 omni
364 2192 559 2264 parte
605 2178 869 2243 victoria
910 2192 1023 2243 est.
1114 2176 1401 2242 Nuntius
1442 2190 1580 2241 tum
1624 2198 1665 2241 a
1711 2176 2016 2252 Quincno
2059 2180 2255 2255 venit,

156 2258 453 2328 victorem
480 2265 617 2330 iam
646 2286 713 2329 se
736 2265 1067 2329 imminere
1088 2264 1365 2329 hostium
1396 2264 1641 2340 castris3
1688 2263 1860 2328 nolle
1883 2265 2256 2351 irrumpere,

159 2358 295 2411 ante
342 2374 499 2415 uam
536 2352 717 2429 sciat,
760 2350 1145 2417 debellatum
1184 2363 1253 2416 et
1290 2351 1361 2414 in
1404 2350 1655 2415 sinistro
1699 2372 1898 2415 cornu
1937 2372 2091 2415 esse.
2187 2350 2258 2415 Si

162 2429 277 2495 iam
386 2438 599 2505 disset
632 2438 861 2515 hostes,
894 2437 1209 2503 conferret
1243 2436 1329 2501 ad
1362 2458 1428 2500 se
1472 2436 1522 2499 ε’
1569 2458 1671 2513 na,
1713 2448 1788 2500 ut
1825 2437 2014 2501 simul
2051 2438 2258 2501 omnis

165 2522 473 2589 exercitus
520 2524 765 2613 praeda
810 2525 1137 2613 potiretur.
1226 2522 1452 2587 Victor
1563 2522 1790 2610 grippa
1844 2546 1991 2586 cum
2037 2535 2260 2606 mutua

268 2608 587 2677 tulatione
616 2610 701 2675 ad
726 2612 1033 2676 victorem
1063 2608 1371 2697 collegam
1394 2622 1720 2694 castraque
1749 2608 2026 2673 hostium
2039 2609 2252 2674 -venit

200 2689 259 2753 bi
286 2698 510 2781 paucis
539 2696 1049 2775 defendentibuffi
1074 2711 1526 2783 momentoque
1547 2694 1722 2773 ftisis,
1753 2696 1890 2760 sine
1913 2695 2255 2760 certamine

124 2790 154 2835 8
168 2773 231 2838 in
276 2785 674 2849 munitiones
722 2784 1121 2872 irrumpunt:
1184 2782 1546 2870 praedaque
1599 2782 1845 2870 ingenti
1896 2794 2256 2869 compotem

170 2868 535 2951 exercitum,
574 2871 705 2935 suis
744 2872 935 2936 etiam
974 2871 1161 2936 rebus
1198 2869 1600 2958 recuperatis,
1643 2892 1806 2956 quae
1842 2868 2252 2957 populatione

168 2968 455 3035 agrorum
501 2958 767 3023 amissae
812 2970 1011 3035 erant,
1043 2956 1375 3043 reducunt.
1468 2955 1897 3057 Triumphum
1933 2978 2052 3021 nec
2087 2956 2258 3043 ipsos

172 3040 530 3125 postulasse,
578 3066 697 3109 nec
732 3043 1014 3109 delatum
1052 3044 1130 3108 iis
1172 3044 1252 3109 ab
1295 3056 1538 3120 senatu,
1576 3065 1708 3108 acci
1753 3043 1852 3107 io:
1899 3065 2020 3109 nec
2060 3042 2256 3108 tradi-

172 3134 269 3185 tur
294 3148 484 3196 causa
514 3124 711 3219 spreti
738 3144 850 3196 aut
876 3154 1009 3196 non
1048 3130 1281 3218 sperati
1308 3129 1582 3195 honoris.
1676 3066 1816 3279 Q
1891 3142 2155 3194 uantum
2183 3130 2255 3194 in

172 3218 341 3276 tanto
383 3216 724 3283 intervallo
766 3222 1125 3306 temporum
1168 3215 1457 3294 coniicio,
1503 3238 1704 3303 quum
1816 3153 2010 3279 alerio
2061 3226 2254 3302 atque

174 3288 437 3368 Horatio
478 3303 863 3383 consulibus,
896 3304 1008 3392 qui
1040 3316 1293 3404 praeter
1319 3301 1589 3368 Volscos
1625 3313 1693 3366 et
1722 3300 1990 3388 Aequos
2034 3299 2254 3367 Sabini

175 3382 357 3451 etiam
400 3390 559 3457 belli
600 3390 867 3479 perfecti
904 3389 1169 3478 gloriam
1197 3401 1593 3491 pepererant,
1623 3399 1894 3475 negatus
1921 3388 2002 3452 ab
2029 3400 2256 3453 senatu

177 3466 357 3537 trium
402 3476 529 3543 hus
562 3491 747 3556 esset,
774 3475 1195 3543 verecundiae
1228 3476 1351 3541 fult
1376 3498 1497 3563 pro
1529 3488 1708 3563 parte
1738 3473 2006 3539 dimidia
2039 3496 2254 3541 rerum

177 3572 319 3621 0011ss
390 3563 530 3629 'bus
570 3578 786 3653 petere
828 3563 1257 3651 triumphum3
1310 3584 1395 3627 ne
1438 3562 1652 3639 etiam,
1698 3560 1752 3625 si
1793 3559 2254 3661 impetrassent,

182 3656 241 3701 m
316 3644 369 3710 is
395 3648 729 3717 hominum
758 3651 937 3729 rati0,
968 3673 1161 3739 quam
1190 3648 1579 3727 meritorum,
1610 3647 1826 3713 habita
1851 3646 2192 3715 videretur.

322 3732 607 3803 ictoriam
633 3738 983 3815 honestam,
1014 3760 1097 3803 ex
1135 3735 1420 3801 hostibus
1456 3748 1724 3823 partam,
1753 3746 1938 3823 turpe
1968 3734 2140 3801 domi
2171 3734 2254 3801 de
2378 3742 2479 3807 71.

187 3807 405 3885 finibus
440 3824 752 3890 sociorum
791 3824 1098 3889 iudicium
1134 3821 1357 3911 populi
1390 3820 1779 3888 deformavit.
1872 3821 2122 3887 Aricini
2161 3834 2257 3887 at·
2272 3826 2442 3902 'ljurpe
2460 3828 2534 3877 iu-

148 3926 176 3974 9
189 3917 303 3983 ‘1¹10
330 3896 641 3977 Ardeates
666 3911 749 3977 de
768 3912 1065 4001 ambiguo
1090 3931 1242 3998 agro
1262 3932 1461 3996 quum
1488 3931 1677 3996 saepe
1698 3908 1870 3975 bello
1889 3922 2252 3987 certassent,
2272 3891 2511 4005 ssfssmde

2272 4018 2514 4068 sociorum

260 4114 285 4179 ἶ
323 4110 473 4164 &aas
512 4116 830 4179 ignominiae]
899 4114 1098 4177 Nempe
1142 4114 1185 4162 si
1247 4114 1421 4175 ἱίπρεια
1466 4116 1588 4162 sacis
1627 4119 1900 4175 compotem,
1979 4110 2146 4159 Huius
2187 4110 2256 4157 lo·
2272 4082 2466 4135 finibm·

194 4178 356 4291 ξιτ
372 4182 517 4241 utque
534 4182 600 4294 ab
620 4179 842 4229 hostibus
857 4184 1004 4243 capta
1024 4183 1185 4229 esent
1247 4176 1428 4305 {ube-ndi
1460 4178 1646 4226 formae
1675 4175 1918 4225 rarissima
1949 4179 2064 4223 sunt
2093 4186 2255 4222 exem·

200 4296 291 4407 si?
306 4302 1186 4437 &wfflmaew
1248 4306 1792 4433 ωὲιιέεᾚὶεᾞ
1815 4301 2260 4429 Ἓῗιιὲἳιῗὲῗιῖῖ
