3000 4784
670 219 801 281 496
1450 210 1678 277 TITI
1735 210 1998 277 LIVII

348 364 413 413 U.
438 363 497 413 C.
524 376 633 423 43²·
674 351 991 415 incursare
1042 348 1113 411 in
1161 346 1431 423 hostem,
1478 346 1802 433 carpendo
1853 345 2245 423 noviaeimos,
2417 345 2634 410 mend
2723 368 2796 409 ue

344 430 405 481 Α·
441 428 499 477 0·
525 439 635 487 3²0·
672 435 910 522 iniquis
944 434 1027 498 ad
1056 432 1389 499 transitum
1423 431 1598 509 Ionia,
1630 454 1864 518 agmen
1895 431 2191 495 detinuit.
2365 432 2568 497 terim
2601 368 2800 519 [ἔξω

672 522 957 608 equitem
1006 534 1369 595 assecutus3
1434 532 1502 583 et
1552 518 1702 583 totis
1753 519 1882 583 iam
1931 518 2132 605 copiis
2189 516 2448 583 Samnis
2501 520 2798 606 urgebat.

672 608 843 673 Tum
886 607 1176 683 dictator,
1208 618 1546 692 postquam
1583 605 1720 669 sine
1761 626 1993 691 magno
2033 605 2448 669 incommodo
2487 604 2804 692 progredi

672 716 805 759 non
847 706 1115 780 poterat,
1146 715 1297 757 eum
1340 692 1363 755 i
1440 714 1572 768 um,
1609 692 1677 756 in
1717 714 1848 779 qno
1887 691 2276 768 constiterat,
2306 690 2530 756 locum
2577 691 2808 755 emti-'u

674 780 968 845 dimetari
1010 779 1206 844 iussit.
1300 777 1333 842 I
1408 800 1579 855 vero,
1611 777 1994 843 circumfuso
2033 778 2322 863 undique
2363 779 2706 865 equitatu,
2737 790 2806 841 ut
2816 808 2846 857 9

673 866 911 931 vallum
968 878 1309 953 peteretur,
1370 887 1661 951 opusque
1719 864 2051 951 inciperet,
2111 864 2253 928 fieri
2309 887 2448 929 non
2517 877 2804 951 poterat.

676 952 923 1038 ltaque,
986 953 1095 1017 ubi
1155 974 1365 1039 neque
1424 950 1644 1027 eundi,
1703 973 1914 1037 neque
1975 950 2275 1015 manendi
2335 952 2604 1037 copiam
2669 973 2806 1015 esse

672 1038 867 1116 videt,
922 1038 1177 1103 instruit
1234 1038 1455 1114 aciem,
1515 1037 1990 1123 impedimentis
2047 1060 2131 1101 ex
2189 1038 2446 1123 agmine
2509 1036 2804 1101 remotis.

672 1125 1011 1190 Instruunt
1066 1137 1287 1189 contra
1342 1137 1410 1188 et
1466 1122 1698 1200 hosteS,
1753 1135 1820 1187 et
1877 1122 2106 1187 animis
2164 1138 2231 1187 et
2278 1123 2528 1187 viribus
2593 1144 2804 1211 [urea

676 1212 967 1277 Auxerat
1002 1211 1070 1276 id
1104 1211 1381 1275 maxime
1416 1209 1680 1285 animos,
1711 1209 1888 1295 quod
1931 1210 2154 1294 ignari,
2187 1209 2328 1273 loco
2371 1210 2638 1296 iniquo,
2671 1232 2805 1273 non
2824 1237 2842 1270 ι

674 1298 859 1375 hosti,
897 1320 1163 1375 cessum,
1192 1296 1369 1361 velut
1404 1296 1722 1382 fugientes
1755 1318 1830 1359 ac
1866 1296 2118 1360 territos
2157 1295 2474 1359 terribiles
2523 1298 2662 1383 ipsi
2709 1318 2806 1359 se·

350 1400 601 1449 Proelium
676 1386 807 1449 cuti
837 1386 1103 1450 fuerant.
1182 1382 1263 1447 Id
1291 1382 1684 1469 aliquamdiu
1715 1382 2011 1467 aequavit
2039 1404 2341 1469 pugnam,
2371 1382 2508 1445 iam
2537 1382 2804 1482 pridem

345 1470 487 1539 ⁸²3⁰?
513 1478 641 1512 com·
674 1471 940 1536 desueto
990 1470 1273 1535 Samnite
1326 1468 1664 1533 clamorem
1715 1468 1993 1533 Romani
2053 1469 2370 1532 exercitus
2417 1484 2582 1568 pati.
2689 1468 2802 1545 At,

345 1532 570 1577 mmm*
674 1557 953 1634 hercule,
986 1555 1095 1621 illo
1123 1556 1230 1620 die
1268 1557 1347 1620 ab
1388 1555 1546 1619 hora
1573 1553 1704 1618 diei
1745 1554 1928 1617 tertia
1967 1553 2049 1617 ad
2089 1568 2378 1618 octavam
2415 1569 2518 1619 ita
2555 1577 2804 1641 anceps

675 1644 909 1708 dicitur
938 1656 1258 1707 certamen
1295 1642 1560 1717 stetisse,
1592 1654 1666 1704 ut
1695 1662 1904 1725 neque
1947 1640 2204 1717 clamor,
2233 1652 2308 1704 ut
2339 1641 2556 1727 primo
2595 1640 2804 1707 semel

674 1752 985 1794 concursu
1032 1742 1130 1791 est
1174 1728 1477 1804 sublatus,
1527 1728 1787 1791 iteratus
1833 1727 1956 1803 sit3
2005 1750 2216 1813 neque
2263 1726 2311 1789 s'
2361 1750 2446 1790 na
2489 1742 2802 1827 promota

674 1815 833 1891 loco,
880 1826 1125 1878 retrove
1170 1826 1463 1899 recepta3
1519 1836 1732 1900 neque
1775 1835 2100 1878 recursum
2143 1814 2224 1877 ab
2271 1750 2402 1877 tifia
2451 1828 2544 1877 sit
2589 1828 2794 1903 parte.

674 1900 753 1966 In
796 1923 913 1965 suo
952 1899 1221 1986 quisque
1268 1899 1473 1986 gradu
1519 1900 1744 1977 obnisi,
1793 1912 2094 1986 urgentes
2139 1900 2350 1975 scutis,
2399 1900 2546 1964 sine
2593 1902 2838 1988 strepi-²

674 1988 917 2051 ratione
940 2010 1013 2051 ac
1036 1999 1329 2072 respectu
1350 1988 1737 2072 pugnabant.
1805 1986 2120 2050 Fremitus
2141 1984 2440 2072 aequalis,
2467 2000 2794 2074 tenorque

673 2074 845 2139 idem
884 2096 1137 2225 pugnae
1180 2074 1247 2136 in
1288 2072 1808 2159 defatigationem
1847 2071 2138 2136 ultimam
2181 2084 2294 2137 aut
2335 2084 2604 2137 noctem
2651 2098 2798 2174 spe-
2811 2092 2838 2139 3

673 2163 901 2226 etabat.
1030 2182 1132 2223 am
1177 2160 1329 2224 viris
1376 2158 1558 2235 vireS,
1607 2159 1736 2222 iam
1785 2157 1952 2223 ferro
2009 2181 2125 2223 sua
2167 2158 2280 2235 viS,
2329 2159 2458 2222 iam
2521 2160 2796 2225 consilia

676 2248 946 2313 ducibus
984 2247 1283 2311 deerant:
1333 2268 1534 2333 quum
1577 2244 1788 2309 subito
1833 2244 2218 2309 Samnitium
2253 2246 2530 2330 equinae,
2563 2268 2790 2333 quum,

676 2347 887 2398 turma
912 2356 1043 2396 una
1077 2332 1329 2419 longius
1362 2343 1679 2418 provecta,
1711 2332 2122 2417 accepissent,
2153 2330 2626 2431 impedimenta
2659 2332 2790 2397 Ro-

677 2442 1007 2483 manorum
1036 2418 1259 2518 procul
1288 2418 1367 2482 ab
1396 2416 1650 2481 armatis
1679 2418 1816 2481 sine
1847 2417 2180 2503 praesidi0,
2211 2440 2348 2481 sine
2378 2418 2792 2484 munimento

676 2518 859 2579 stare,
890 2505 1190 2570 aviditate
1220 2504 1493 2591 praedae
1525 2504 1614 2567 im
1699 2515 1836 2566 tum
1865 2503 2124 2567 faciunt.
2213 2502 2413 2577 Quod
2440 2504 2560 2569 ubi
2585 2505 2794 2571 dicta-

676 2593 801 2657 tori
848 2591 1132 2679 trepidus
1176 2591 1441 2655 nuntius
1486 2603 1626 2653 attu
1651 2590 1700 2653 it
1722 2612 1740 2665 ;
1765 2624 1772 2633 ›
1797 2597 1816 2626 ‘
1843 2588 1995 2653 Sine
2045 2587 2275 2666 mod0‚'
2321 2589 2558 2676 inquit,
2607 2600 2632 2629 ‘
2653 2614 2790 2658 sese

679 2687 699 2716 ‘
720 2679 955 2766 praeda
982 2677 1436 2765 praepediant!
1524 2675 1660 2739 Alii
1695 2674 1932 2739 deinde
1971 2697 2163 2761 super
2201 2674 2375 2753 alios,
2405 2676 2604 2765 diripi
2647 2702 2792 2766 pas-

676 2766 797 2830 sim
836 2766 1115 2849 serrique
1158 2764 1441 2828 fortunas
1484 2761 1780 2837 militum,
1812 2762 2334 2827 vociferabantur.
2427 2762 2608 2827 Tum
2654 2788 2788 2829 ma·

674 2852 871 2937 gistro
922 2851 1212 2934 equitum
1262 2849 1485 2925 accito,
1551 2856 1571 2885 ‘
1594 2846 1794 2912 Vides
1847 2849 1956 2924 tu,’
2007 2848 2237 2935 inquit,
2300 2856 2320 2886 ‘
2342 2847 2440 2913 M.
2475 2849 2660 2927 Fabi,
2709 2852 2790 2916 ab

678 2946 698 2973 ‘
718 2935 996 2998 hostium
1037 2935 1253 3018 equite
1300 2936 1594 2998 omissam
1639 2956 1682 3020 p
1817 2956 1918 2997 am
1940 2935 1970 2997 Ρ
2014 2935 2282 2999 haerent
2322 2935 2622 3021 impediti
2667 2938 2790 3001 im-

677 3030 696 3059 ‘
718 3018 1101 3105 pedimentis
1143 3019 1389 3083 nostrie.
1482 3019 1547 3083 A
1665 3044 1702 3085 e
1751 3042 1876 3096 ere,
1909 3019 2086 3106 quod
2129 3020 2298 3085 inter
2339 3022 2786 3109 praedandum

677 3116 696 3146 ‘
718 3105 893 3172 omni
923 3103 1318 3169 multitudini
1340 3106 1574 3183 evenit,
1649 3107 1661 3119 “
1729 3106 1965 3193 ipatos:
2001 3129 2174 3170 raros
2196 3106 2378 3193 equis
2406 3107 2786 3185 insidentes,

677 3204 697 3234 ‘
718 3216 909 3272 rai-OS,
934 3192 1166 3281 quibus
1193 3190 1431 3256 ferrum
1460 3192 1530 3255 in
1559 3214 1755 3256 manu
1781 3194 1881 3269 sit,
1915 3193 2236 3257 invenies:
2273 3216 2605 3293 equosque
2629 3195 2788 3260 dum

677 3288 697 3319 ‘
718 3281 953 3368 praeda
980 3292 1265 3358 onerant,
1289 3278 1483 3343 caede
1515 3278 1810 3357 inermeS,
1840 3291 2296 3366 cruentamque
2327 3279 2452 3344 illis
2480 3282 2786 3368 praedam

678 3378 697 3407 ‘
718 3366 931 3432 redde.
1026 3366 1198 3430 Mihi
1248 3366 1534 3451 legiones
1575 3364 1994 3452 peditumque
2039 3389 2258 3453 pugna
2307 3388 2496 3431 curae
2549 3382 2782 3433 erunt:

454 3472 557 3533 39.
678 3463 698 3493 ‘
718 3476 915 3543 penes
948 3466 1009 3519 te
1051 3464 1343 3553 equestre
1384 3450 1466 3515 sit
1493 3451 1729 3515 decus?
1817 3450 2130 3537 Equitum
2159 3454 2346 3530 acies,
2379 3452 2588 3538 qualis
2619 3478 2784 3541 quae

349 3555 628 3603 vincuntur
674 3565 808 3606 esse
840 3540 1319 3605 instructissima
1338 3551 1566 3625 potest,
1592 3538 1842 3603 invecta
1862 3539 1930 3601 in
1954 3537 2286 3626 dissipatos
2309 3539 2782 3627 impeditosque

347 3618 602 3668 Samnites.
674 3626 906 3702 hosteS,
937 3626 1131 3690 caede
1162 3626 1377 3690 omnia
1404 3625 1624 3711 replet.
1692 3624 1872 3688 Inter
1901 3626 2176 3689 sarcinas
2205 3625 2464 3689 omissas
2493 3640 2780 3713 repente,

675 3712 1035 3776 obiacentes
1057 3711 1326 3797 pedibus
1347 3710 1729 3797 fugientium
1753 3722 2426 3797 consternatorumque
2443 3734 2779 3799 equorum,

737 3912 768 3961 9
802 3898 864 3945 Id
886 3898 1021 3956 vero]
1068 3894 1130 3943 Id
1156 3910 1285 3954 vero,
1306 3910 1486 3958 nempe
1519 3902 1576 3945 ut
1609 3912 1690 3960 pe-
1825 3912 1850 3945 2
1885 3898 2005 3946 Sine
2027 3932 2038 3943 .
2061 3932 2072 3944 .
2093 3934 2105 3944 .
2129 3898 2378 3960 respectu]
2429 3898 2512 3946 Ite
2543 3904 2602 3945 ut
2636 3912 2779 3946 neruo

673 3968 892 4011 terentur
918 3960 1051 4023 ligna
1080 3960 1145 4008 ad
1178 3961 1463 4009 struendum
1488 3962 1693 4019 vallum,
1757 3966 2069 4023 respectaret,
2106 3960 2158 4009 id
2197 3968 2288 4017 est,
2327 3966 2592 4009 retrorsum
2631 3968 2780 4023 eaput

673 4026 777 4075 fieri
804 4041 903 4074 non
930 4030 1123 4099 poterat
1146 4025 1208 4072 ob
1232 4024 1580 4073 circumfusum
1603 4040 1692 4072 un·
1758 4026 2024 4085 oculosque
2047 4022 2280 4073 flecteret.
2315 4024 2478 4073 Cam.

673 4090 821 4151 dique
844 4094 1117 4151 equitatum
1140 4088 1383 4138 hostilem.
1418 4088 1580 4138 Cnsv.
1824 4102 1852 4148 3
1885 4091 1954 4136 In
1989 4088 2384 4149 Mastyationem
2421 4088 2650 4135 ultimam
2693 4098 2778 4137 aut

679 4180 689 4189 -
742 4168 761 4202 1
816 4156 939 4203 Loco
959 4155 1015 4201 in
1100 4168 1145 4211 o,
1177 4168 1277 4201 mn
1307 4154 1448 4210 hosti,
1480 4154 1689 4212 cessum]
1759 4160 1942 4201 noctem
1971 4154 2244 4214 metebat]
2289 4151 2367 4199 Eo
2399 4166 2502 4199 rem
2537 4152 2777 4201 adducere

672 4216 796 4263 Ideo
820 4217 1017 4264 cessisse
1092 4230 1308 4271 omanos,
1332 4216 1462 4274 quod
1495 4215 1546 4261 in
1583 4216 1690 4263 loco
1757 4216 2029 4273 videbatur,
2071 4223 2127 4262 ut
2171 4220 2416 4264 certamen
2462 4215 2630 4263 dirimi
2681 4230 2774 4263 non

672 4278 841 4337 iniquo
860 4284 1038 4336 essent,
1058 4293 1157 4325 non
1180 4276 1313 4335 quod
1334 4277 1524 4325 hostem
1552 4278 1688 4325 time-
1755 4282 1935 4337 posset,
1958 4278 2048 4326 nisi
2083 4284 2170 4325 aut
2203 4278 2554 4341 defatigatione
2585 4278 2772 4336 ultima,

674 4344 796 4385 rent.
832 4340 994 4387 cantv,
1753 4344 2023 4389 autnocte.
2057 4341 2222 4391 Citav-
