3000 4784
395 354 455 467 ,θα

452 352 549 467 ςπῖο

574 366 637 477 ῒῖἷ

498 1537 604 1597 45.

726 212 847 272 194
1498 202 1726 271 TITI
1779 202 1960 268 LIV
1973 202 2054 267 II

670 389 683 401 .
724 343 901 415 fiure
1006 339 1213 416 assari,
1244 360 1377 403 non
1404 338 1507 402 vi.’
1574 336 1782 402 Vocat
1855 337 2086 403 uellam
2115 338 2185 401 in
2213 337 2328 401 ius.
2403 337 2878 416 Auctoribum

671 452 685 467 ·
723 428 837 514 qui
964 438 1161 503 erant,
1202 437 1276 488 ut
1320 436 1711 510 sequeretur,
1881 424 2161 489 tribunal
2187 424 2394 523 ‚Appii
2440 438 2834 511 perventum

721 526 833 587 est.
928 512 1167 593 Notam
1218 511 1415 575 iudici
1464 510 1742 575 fabulam
1793 510 2046 596 petitor,
2094 532 2334 659 qmXpe
2386 510 2564 598 apud
2616 512 2834 598 ipsum

719 610 1044 663 auctorem
1073 596 1450 683 argumenti,
1480 596 1770 682 peragit3
1821 604 1841 635 ⁶
1861 596 2161 694 puellam,
2239 597 2368 661 omi
2397 620 2550 661 suae
2581 610 2833 675 natam,

723 694 744 723 ‘
764 684 1059 770 furtoque
1104 682 1257 747 inde
1298 682 1363 745 in
1399 682 1662 745 domum
1701 680 1971 766 thmii
2011 682 2396 760 translatam,
2427 682 2836 771 suppositam

724 778 745 809 ‘
764 771 827 834 ei
856 792 1007 833 esse.
1101 768 1181 832 Id
1209 790 1275 832 se
1306 767 1544 832 indicio
1574 790 1714 831 com
1801 780 1970 831 rtum
1999 768 2244 845 afferre,
2273 770 2836 869 probaturumque

723 864 745 894 ‘
764 855 866 919 vel
895 856 1033 941 ipso
1063 852 1149 919 Vi
1227 852 1356 917 'nio
1386 852 1617 929 iudice,
1759 868 1954 939 quem
1982 854 2182 918 maior
2209 876 2352 940 pars
2379 854 2656 921 iniuriae
2691 879 2836 921 elus

723 951 743 979 ⁶
764 940 1095 1027 pertineat.
1292 939 1475 1003 terim
1534 938 1868 1003 dominum
1924 961 1991 1003 se
2039 940 2106 1004 ui
2165 940 2478 1017 ancillam,
2537 963 2618 1005 ae
2671 964 2834 1005 uum

724 1036 743 1064 ‘
764 1028 940 1091 esse.’
1044 1024 1362 1091 Advocati
1419 1023 1690 1112 puellae,
1751 1046 1954 1111 quum
2070 1025 2374 1111 irginium
2430 964 2833 1113 reipulhicae

720 1134 909 1177 causa
946 1112 1257 1177 dixissent
1302 1111 1538 1187 abesse,
1587 1110 1786 1175 biduo
1837 1111 2202 1189 affuturum,
2245 1112 2299 1175 si
2345 1115 2724 1179 nuntiatum
2769 1115 2834 1178 ei

722 1200 837 1275 sit3
877 1199 1170 1299 iniquum
1200 1220 1357 1277 esse,
1386 1199 1716 1262 absentem
1745 1196 1826 1261 de
1856 1196 2070 1261 liberis
2100 1197 2438 1275 dimicare3
2472 1199 2840 1285 postulant,

724 1297 797 1350 ut
824 1308 959 1349 rem
989 1298 1301 1372 mtegram
1330 1284 1399 1347 in
1426 1283 1623 1372 patris
1657 1282 2004 1347 adventum
2029 1283 2322 1361 differat3
2375 1285 2518 1370 lege
2559 1286 2646 1349 ab
2689 1288 2833 1373 ipso
2853 1316 2880 1363 7

722 1370 851 1436 lata
906 1372 1211 1437 vindicias
1268 1370 1381 1435 det
1440 1369 1794 1433 secundum
1855 1368 2250 1445 libertatem3
2327 1392 2456 1435 neu
2520 1372 2832 1457 patiatur,

722 1458 1031 1543 virginem
1072 1456 1353 1521 adultam
1391 1456 1593 1519 famae
1635 1454 1829 1541 prius,
1859 1476 2054 1540 quam
2093 1454 2419 1533 libertatis,
2459 1457 2838 1543 periculum

722 1542 915 1607 adire.
1008 1541 1263 1627 Appius
1290 1540 1548 1605 decreto
1621 1541 1911 1616 raefatus,
1961 1548 1980 1578 ⁶
2007 1539 2221 1615 Quam
2260 1542 2538 1607 libertati
2573 1542 2832 1621 faverit,
2851 1558 2880 1605 8

724 1636 745 1665 ‘
764 1650 906 1693 eam
951 1628 1149 1726 ipsam
1194 1626 1401 1712 legem
1443 1625 1566 1689 dec
1591 1646 1784 1702 arare,
1821 1648 2014 1712 quam
2043 1626 2323 1713 virginii
2365 1628 2556 1692 amici
2599 1644 2835 1716 postu-

724 1722 744 1751 ‘
764 1711 987 1777 latiom
1016 1734 1165 1776 suae
1196 1711 1634 1798 praetendant.
1702 1710 2008 1777 Ceterum
2033 1712 2124 1775 ita
2151 1713 2222 1775 in
2249 1734 2326 1777 ea
2347 1714 2606 1778 firmum
2629 1714 2879 1791 liber-9

724 1806 744 1835 ‘
765 1798 879 1865 tati
924 1799 1058 1861 fore
1106 1797 1511 1897 praesidium,
1559 1798 1613 1861 si
1659 1820 1779 1861 nec
1825 1799 2048 1875 causis,
2095 1821 2215 1863 nec
2266 1800 2549 1885 personis
2597 1803 2828 1867 variet.

724 1892 745 1921 ‘
766 1881 848 1948 In
885 1883 985 1947 his
1024 1906 1217 1960 emm,
1260 1905 1423 1981 quae
1468 1895 1826 1947 asserantur
1871 1884 1940 1947 in
1985 1883 2361 1963 libertatem,
2411 1886 2566 1972 quia
2611 1889 2834 1973 quivis
2855 1914 2873 1947 1

722 1978 743 2007 ‘
763 1970 903 2056 lege
932 1991 1118 2056 agere
1148 1980 1363 2055 possit,
1394 1968 1462 2032 id
1492 1968 1646 2033 iuris
1673 1992 1846 2045 esse3
1879 1970 1948 2033 in
1977 1992 2072 2047 ea,
2102 1994 2268 2056 quae
2297 1972 2366 2035 in
2395 1972 2596 2058 patris
2627 1996 2832 2039 manu

722 2064 742 2093 ‘
763 2056 862 2132 sit,
894 2055 1217 2119 neminem
1260 2077 1394 2119 esse
1438 2054 1653 2131 alium,
1691 2056 1795 2120 cui
1835 2055 2132 2120 dominus
2177 2058 2566 2155 possessione
2609 2060 2827 2125 cedat.

722 2150 741 2179 ‘
763 2141 1025 2207 Placere
1055 2141 1270 2227 itaque
1296 2152 1544 2228 patrem
1575 2141 1840 2206 arcessi:
1889 2141 2128 2206 interea
2174 2144 2330 2207 luris
2369 2144 2469 2207 sui
2507 2143 2832 2211 iacturam

723 2236 743 2265 ‘
762 2240 1135 2292 assertorem
1171 2248 1303 2293 non
1337 2227 1564 2303 faeere,
1595 2228 1756 2313 quin
1789 2226 1983 2291 ducat
2027 2228 2304 2314 puellam
2340 2230 2829 2317 sistendamque

723 2322 742 2351 ⁶
766 2313 833 2377 in
863 2313 1208 2377 adventum
1238 2313 1395 2389 eius,
1420 2312 1534 2398 qui
1563 2325 1744 2398 pater
1771 2312 2036 2390 dicatur,
2061 2316 2428 2400 promittat.'
2486 2316 2832 2382 Adversus

720 2398 1017 2465 iniuriam
1044 2397 1285 2463 decreti
1321 2420 1524 2484 quum
1563 2397 1748 2461 multi
1789 2398 1998 2485 magis.
2023 2400 2386 2479 fremerent,
2416 2424 2613 2489 quam
2641 2406 2830 2489 quis-

718 2507 911 2570 quam
970 2506 1136 2549 unus
1194 2484 1536 2548 reclamare
1594 2482 1898 2559 auderet3
1968 2485 2042 2548 P.
2087 2485 2509 2565 Numitorius,
2561 2489 2826 2574 puellae
2847 2512 2873 2543 2

719 2571 1087 2648 avtmculus,
1129 2584 1197 2643 et
1238 2592 1505 2656 sponsus
1547 2567 1766 2635 Icilius
1807 2569 2279 2647 interveniuntz
2329 2572 2608 2659 dataque
2649 2574 2830 2641 inter

780 2784 813 2833 6
844 2786 1142 2833 Auctoribus
1160 2786 1248 2847 qui
1267 2786 1500 2845 aderant]
1557 2784 1628 2834 Iis
1649 2786 1733 2847 qui
1798 2787 2042 2837 actionem
2076 2788 2140 2837 in·
2158 2789 2340 2839 iudicio
2367 2791 2638 2853 intendere,
2658 2800 2712 2843 et
2735 2812 2824 2845 ne-

718 2848 921 2895 aderant
948 2846 1160 2908 puellae,
1181 2847 1283 2895 sive
1311 2848 1564 2897 advocatis
1595 2852 1734 2910 puel-

720 2910 815 2967 lae,
836 2916 893 2958 ut
911 2909 1041 2957 infra
1064 2911 1397 2971 appellantur,
1416 2913 1736 2962 suadentibus

718 2972 763 3019 ei
799 2976 853 3019 ut
884 2978 1179 3033 sequeretur.
1248 2973 1437 3021 Eodem
1466 2990 1610 3023 sensu
1634 2992 1734 3023 ver-

716 3036 834 3081 bum
868 3037 1032 3083 adesse
1064 3042 1349 3096 usurpatum
1386 3042 1475 3094 est,
1502 3052 1631 3099 supr.
1661 3054 1733 3099 14.

716 3099 923 3159 etapud
943 3098 1302 3163 Hor.Sat.i.9.
1324 3102 1728 3152 Simeamac...

711 3164 921 3223 paulum
940 3164 1021 3211 Ιιίο
1042 3164 1171 3213 adse.
1204 3164 1369 3213 Cur.

786 3234 811 3287 7
848 3228 976 3288 Leye
1012 3228 1074 3275 ab
1112 3228 1216 3289 ipso
1252 3228 1382 3288 lata]
1435 3228 1496 3277 cf.
1528 3228 1731 3279 Gravin.

718 3289 819 3337 Iur.
844 3290 951 3338 Civ.
976 3291 1039 3337 de
1071 3290 1258 3352 legibus
1280 3305 1377 3339 xn.
1402 3291 1528 3342 Tab.
1563 3293 1650 3340 ubi
1681 3294 1731 3342 in

716 3351 840 3400 Tab.
870 3358 1011 3400 sexta
1037 3356 1097 3402 de
1124 3356 1354 3403 Dominio
1383 3361 1433 3404 et
1462 3356 1524 3404 dc
1549 3372 1731 3417 posses·-

714 3416 849 3473 ᾡηο
876 3416 1070 3477 legitur,
1090 3418 1249 3464 Aet-ri
1268 3419 1356 3479 qui
1376 3434 1518 3480 quem
1541 3420 1732 3469 liberali

714 3493 866 3525 causa
890 3493 1043 3527 mmm
1066 3480 1281 3541 adserat,
1298 3484 1564 3531 secundum
1586 3484 1727 3533 liber·

715 3547 862 3589 tatem
883 3542 1123 3591 vindicias
1140 3544 1266 3593 dato.
1531 3582 1534 3585 -

736 3652 743 3659 ,
780 3605 811 3651 8
844 3606 1003 3669 Quam
1022 3606 1261 3665 libertati]
1298 3622 1365 3657 sc.
1389 3606 1650 3664 Quantum
1673 3609 1728 3658 li-

715 3668 893 3717 bertati
914 3668 1101 3719 faverit.
1188 3724 1193 3732 ,

779 3746 811 3795 9
846 3732 1069 3781 Ceterum
1091 3734 1188 3793 ita]
1214 3733 1447 3781 Ceterum
1471 3750 1570 3782 non
1591 3734 1735 3785 aliter

714 3793 767 3841 in
788 3809 849 3843 ea
870 3793 976 3856 lege
998 3795 1193 3845 firmum
1220 3795 1434 3845 libertati
1460 3798 1566 3847 sore
1597 3814 1732 3860 prae-

715 3857 910 3917 sidium,
941 3873 1089 3920 quam
1125 3859 1168 3907 si
1200 3859 1289 3908 illa
1320 3858 1404 3909 lex
1436 3876 1536 3909 non
1571 3860 1727 3909 detor-

714 3927 924 3982 queatur
950 3922 1013 3971 ad
1041 3938 1211 3973 causas
1243 3926 1293 3972 et
1325 3938 1556 3985 personas
1575 3924 1726 3975 diver·

714 3998 792 4033 sas
812 3986 875 4033 ab
896 3985 973 4044 iis,
995 3986 1057 4034 de
1078 3984 1254 4048 quibus
1272 3986 1431 4049 accipi
1452 3988 1616 4037 debet.
1661 3992 1728 4039 In

712 4048 791 4099 hie
808 4052 937 4099 enim
962 4050 1195 4111 personis,
1206 4067 1332 4114 quae
1348 4066 1499 4113 quum
1517 4050 1569 4099 in
1585 4054 1726 4101 servi-

711 4118 820 4162 tute
846 4113 962 4172 sint,
982 4122 1269 4162 asserantur
1288 4115 1344 4161 in
1364 4115 1653 4173 libertatem,
1673 4118 1728 4165 id

710 4178 837 4225 iuris
856 4194 974 4235 esse,
994 4176 1027 4225 i.
1050 4190 1092 4223 e.
1116 4176 1210 4224 hoc
1230 4176 1307 4223 ius
1328 4176 1524 4235 servari,
1547 4192 1726 4241 nempe

708 4244 765 4286 ut
790 4238 1027 4287 vindiciae
1047 4239 1223 4286 dentur
1242 4240 1508 4289 secundum
1534 4241 1724 4291 liberta-

710 4306 832 4359 tem,
854 4304 973 4363 quia
994 4302 1155 4363 quivis
1170 4304 1322 4365 pouit
1342 4304 1445 4364 leae
1459 4320 1623 4365 affere,
1639 4304 1722 4356 i.e.

1795 2851 1984 2912 gotium
2011 2853 2064 2901 in
2085 2868 2138 2901 se
2159 2854 2418 2917 suscipere.
2479 2859 2550 2905 In
2569 2874 2632 2908 ea
2652 2874 2824 2920 perso-

1799 2930 1880 2973 na,
2071 2918 2128 2965 in
2161 2921 2324 2979 patris
2355 2936 2510 2969 manu
2539 2923 2622 2981 ἀι,
2655 2925 2827 2983 qualis

1799 2984 1903 3025 erat
1969 2978 2154 3042 irginia,
2168 2985 2408 3032 neminem
2427 3000 2528 3033 esse
2544 2986 2722 3045 alium,
2735 2990 2824 3035 cui

1798 3043 2036 3101 dmninm,
2059 3043 2089 3091 i.
2113 3059 2155 3092 e.
2178 3044 2220 3092 is
2239 3046 2322 3105 qui
2351 3060 2404 3094 se
2429 3046 2688 3096 dominum
2713 3064 2826 3099 esse

1799 3106 2066 3163 contendit,
2101 3108 2188 3155 lite
2221 3111 2485 3170 pendente,
2515 3116 2824 3173 pnsum-'oum

1795 3171 1951 3227 cedat,
1967 3170 2082 3231 quia
2101 3173 2234 3219 solus
2255 3178 2412 3233 pater,
2427 3174 2565 3223 cuius
2587 3174 2640 3223 in
2661 3191 2822 3226 manu

1795 3230 1874 3290 sit,
1897 3244 2004 3280 eam
2027 3234 2319 3283 defendendi
2347 3242 2396 3284 et
2413 3236 2705 3287 ‘vindicandi
2741 3239 2822 3290 ius

1793 3294 1986 3345 habeat.
2020 3297 2181 3346 Cnsv.
2525 3330 2532 3335 ·

1865 3372 1884 3405 ι
1924 3362 2055 3417 Quia
2075 3363 2236 3422 quivis
2253 3364 2358 3424 leae
2377 3379 2524 3425 aym
2537 3368 2722 3427 pouit]
2763 3368 2818 3416 Is

1795 3421 1898 3480 qui,
1919 3436 2071 3483 quum
2093 3424 2310 3485 serviret,
2329 3441 2434 3475 sese
2457 3428 2510 3476 in
2531 3428 2816 3479 libertatem

1799 3483 2028 3533 vindicari
2057 3489 2356 3549 postulabat,
2375 3506 2476 3539 non
2509 3498 2706 3553 peterat
2739 3494 2818 3542 ius

1793 3560 1937 3595 suum
1959 3550 2154 3612 proprio
2175 3552 2375 3601 nomine
2399 3555 2639 3617 persequi.
2707 3556 2814 3605 Ne—

1793 3625 1926 3659 cesse
1946 3619 2067 3671 erat,
2087 3618 2144 3662 ut
2165 3614 2314 3664 homo
2335 3616 2459 3667 liber
2481 3619 2702 3693 periculo
2721 3636 2816 3669 suo

1793 3688 1988 3722 causam
2003 3676 2108 3724 eius
2123 3680 2360 3727 tuendam
2375 3690 2658 3743 susciperet.
2693 3684 2812 3733 Cui-

1797 3736 2058 3849 gagssloem
2079 3755 2109 3789 e
2130 3744 2317 3805 populo
2337 3744 2429 3795 ina
2447 3747 2578 3795 actio
2599 3747 2814 3795 dabatur

1857 3878 1884 3911 α
1918 3866 1982 3913 Ρ.
2025 3869 2353 3930 Numitorius,
2401 3872 2600 3933 puellae
2649 3890 2812 3925 mn·-

1789 3928 1956 3990 culus]
2008 3929 2126 3983 Non
2160 3948 2286 3983 avus
2317 3940 2375 3983 ut
2411 3949 2474 3983 ex
2513 3940 2814 3998 compendio

1791 3992 2057 4054 scripturae
2101 3995 2277 4057 legitur
2309 3997 2360 4046 in
2395 4000 2624 4049 omnibus
2657 4002 2811 4053 MSS.

1793 4060 1844 4103 et
1875 4062 1997 4107 antt.
2023 4058 2136 4107 edd.
2159 4060 2222 4109 cs.
2247 4060 2356 4111 inst.
2380 4074 2458 4123 54.
2487 4069 2540 4112 et
2562 4063 2716 4114 Dion.
2741 4067 2811 4117 xi.

1791 4118 1867 4167 28.
1913 4120 1996 4180 qui
2039 4121 2176 4182 dicit,
2221 4122 2274 4172 N
2276 4124 2554 4177 umitoriam
2593 4128 2812 4191 virginii

1788 4190 2077 4296 {ix-oremRet
2109 4200 2318 4237 sororem
2356 4188 2500 4239 huius
2535 4190 2588 4240 N
2590 4192 2812 4243 umitorii

1809 4260 1949 4295 uisse.
2029 4262 2104 4298 ur.
