3000 4784
793 122 975 190 LIB.
1021 124 1143 191 Iv.
1204 124 1428 191 CAP.
1474 130 1581 191 43.
2117 128 2242 193 267

226 268 437 353 ..numa
460 280 671 343 quum
696 257 843 323 odio
876 256 1235 345 Sempronii
1256 259 1586 325 consulare
1607 281 1846 325 nomen
1867 260 2243 337 offenderet,
2269 273 2336 325 U.
2359 273 2419 323 C.
2445 286 2556 336 332·

248 344 431 406 bunos
464 344 745 409 militum
780 344 1097 411 consulari
1135 358 1445 433 potestate
1488 346 1692 411 creari
1729 346 1929 411 iussit.
2023 345 2244 411 Creati
2265 338 2326 387 A.
2361 338 2420 388 0·
2444 352 2558 423 ⁴²?-

276 442 297 491 t
350 428 426 493 L.
466 428 759 495 Manlius
809 431 1231 518 Capitolinus,
1282 430 1365 508 Q.
1400 432 1726 499 Antonius
1779 432 2116 510 Merenda,
2163 432 2240 497 L.
2267 448 2334 498 U.
2360 450 2420 498 Ο.
2445 460 2556 509 333·

210 515 431 611 apii-ius
460 515 881 604 Mugillanus-
973 516 1298 619 Principio
1326 518 1540 583 statim
1569 518 1722 583 anni
1761 518 1840 585 L.
1863 518 2246 585 Hortensius
2262 514 2325 561 A.
2359 512 2418 561 0·
2446 526 2558 586 4¹,9-

232 602 427 698 hunus
473 603 689 690 plebis
749 603 827 669 C.
866 602 1244 691 Sempromo
1288 605 1536 669 consuli
1581 606 1736 669 anni
1783 606 2012 694 prioris
2070 606 2240 671 diem
2263 576 2580 689 ἓῇίιιῗξῖᾗ,

278 701 337 751 t:
382 711 595 775 quem
637 712 837 777 quum
880 704 1183 790 quattuor
1224 690 1524 779 collegae,
1567 692 1962 778 inspectante
2007 692 2245 793 populo
2263 703 2582 766 Sempronius

250 796 453 853 mana,
489 790 770 854 orarent,
800 799 884 841 ne
915 791 1362 864 imperatorem
1391 801 1578 842 suum
1619 778 1974 857 innoxium,
2005 802 2076 843 in
2115 800 2246 865 quo
2261 774 2519 816 accusatur

190 858 209 872 '
256 858 295 922 ’1
338 876 607 947 praeter
650 862 972 928 fortunam
1018 862 1399 951 reprehendi
1442 879 1674 951 posset,
1714 881 2011 931 vexaret:
2059 888 2245 951 aegre
2262 833 2568 949 tiz-Horten-

214 949 531 1014 orte—usius
562 950 716 1037 pati,
748 950 1167 1015 tentationem
1198 973 1339 1014 eam
1380 950 1648 1016 credens
1677 974 1810 1017 esse
1841 974 2250 1039 perseveran-

288 1056 489 1112 suae3
542 1059 664 1100 nec
691 1036 987 1123 precibus
1014 1036 1432 1113 tribunorum,
1456 1060 1622 1123 quae
1653 1038 1720 1101 in
1750 1038 2026 1125 speciem
2057 1038 2250 1104 modo

236 1133 477 1199 tentur,
532 1122 649 1187 sed
696 1121 935 1187 auxilio
980 1121 1303 1187 confidere
1355 1144 1556 1189 reum.
1648 1122 1876 1223 Itaque
1930 1125 2122 1190 modo
2169 1124 2253 1189 ad

220 1228 281 1269 m
318 1229 699 1287 conversuS,
746 1217 767 1248 ‘
786 1208 921 1273 Ubi
960 1208 1053 1273 illi
1095 1208 1345 1295 patricii
1377 1208 1656 1295 spiritua,
1697 1211 1808 1275 ubi
1851 1210 2146 1275 subnisus
2187 1222 2254 1275 et

141 1292 381 1390 g‘fidens
410 1295 829 1361 innocentiae
866 1294 1115 1359 animus
1142 1308 1307 1359 esset
1326 1295 1382 1359 ?'
1427 1296 1812 1381 quaerebat3
1863 1304 1882 1333 ‘
1903 1296 2021 1361 sub
2053 1296 2254 1361 tribu-

139 1380 341 1443 ÷⁶mcia
371 1383 615 1448 umbra
644 1380 1039 1447 consularem
1067 1381 1274 1445 virum
1302 1380 1628 1447 delituisse
1647 1383 1686 1447 :’
1729 1382 1922 1448 modo
1951 1381 2034 1446 ad
2061 1380 2256 1447 colle-

135 1472 263 1551 ga&
312 1476 333 1505 ‘
356 1468 511 1534 Vos
554 1481 791 1547 autem,
836 1468 889 1533 si
932 1490 1115 1532 reum
1164 1489 1420 1555 perago,
1466 1468 1629 1554 quid
1671 1469 1874 1535 acturi
1916 1468 2117 1533 estis?
2167 1491 2253 1533 an

146 1556 167 1587 ‘
182 1556 479 1639 erepturi
516 1556 617 1619 ius
652 1554 891 1642 populo
932 1568 997 1621 et
1034 1554 1317 1619 eversuri
1356 1555 1763 1621 tribuniciam
1797 1568 2176 1643 potestatem
2195 1555 2254 1620 ?’

150 1636 369 1711 Quum
432 1641 555 1718 illi,
612 1650 631 1680 ‘
648 1654 717 1706 et
772 1640 855 1705 de
908 1639 1285 1728 Sempronio
1336 1653 1405 1706 et
1451 1640 1534 1707 de
1587 1643 1882 1709 omnibus
1941 1664 2256 1707 summam

144 1732 163 1761 ‘
182 1726 413 1813 populi
466 1728 746 1793 Romani
876 1740 1167 1793 testatem
1211 1728 1387 1807 esse,’
1428 1726 1736 1808 dicerent,
1785 1737 1805 1769 ‘
1820 1752 1940 1795 nec
1975 1751 2042 1795 se
2087 1728 2258 1793 iudi·

144 1818 163 1847 ‘
184 1811 357 1877 cium
414 1814 645 1903 populi
691 1826 757 1879 to
804 1836 910 1878 ere
955 1826 1069 1879 aut
1108 1812 1293 1891 velle,
1337 1827 1449 1879 aut
1490 1838 1715 1901 posse3
1762 1815 1896 1894 sed,
1941 1816 1996 1879 si
2037 1836 2258 1903 preces

146 1904 165 1933 ‘
182 1920 335 1997 ⁸suae
366 1924 497 1989 pro
524 1900 923 1988 imperatore,
946 1901 1062 1987 qui
1090 1900 1211 1965 sibi
1238 1902 1518 1987 parentis
1540 1915 1707 1967 esset
1733 1901 1894 1979 loc0,
1919 1925 2050 1967 non
2078 1901 2258 1968 valu-

148 1992 167 2021 ‘
182 2002 407 2066 lssent,
460 2010 529 2052 se
580 1998 821 2051 vestem
872 2008 1020 2051 cum
1064 2008 1144 2050 eo
1190 2000 1542 2052 mutaturos
1563 1989 1602 2053 ε’
1659 2000 1796 2053 tum
1854 1987 2256 2065 Hortensiae,
2276 2003 2507 2053 Donatur

150 2078 169 2107 ‘
186 2068 252 2133 N
256 2096 347 2137 on
382 2073 673 2150 videbit:
702 2072 933 2160 inquit,
977 2080 998 2111 ‘
1012 2071 1195 2160 plebs
1239 2072 1534 2138 Romana
1575 2073 1932 2139 sordidatos
1971 2074 2258 2139 tribunos
2277 2066 2536 2143 precibus„

114 2164 167 2229 '1‘
182 2179 353 2225 suos.
458 2158 537 2225 C.
575 2159 1021 2247 Sempronium
1072 2158 1237 2223 nihil
1288 2181 1519 2236 moror,
1573 2158 1833 2246 quando
1879 2157 2002 2224 hoc
2049 2171 2147 2223 est
2189 2160 2260 2223 in
2275 2130 2554 2194 Tempmn.

152 2252 172 2281 ‘
186 2244 471 2333 imperio
518 2258 913 2323 consecutus,
960 2258 1035 2309 ut
1076 2259 1207 2310 tam
1250 2268 1432 2310 carus
1476 2260 1642 2312 esset
1684 2244 2028 2309 militibus)
2116 2244 2260 2311 Nec

148 2330 355 2415 pietas
386 2346 695 2420 quattuor
720 2332 1141 2409 tribunorum,
1173 2354 1367 2417 quam
1410 2329 1744 2395 Hortensii
1775 2343 1906 2395 tam
1943 2330 2258 2417 placabile

146 2418 237 2569 Edi
250 2419 461 2486 iustas
480 2440 701 2506 preces
726 2418 1079 2505 ingenium,
1102 2418 1341 2505 pariter
1366 2415 1544 2503 plebi
1571 2416 1994 2503 Patribusque
2025 2416 2262 2502 gratior

242 2520 285 2571 t·
416 2512 439 2526 .

234 2592 404 2658 Non
435 2592 675 2657 diutius
710 2591 969 2657 fortuna
999 2590 1247 2677 Aequis
1290 2588 1574 2667 indulsit,
1607 2590 1721 2676 qui
1762 2590 2126 2689 ambiguam
2164 2588 2261 2651 vi-

150 2681 427 2744 ctoriam
447 2678 825 2744 Volscorum
892 2700 965 2743 ro
988 2700 1103 2743 sua
1122 2675 1401 2777 amplexi
1420 2675 1689 2742 fixerant.
1763 2675 2068 2742 Proximo
2089 2697 2260 2739 anno

156 2764 239 2831 N.
263 2766 473 2831 Fabio
494 2764 838 2843 Vibulan0,
921 2810 937 2829 .
969 2764 1296 2841 Quinetm,
1326 2761 1678 2850 Capitolini
1707 2762 1860 2841 filio,
1890 2761 2258 2850 Capitolino
2278 2763 2346 2813 U·
2371 2764 2430 2814 C·
2453 2777 2564 2825 334·

155 2852 546 2930 consulibua,
598 2850 798 2915 ductu
844 2848 1043 2928 Fabii,
1090 2850 1195 2915 cui
1238 2864 1404 2915 sorte
1452 2872 1532 2915 ea
1573 2851 1900 2937 provincia
1939 2862 2256 2927 evenerat,
2276 2828 2432 2941 §2131
2456 2830 2568 2941 ΕΞ·

154 2939 321 3004 nihil
360 2938 632 3038 dignum
669 2949 1024 3003 memoratu
1056 2950 1287 3003 actum.
1384 2936 1608 3011 Quum
1651 2936 1964 3024 trepidam
2011 2950 2258 3001 tantum
2276 2956 2376 3015 bio,
2398 2956 2460 3006 Τ.

158 3025 589 3093 ostendissent
644 3024 846 3089 aciem
914 3022 1153 3110 Aequi,
1214 3023 1385 3111 turpi
1442 3024 1595 3111 fuga
1649 3024 2026 3103 funduntur,
2087 3022 2261 3088 haud
2279 3021 2520 3135 &ginno

2379 2681 2486 2741 43.

1244 3209 1339 3257 isse
1361 3208 1623 3257 existimat.
1658 3207 1706 3256 ii.
1729 3214 1832 3256 not.
1856 3206 1966 3270 869.

1320 3285 1347 3335 5
1383 3274 1441 3331 Q.
1474 3274 1725 3321 Antonius
1761 3271 2033 3329 Merenda]
2093 3271 2262 3328 Quem

1248 3334 1496 3398 plebeium
1531 3334 1678 3383 fixisse
1711 3338 1876 3382 censet
1911 3332 2115 3383 Niebhr.
2139 3332 2187 3382 ii.
2213 3350 2262 3397 p.

1249 3412 1359 3461 423·
1382 3405 1435 3447 et
1456 3398 1636 3446 idcireo
1657 3412 1772 3445 eum
1807 3402 1970 3459 patres
2001 3412 2167 3459 passos
2192 3414 2264 3446 es-

1248 3478 1301 3511 se
1343 3461 1596 3510 tribunum
1641 3460 1810 3519 creari,
1847 3466 1920 3518 ut,
1962 3460 2014 3508 in
2057 3461 2262 3522 gratiam

1249 3525 1407 3588 plebis
1427 3525 1542 3574 odio
1559 3524 1835 3588 Sempronii
1857 3524 2133 3573 ferocientis
2146 3540 2263 3587 quo-

1248 3590 1514 3639 dammodo
1535 3588 1762 3637 redirent.

156 3218 380 3263 tui-iones
426 3212 563 3275 apud
610 3210 817 3274 equites,
858 3211 945 3259 sed
1000 3208 1183 3272 proprii

160 3284 301 3327 erant
324 3277 399 3327 illi
422 3276 722 3340 pedestrium
749 3274 1018 3338 copiarum.
1084 3274 1183 3322 Sed

162 3342 211 3391 hi
246 3342 455 3404 equites,
478 3355 629 3401 quum
662 3339 767 3388 sine
800 3338 939 3399 equis
971 3342 1075 3385 tum
1112 3352 1182 3384 es-

160 3414 289 3465 sent,
333 3420 423 3468 pro
466 3403 772 3467 pedestribus
814 3400 969 3462 copiis
1014 3400 1185 3447 haberi

162 3474 429 3533 potuerant
472 3474 523 3517 et
565 3468 841 3524 voluerant,
882 3472 1032 3525 atque
1076 3463 1185 3511 ideo

162 3534 253 3583 sibi
276 3534 516 3595 quosdam
540 3531 677 3593 quasi
706 3528 1016 3579 centuriones
1047 3542 1182 3589 prae-

164 3601 397 3648 fecerant.
431 3596 594 3646 Cau.
660 3594 762 3643 Alii
784 3594 953 3656 legunt
965 3594 1023 3641 L.
1036 3592 1184 3641 Ami-

160 3666 313 3712 niam
334 3668 386 3711 et
405 3663 519 3710 Seae.
531 3660 846 3722 Pompilium.
870 3658 931 3707 cf.
950 3656 1059 3705 inst.
1074 3672 1153 3716 44.

231 3744 264 3787 4
296 3727 464 3777 Creon·
482 3724 627 3782 mm]
670 3722 868 3785 Sigonio
902 3720 1093 3769 videtur
1122 3722 1183 3768 L.

166 3792 365 3841 Servilia·
396 3803 579 3837 nomen
618 3786 805 3835 incuria
836 3785 1049 3847 quadam
1086 3784 1183 3833 hoc

168 3869 300 3904 anno
348 3850 667 3910 intercidisse,
710 3849 895 3911 quippe
937 3847 1023 3910 qui
1071 3847 1181 3896 infr.

172 3932 249 3981 47.
266 3918 491 3967 tribunus
509 3914 615 3963 mil.
632 3928 763 3963 cons.
788 3918 963 3975 potest.
1006 3914 1184 3961 iterum

172 3988 363 4032 creatus
392 3980 471 4028 sit.
550 3975 825 4027 Niebuhrio
864 3976 985 4025 haec
1024 3975 1184 4023 conie-

173 4054 311 4095 ctura
323 4044 521 4102 arridet,
533 4041 619 4103 qui
634 4041 727 4089 hoc
740 4055 887 4099 anno,
904 4054 1057 4101 quum
1070 4054 1185 4089 cen-

174 4126 301 4159 sores
330 4106 457 4157 nulli
492 4110 669 4164 essent,
690 4104 823 4153 haud
855 4102 1005 4151 dubie
1036 4101 1183 4165 patri-

176 4174 304 4227 cium
341 4171 591 4236 quendam
628 4168 737 4219 urbi
770 4166 1073 4233 praefectum
1108 4166 1185 4219 fu·

1312 3652 1345 3703 6
1376 3655 1431 3703 Si
1452 3670 1592 3703 reum
1609 3653 1819 3716 perago]
1867 3652 1920 3703 si
1941 3650 2098 3702 efficio
2120 3668 2262 3702 accu-

1248 3716 1435 3793 satione
1476 3732 1606 3778 mea,
1641 3723 1700 3767 ut
1737 3719 2009 3767 damnetur.
2062 3718 2122 3766 cf.
2153 3718 2264 3767 infr.

1248 3797 1379 3832 xxiv.
1405 3796 1481 3845 25.

1316 3858 1342 3908 7
1374 3848 1524 3895 Nihil
1541 3848 1724 3907 moror]
1771 3846 2004 3895 Solennia
2025 3848 2171 3893 verba
2191 3845 2264 3893 iu-

1248 3910 1371 3959 dicis
1403 3926 1541 3959 reum
1567 3910 1874 3959 dimittentis.
1941 3908 2078 3965 Quin
2107 3915 2157 3957 et
2185 3923 2263 3955 ea-

1249 3975 1363 4023 dem
1407 3974 1508 4023 fere
1551 3975 1762 4023 formula
1805 3974 2034 4021 utebatur
2077 3972 2266 4027 consul,

1248 4038 1327 4087 vel
1342 4039 1622 4101 quicunque
1643 4042 1866 4087 senatum
1889 4036 2186 4093 dimittebat,
2195 4034 2266 4081 di-

1246 4102 1423 4161 condo,
1438 4102 1570 4151 nihil
1587 4119 1670 4152 vos
1686 4117 1948 4157 moramur,
1963 4100 2142 4146 Patres
2159 4113 2267 4145 eon-

1246 4167 1435 4231 scripti.
1458 4164 1638 4219 ‹tf-inst.
1653 4164 1752 4216 viii.
1767 4177 1846 4229 35.
1861 4161 1983 4213 xliii.
1999 4158 2071 4212 16.
2091 4160 2267 4212 Dux.
