3000 4784
818 224 1009 291 LIB.
1056 224 1177 292 111.
1240 226 1459 294 cAP.
1496 188 1612 295 58.
2135 235 2267 295 209

164 358 424 423 didatus
452 380 597 423 cum
628 361 973 448 gentilibus
1002 363 1463 451 clientibusque
1500 367 1570 429 in
1598 365 1734 429 foro
1765 364 2108 453 prensabat
2127 366 2258 429 sin-
2279 380 2346 431 U.
2370 382 2428 431 C.
2455 382 2562 444 30⁶·

162 445 389 530 guloe3
438 448 803 534 orabatque,
852 458 870 487 ‘
894 448 1001 515 Ne
1046 448 1354 515 Claudiae
1396 452 1575 539 genti
1619 474 1760 516 eam
1805 452 2078 516 inustam
2123 474 2256 517 ma·
2273 446 2334 493 ⁴⁴·
2369 448 2428 495 Ο·
2451 447 2566 521 ⁴435·

168 540 189 567 ‘
210 532 423 596 culam
470 533 727 612 vellent,
778 548 851 599 ut
895 559 1145 602 carcere
1192 550 1257 601 et
1300 537 1571 603 vinculis
1616 538 1986 603 viderentur
2030 538 2209 626 digni
2233 562 2250 603 t
2272 510 2585 635 ggocfffflfg'

116 635 147 682 3
167 626 188 655 ‘
208 619 439 697 virum,
497 619 1016 688 honoratissimae
1090 623 1382 711 imaginis
1444 622 1730 689 flaturum
1795 624 1879 690 ad
1950 638 2251 711 posteros,
2271 589 2576 701 deproffiur.

166 704 429 793 ‘legum
469 705 733 773 latorem
772 710 1292 797 conditoremque
1324 709 1601 775 Romani
1642 711 1814 789 iuris,
1844 712 2047 777 iacere
2077 713 2256 778 vinc-

164 800 189 829 ‘
208 804 356 856 tum
380 793 553 858 inter
576 795 747 859 fiires
774 808 1117 861 nocturnos
1144 818 1219 861 ac
1246 796 1538 862 latrones·
1633 798 2018 863 Averterent
2051 798 2130 863 ab
2159 800 2255 865 ira

162 887 185 915 ‘
206 900 555 967 parumper
605 881 688 946 ad
737 882 1167 969 cognitionem
1216 884 1794 972 cogitationemque
1847 884 2130 949 animos:
2185 900 2254 951 et

165 974 186 1002 ‘
208 966 423 1051 potius
482 989 683 1032 unum
740 982 835 1033 tot
896 968 1184 1035 Claudiis
1240 970 1726 1057 deprecantibus
1797 972 2248 1051 condonarent,

162 1060 187 1089 ‘
208 1074 405 1139 quam
462 1074 581 1142 pro
626 1067 726 1119 ter
779 1056 967 1121 unius
1026 1056 1245 1121 odium
1294 1056 1641 1123 multorum
1689 1080 1908 1145 preces
1959 1080 2255 1145 asperna-

162 1147 185 1177 ‘
206 1152 448 1204 rentur.
658 1164 913 1229 quoque
943 1142 1012 1207 id
1048 1144 1270 1231 generi
1308 1166 1383 1208 ac
1423 1144 1670 1208 nomini
1699 1143 1892 1221 dare3
1939 1166 2060 1208 nec
2101 1168 2250 1209 cum

162 1234 185 1263 ‘
204 1248 285 1290 eo
332 1225 403 1290 in
445 1228 707 1315 gratiam
752 1229 1008 1307 redisse,
1040 1231 1221 1295 cuius
1263 1230 1558 1295 adversae
1597 1229 1886 1295 fortunae
1918 1230 2074 1295 velit
2107 1254 2256 1297 suc-⁶

162 1322 183 1350 ‘
204 1334 485 1378 cursum.
579 1314 829 1382 Virtute
858 1315 1214 1381 libertatem
1243 1334 1676 1403 recuperatam
1705 1339 1872 1381 esset
1912 1316 2250 1383 clementia

160 1408 185 1437 ‘
206 1401 615 1465 concordiam
637 1402 932 1468 ordinum
960 1402 1223 1468 stabiliri
1251 1404 1473 1491 posse.'
1534 1402 1754 1481 Erant,
1779 1426 1938 1489 quos
1967 1417 2251 1469 moveret

156 1509 277 1551 sua
306 1489 509 1575 magis
534 1488 790 1575 pietate,
822 1512 1013 1577 quam
1044 1489 1199 1567 eius,
1229 1512 1347 1577 pro
1374 1512 1504 1577 quo
1543 1490 1790 1578 agebat,
1819 1512 2023 1555 causa.
2119 1490 2254 1556 Sed

158 1572 515 1661 Virginius,
562 1584 583 1613 ‘
608 1574 721 1640 Sui
748 1577 959 1663 potius
988 1588 1063 1641 ut
1088 1576 1576 1655 misererentur,’
1603 1577 1837 1656 orabat,
1872 1584 1893 1614 ‘
1909 1576 2202 1665 filiaeque
2227 1602 2246 1641 t

158 1668 183 1697 ⁶
204 1682 331 1725 nec
370 1662 579 1747 gentis
612 1659 940 1740 Claudiae,
976 1686 1245 1751 regnum
1288 1663 1357 1727 in
1398 1664 1653 1751 plebem
1687 1664 1962 1741 sortitae,
1993 1663 2108 1729 sed
2135 1688 2252 1729 ne-

160 1756 183 1785 ‘
202 1747 619 1813 ceam-iorum
653 1748 981 1837 Virginiae
1021 1763 1089 1814 et
1127 1750 1319 1815 trium
1364 1750 1763 1816 tribunorum
1805 1773 2026 1837 preces
2068 1751 2254 1815 audi-

160 1843 181 1871 ‘
202 1846 393 1911 rent3
455 1836 587 1922 qui,
632 1837 716 1901 ad
758 1836 1063 1901 auxilium
1115 1836 1319 1924 plebis
1368 1838 1582 1915 creati,
1628 1836 1650 1900 i
1726 1837 1748 1900 i
1842 1836 2002 1903 lebis
2052 1838 2250 1903 fidem

160 1929 183 1959 ‘
204 1934 403 2007 atque
443 1922 750 1987 auxilium
788 1922 1234 2012 implorarent!
1319 1922 1622 1989 Iustiores
1651 1859 1784 1989 {sae
1957 1923 1972 1937 ⁰
2153 1924 2250 1989 vi·
2266 1945 2459 2011 Appius
2481 1947 2573 1997 sibi

160 2016 180 2047 ‘
204 2006 539 2074 ciebantur.
629 2008 876 2097 Itaque,
929 2032 1040 2097 spe
1088 2010 1305 2087 incisa,
1357 2010 1726 2098 priusquam
1775 2010 2062 2096 prodicta
2112 2011 2248 2076 dies
2264 2027 2436 2088 11090311
2460 2027 2573 2061 ⁶⁰¹²·

110 2124 141 2171 4
158 2094 434 2170 adesset,
465 2096 717 2184 Appius
744 2096 863 2161 sibi
892 2110 1160 2161 mortem
1190 2097 1510 2162 conscivit.
2263 2082 2440 2127 namt.

252 2180 541 2248 Subinde
586 2196 871 2285 arreptus
913 2205 953 2246 a
990 2182 1065 2249 P.
1089 2182 1455 2248 Numitorio
1488 2182 1596 2284 Sp.
1621 2182 1891 2271 Oppius,
1920 2182 2250 2270 proximus

158 2266 464 2347 invidiae,
501 2268 678 2356 quod
722 2292 793 2334 in
840 2270 994 2335 urbe
1032 2271 1255 2348 filerat,
1292 2292 1493 2357 quum
1540 2271 1809 2335 minstae
1850 2269 2162 2335 vindiciae
2208 2293 2248 2335 a

160 2354 413 2442 collega
438 2356 813 2421 dicerentur.
903 2356 1058 2421 Plus
1087 2370 1303 2421 tamen
1330 2358 1497 2422 facta
1522 2355 1754 2421 iniuria
1786 2355 2020 2444 Oppio,
2052 2380 2249 2444 quam
2265 2371 2460 2435 oppius
2561 2368 2568 2376 ’

114 2468 143 2515 5
160 2464 299 2506 non
340 2442 674 2529 prohibita,
712 2443 987 2508 invidiae
1025 2442 1197 2507 fecit.
1287 2442 1499 2506 Testis
1539 2441 1905 2529 productus,
1937 2443 2070 2528 qui,
2105 2466 2250 2530 sep-
2263 2441 2536 2485 ”cmm-

110 2544 143 2595 6
162 2542 297 2593 tem
338 2540 407 2592 et
441 2528 505 2594 vi
552 2529 667 2594 ’nti
702 2530 1087 2595 enumeratis
1125 2527 1477 2615 stipendiis,
1507 2528 1706 2592 octies
1743 2542 1924 2593 extra
1960 2528 2251 2593 ordinem

160 2615 459 2693 donatus,
557 2639 805 2705 onaque
852 2638 931 2681 ea
974 2636 1199 2703 gerens
1247 2615 1314 2679 in
1366 2624 1714 2701 conspectu
1767 2614 2008 2701 populi,
2061 2615 2256 2683 scissa

160 2716 339 2767 veste
370 2716 620 2790 tergum
648 2703 989 2769 laceratum
1022 2702 1219 2789 -virgis
1248 2700 1546 2778 ostendit,
1577 2700 1851 2767 nihilum
1881 2701 2246 2789 deprecans,

114 2812 143 2864 7
164 2798 183 2827 ‘
206 2788 389 2875 quin,
430 2790 483 2854 si
522 2814 713 2877 quam
749 2814 927 2856 suam
974 2812 1208 2855 noxam
1254 2810 1399 2853 reus
1444 2788 1656 2854 dicere
1702 2802 1933 2875 posset,
1969 2788 2254 2876 privatus

162 2878 441 2941 ‘iterum
472 2876 539 2941 in
569 2900 634 2942 se
674 2877 981 2944 saeviret-⁹
1068 2875 1177 2964 Op
1220 2874 1319 2940 ius
1348 2898 1604 2976 quoque
1636 2874 1866 2941 ductus
1899 2876 1970 2939 in
1995 2875 2252 2941 vincula
2267 2886 2331 2936 In
2357 2884 2551 2961 vinetus

160 2976 279 3040 est,
342 2974 411 3028 et
466 2976 613 3028 ante
672 2964 891 3029 iudicii
947 2964 1119 3030 diem
1176 2898 1373 3029 Finem
1430 2962 1521 3027 ib1
1569 2963 1737 3029 vitae
1794 2962 1962 3028 fecit.
2067 2962 2252 3030 Bona
2266 2952 2458 3025 duetus,
2479 2950 2548 2997 ¹¹³¹

164 3049 430 3115 claudii
486 3050 683 3138 oppii
728 3074 810 3115 ue
862 3051 1101 3117 tribuni
1151 3050 1571 3137 publicavere.
1666 3048 1970 3137 collegae
2028 3073 2250 3115 eorum
2265 3019 2486 3064 ¹¹¹⁰”‘¹²‘·

159 3136 373 3201 exsilii
418 3158 607 3202 causa
648 3160 721 3203 so
742 3160 855 3202 um
899 3148 1261 3203 verterunt:
1325 3137 1496 3201 bona
1585 3136 1862 3201 ublicata
1905 3148 2072 3201 sunt.
2164 3136 2254 3201 Et

164 3222 260 3287 M.
288 3222 620 3302 Claudius,
662 3236 929 3289 assertor
956 3222 1311 3311 virginiae,
1352 3222 1458 3287 die
1573 3233 1678 3286 cta
1717 3220 2074 3299 damnatus,
2115 3222 2138 3285 i

160 3310 529 3376 remittente
589 3311 887 3398 Virginio
958 3308 1245 3375 ultimam
1318 3328 1609 3395 poenam,
1681 3306 1978 3373 dimissus
2046 3244 2254 3375 Tiffi

216 3522 246 3570 3
268 3508 689 3558 Honor-actutum
703 3505 1183 3569 ὅπαρίπίεμίδιιρτ.
1319 3503 1351 3554 6
1386 3505 1551 3553 Extra
1593 3504 1808 3553 ordinem
1848 3506 2080 3565 ἀοηαωο]
2137 3506 2256 3555 Non

162 3571 283 3633 23⁴-
340 3570 441 3621 Sed
457 3573 521 3621 de
536 3574 647 3623 iure
660 3572 943 3633 mavimam.
972 3569 1183 3619 cssFuss.
1247 3582 1360 3617 cum
1393 3566 1649 3632 manipulo
1681 3580 1768 3617 suo
1800 3574 1888 3617 aut
1916 3568 2150 3628 centuria,
2172 3571 2258 3619 sed

164 3636 315 3685 Rom.
350 3637 469 3686 Ant.
504 3636 533 3696 ἦ
562 3635 673 3697 486.
705 3640 757 3685 et
791 3634 965 3697 Polyb.
1008 3633 1069 3683 vi.
1105 3646 1181 3695 53.
1246 3633 1379 3681 solus
1398 3636 1449 3681 et
1470 3636 1610 3681 extra
1631 3630 2018 3681 commilitonum
2039 3634 2256 3683 ordinem

164 3706 268 3750 not.
291 3700 370 3749 ed.
395 3700 829 3763 Schweighaeuser.
1246 3696 1467 3745 donatus.
1514 3696 1674 3759 Saepe
1689 3696 1939 3745 universus
1959 3696 2135 3761 aliquis
2155 3714 2258 3747 ma-

229 3783 262 3826 4
293 3766 400 3814 Sibi
420 3772 619 3815 mortem
639 3764 891 3823 conscivit]
942 3761 1093 3811 Dion.
1114 3761 1181 3811 ix.
1247 3760 1447 3823 nipulus
1484 3760 1549 3809 ob
1589 3759 1826 3824 insignem
1867 3760 1920 3809 in
1963 3778 2016 3810 re
2059 3762 2258 3813 militari

168 3842 245 3893 54.
267 3829 419 3879 tradit
437 3828 589 3893 Appii
610 3826 903 3877 necessarios
924 3840 1036 3875 eum
1057 3840 1182 3875 mor·
1246 3824 1530 3887 praestitam
1573 3840 1772 3887 operam
1811 3825 2096 3877 donabatur.
2159 3828 2260 3877 Sed

166 3896 233 3942 bo
252 3900 501 3943 mortuum
523 3893 791 3941 simulasse.
844 3890 1065 3948 Quidam
1086 3889 1182 3939 ius-
1248 3889 1514 3953 praecipuo
1565 3890 1822 3952 splendore
1871 3890 2155 3940 eminebant
2200 3906 2260 3939 ea

166 3974 224 4007 su
250 3958 557 4008 tribunorum
590 3962 821 4006 necatum
848 3955 995 4005 fixisse
1022 3952 1184 4003 existi-
1250 3954 1396 4014 dona,
1417 3968 1544 4016 quae
1570 3970 1698 4003 unus
1723 3954 1831 4019 quis
1861 3954 2002 4003 miles
2032 3960 2119 4003 aut
2147 3970 2257 4003 cen-

168 4024 387 4074 mahant.
433 4024 497 4072 cf.
518 4037 649 4085 supr.
672 4020 726 4070 ii.
748 4020 828 4070 61.
1250 4016 1377 4067 turio
1404 4023 1546 4068 extra
1565 4022 1832 4067 ceterorum
1865 4017 2086 4067 ordinem
2117 4018 2257 4066 refer-

234 4088 571 4151 580ptemet
596 4086 801 4149 niniati]
840 4085 961 4133 Post
992 4087 1189 4133 octoet
1250 4086 1339 4131 ret.
1373 4082 1536 4132 Cnnv.

170 4152 341 4215 viginti
361 4150 605 4215 stipendia
626 4154 911 4199 enumerata.
931 4148 1061 4199 cives
1083 4146 1183 4195 Ro·
1319 4158 1346 4208 7
1376 4148 1435 4195 Sc·
1470 4162 1618 4210 quam
1651 4146 1818 4220 aqam]
1877 4146 1928 4195 h.
1951 4161 1996 4195 e.
2029 4143 2086 4193 Si
2113 4154 2262 4203 quam

168 4216 303 4266 mani
335 4215 387 4265 in
420 4218 648 4274 seniores,
669 4214 755 4277 qui
777 4212 955 4262 militia
984 4211 1079 4261 nini
1103 4226 1185 4260 ex·
1250 4226 1431 4261 noxam
1452 4224 1485 4259 a
1505 4226 1556 4259 se
1576 4210 1836 4259 admissam
1857 4208 2072 4273 proferre
2102 4212 2266 4267 pos-ot

168 4278 495 4331 traordinaria
508 4281 770 4338 vacabant,
789 4276 987 4339 ascripti
1008 4281 1137 4325 sunt.
1252 4288 1365 4325 reus
1386 4274 1592 4336 oppius.
1627 4272 1792 4323 Dona.

258 4364 411 4409 VOL-
444 4364 487 4407 1.
1885 4352 1926 4395 1>
