3000 4784
838 227 1019 294 Lm.
1066 192 1205 294 m'
1253 228 1476 295 cAP.
1524 236 1628 295 41.
2159 234 2273 295 191

152 369 177 400 ‘
204 361 472 449 pulum,
520 364 573 427 si
619 364 691 427 in
736 376 959 428 senatu
1004 385 1120 451 per
1166 364 1510 428 factionem
1561 384 1694 427 non
1746 362 1950 427 liceat.
2045 361 2280 450 Neque
2301 378 2369 428 U.
2393 378 2452 429 c.
2477 392 2588 441 305·

156 458 183 487 ‘
208 450 403 513 enim
446 450 567 514 sibi
610 450 905 537 privato&
951 464 1063 513 aut
1112 451 1181 513 in
1228 450 1445 527 curia‚‘
1464 464 1576 513 aut
1620 450 1688 512 in
1735 449 2061 526 concione,
2099 470 2280 535 posse
2299 444 2360 491 A.
2393 443 2452 493 ⁰·
2477 456 2588 505 447·

162 545 185 576 ‘
212 536 519 611 obstare3
581 558 794 623 neque
852 559 921 601 se
972 536 1359 623 imaginariis
1407 535 1678 599 fascibus
1729 556 1951 599 eorum
2001 556 2284 599 cessuros

162 630 189 659 ‘
214 623 407 685 esse!
492 621 667 687 Tum
718 622 987 709 Appius,
1041 622 1169 685 iam
1216 643 1417 708 prope
1470 643 1606 686 esse
1657 632 1848 698 ratus,
1892 633 1981 697 ut,
2029 620 2099 683 ni
2149 621 2284 684 vio-

160 707 423 773 lentiae
464 728 685 771 eorum
730 708 867 806 pari
912 708 1307 772 resisteretur
1352 706 1634 783 audacia,
1665 707 1903 771 victum
1944 706 2282 792 imperium

104 811 145 860 9
164 807 353 857 esset
372 816 391 855 ε
444 800 465 829 ‘
486 789 643 856 Non
676 806 799 857 ent
834 792 1100 869 melius:
1130 794 1197 857 in
1246 794 1361 869 uit,
1410 802 1431 831 ‘
1452 793 1576 856 nisi
1605 792 1686 857 de
1717 812 1846 878 quo
1875 791 2280 869 consulimus,

114 906 141 938 1
172 888 195 919 ί
216 900 457 942 vocem
506 878 745 942 misioee
767 878 807 941 τ’
864 892 931 942 et
988 878 1071 942 ad
1123 878 1227 943 Va
1250 878 1473 955 crium,
1527 892 1868 964 negantem
1919 900 1985 942 se
2036 878 2284 963 privato

168 965 477 1041 reticere,
522 964 809 1028 lictorem
861 965 1160 1029 accedere
1212 964 1409 1028 iussit.
1500 961 1639 1027 Iam
1691 963 2038 1039 Quiritium
2087 964 2284 1027 fidem

169 1050 567 1136 implorante
591 1048 849 1114 Valerio
877 1073 917 1114 a
944 1049 1155 1115 curiae
1184 1050 1423 1132 limine,
1450 1049 1528 1115 L.
1555 1048 1892 1114 Cornelius
1913 1050 2286 1136 complexus

114 1155 149 1189 τ
174 1136 503 1222 Appium,
534 1158 665 1200 non
696 1135 803 1200 cui
829 1136 1165 1201 simulabat
1192 1136 1603 1212 consulendo,
1635 1135 1892 1200 diremit
1919 1149 2239 1200 certamen
2261 1158 2280 1197 ι

172 1222 487 1307 betaque
514 1244 631 1309 per
663 1220 1039 1287 Cornelium
1062 1221 1321 1287 Valerio
1348 1220 1607 1286 dicendi
1635 1222 1854 1307 gratia,
1880 1243 2042 1307 quae
2073 1220 2282 1297 vellet,

172 1330 395 1395 quum
434 1307 691 1372 libertas
730 1332 861 1372 non
902 1308 1068 1372 ultra
1096 1330 1316 1371 vocem
1348 1307 1734 1383 excessisset,
1767 1306 2108 1370 decemviri
2134 1329 2286 1405 pro-

174 1394 468 1481 positum
494 1406 773 1459 tenuere.
839 1392 1219 1458 Consulares
1242 1415 1500 1479 quoque
1533 1416 1606 1456 ac
1629 1392 1906 1456 seniores
1929 1392 2008 1455 ab
2031 1392 2284 1455 residuo
2303 1405 2528 1459 Vincunt

178 1480 567 1544 tribmiciae
614 1480 940 1565 potestatis
986 1480 1155 1556 odio,
1203 1478 1385 1543 cuius
1430 1478 1816 1543 desiderium
1863 1476 2038 1565 plebi
2085 1476 2286 1541 multo
2305 1470 2354 1517 ¹¹¹
2377 1481 2566 1547 senat-u·

178 1566 418 1642 acrius,
450 1588 643 1651 quam
673 1564 1013 1629 consularis
1041 1564 1311 1651 imperii,
1342 1566 1645 1629 rebantur
1677 1586 1832 1641 esse,
1863 1586 2062 1650 prope
2093 1562 2290 1626 male-
2303 1533 2580 1585 deoemvm.

180 1654 369 1727 bant,
418 1650 751 1737 postmodo
800 1650 823 1713 i
1018 1650 1410 1715 decemviros
1466 1650 1794 1715 voluntate
1855 1651 2026 1714 abire
2086 1649 2288 1735 magi-

184 1751 415 1813 stratu,
490 1759 638 1801 uam
658 1736 807 1800 invi
852 1736 925 1800 ia'
948 1758 1169 1801 eorum
1204 1758 1544 1823 exsurgere
1588 1758 1802 1801 rursus
1847 1736 2118 1823 plebem.
2218 1734 2288 1799 Si

186 1822 425 1888 leniter
444 1760 637 1888 ducta
662 1845 763 1887 res
790 1822 926 1887 sine
955 1821 1243 1909 populari
1272 1822 1541 1908 strepitu
1569 1822 1652 1886 ad
1679 1822 1970 1887 consules
1998 1821 2285 1898 redisset,

184 1921 309 1974 aut
353 1907 533 1973 bellis
578 1908 981 2007 interpositis,
1024 1920 1135 1971 aut
1182 1907 1618 1973 moderatione
1670 1907 2003 1973 consulum
2049 1908 2116 1971 in
2167 1907 2289 1971 im-

187 1994 390 2146 paeana
412 1994 811 2094 exercendis,
840 2016 1021 2081 posse
1063 1994 1133 2058 in
1172 1993 1556 2059 oblivionem
1597 1994 1995 2059 tribunorum
2032 1992 2288 2080 plebem

326 2102 449 2145 uc1.

136 2189 171 2236 3
290 2165 557 2231 Silentio
586 2165 851 2230 Patrum
890 2166 1160 2230 edicitur
1196 2164 1522 2231 delectusz
1571 2166 1868 2243 iuniores,
1911 2188 2114 2252 quum
2153 2166 2288 2228 sine
2309 2182 2573 2231 Delectum
2607 2208 2611 2215 -

192 2253 645 2341 provocatione
676 2252 1013 2339 imperium
1043 2266 1224 2329 esset,
1256 2251 1337 2316 ad
1378 2252 1640 2317 nomina
1665 2252 2068 2339 respondent.
2161 2250 2289 2315 Le-
2306 2246 2506 2295 habent.

194 2338 497 2426 gionibus
524 2338 789 2425 scriptis,
822 2338 990 2402 inter
1022 2360 1089 2401 se
1118 2338 1463 2403 decemviri
1500 2340 1966 2427 comparabant,
1999 2358 2160 2423 quos
2197 2336 2289 2401 ire

196 2424 285 2491 ad
334 2424 594 2501 bellum,
648 2446 807 2511 quos
864 2445 1151 2511 praeesse
1210 2425 1593 2488 exercitibus
1649 2435 1987 2511 oporteret.
2101 2422 2292 2487 Prin-

200 2512 379 2598 cipes
422 2510 591 2574 inter
634 2510 1024 2573 decemviros
1070 2523 1253 2572 erant
1300 2509 1384 2582 Q.
1418 2508 1651 2572 Fabius
1696 2522 1762 2574 et
1801 2508 1929 2594 Ap.
1958 2506 2288 2571 Claudius.

201 2596 459 2663 Bellum
488 2595 663 2661 domi
702 2596 922 2673 maius,
998 2616 1147 2659 uam
1176 2593 1343 2670 foris,
1374 2616 1456 2679 ap
1569 2594 1731 2657 ebat.
1775 2642 1796 2654 .
1824 2593 2024 2681 Appii
2053 2591 2298 2655 violen-

144 2707 183 2749 4
203 2684 359 2749 tiam
404 2682 711 2769 aptiorem
758 2682 877 2745 rati
1052 2679 1443 2766 comprimen
1490 2701 1562 2742 os
1607 2679 1880 2743 urbanos
1921 2692 2169 2742 motus:
2224 2680 2294 2741 in

204 2770 405 2835 Fabio
446 2769 657 2833 minus
700 2768 771 2831 in
822 2769 991 2832 bono
1042 2780 1353 2842 constanS,
1400 2786 1592 2851 quam
1645 2787 1878 2831 navum
1919 2765 1988 2829 in
2033 2762 2294 2841 malitia,

202 2858 271 2920 in
354 2855 533 2919 nium
580 2877 733 2920 esse.
828 2853 1023 2917 Hunc
1072 2852 1245 2917 enim
1290 2852 1516 2929 virum,
1557 2851 1882 2939 egregium
1927 2851 2078 2916 olim
2118 2851 2294 2915 domi

204 2965 297 3006 im
323 2941 619 3027 ‘tiaeque,
666 2940 1128 3005 decemviratus
1174 2938 1580 3026 collegaeque
1630 2940 1721 3003 ita
1765 2950 2180 3015 mutaverant,
2225 2948 2297 3001 ut

206 3026 431 3127 Appii,
507 3048 655 3091 uam
693 3026 811 3102 sui,
844 3024 1065 3089 similis
1103 3023 1321 3089 mallet
1358 3048 1513 3090 esse.
1607 3024 1782 3089 Huic
1811 3024 2047 3089 bellum
2078 3024 2146 3088 in
2182 3022 2296 3089 Sa-

205 3115 394 3190 bims,
516 3113 548 3177 ’.
586 3112 901 3178 Rabuleio
944 3123 1014 3183 et
1064 3109 1146 3184 Q.
1186 3110 1475 3175 Poetelio
1522 3111 1754 3175 additis
1800 3110 2073 3196 collegis,
2116 3132 2296 3175 man-

206 3200 445 3264 datum.
538 3197 635 3262 M.
665 3196 1007 3262 Cornelius
1035 3196 1103 3260 in
1134 3195 1441 3282 Algidum
1474 3195 1698 3260 missus
1726 3218 1872 3259 cum
1902 3195 1979 3259 L.
2003 3195 2296 3260 Minucio

158 3300 279 3359 5et
323 3283 401 3350 T.
440 3284 725 3349 Antonio
770 3296 839 3349 et
880 3282 965 3348 K.
1000 3281 1223 3347 Duilio
1270 3295 1338 3345 et
1386 3280 1482 3345 M.
1539 3280 1798 3367 Sergio:
1858 3279 1965 3368 Sp.
2012 3280 2298 3367 Oppium

1377 3490 1424 3559 Ι

276 3594 310 3644 9
340 3582 457 3629 Non
475 3582 571 3629 erit
588 3581 785 3640 melius]
838 3579 1003 3628 Verba
1034 3578 1220 3626 minan-
1352 3595 1383 3637 4
1416 3578 1483 3623 In
1504 3575 1658 3623 Fabio
1679 3575 1865 3633 mium]
1906 3574 2084 3621 Minus
2116 3571 2196 3620 hic
2228 3588 2300 3621 re·

214 3644 296 3703 tis,
326 3650 382 3692 ut
414 3642 521 3692 infr.
555 3644 633 3703 48.
679 3646 865 3707 quiesse
900 3645 995 3693 erit
1036 3644 1223 3692 melius.
1287 3639 1576 3688 solvendum
1599 3637 1791 3685 videtur
1809 3636 1861 3684 in
1883 3636 1972 3684 has
1987 3651 2130 3684 voces
2145 3638 2304 3698 may-‘s

218 3705 595 3757 Distincn'onem
638 3712 749 3769 post
788 3722 890 3757 m
942 3706 1225 3769 ponendum
1290 3719 1408 3762 non,
1424 3702 1670 3765 quomodo
1692 3700 1824 3762 apud
1844 3700 1956 3747 Ter.
1974 3698 2024 3747 in
2043 3699 2171 3749 Hec.
2189 3702 2302 3749 Act.

216 3778 382 3820 censet
404 3770 553 3820 Doer.
1292 3768 1357 3819 iv.
1379 3782 1445 3816 sc-
1467 3784 1515 3827 4.
1536 3768 1655 3815 Non
1677 3766 1764 3813 tibi
1784 3765 1911 3812 illud
1926 3765 2121 3823 sactum
2141 3768 2306 3812 minus

288 3850 309 3883 ι
343 3837 551 3884 Privato
577 3835 804 3895 reticere]
847 3834 928 3883 Ex
962 3833 1096 3882 iussu
1132 3832 1226 3896 pri·
1286 3834 1468 3895 placet,
1587 3846 1636 3878 m
1655 3830 1808 3878 miki:
1841 3827 1873 3877 i.
1887 3844 1929 3875 e.
1951 3828 2068 3876 Non
2088 3828 2180 3877 tibi
2201 3842 2304 3876 ma-

187 3915 199 3923 ‘
220 3899 318 3948 vati
340 3897 563 3947 hominis.
1290 3896 1363 3959 gis
1392 3896 1485 3944 illu
1551 3894 1738 3943 factum
1770 3908 1868 3941 non
1903 3892 2084 3954 placet,
2103 3907 2190 3941 seu
2211 3891 2306 3939 dis-

286 3978 313 4011 2
347 3964 465 4012 Nem
499 3965 581 4012 cm·
616 3964 877 4011 &uambae
912 3961 1225 4019 consulando]
1295 3960 1463 4022 plicet,
1507 3974 1656 4021 quam
1706 3956 1843 4006 mihi.
1935 3956 2116 4005 Sensus
2161 3954 2307 4016 igitur

222 4028 271 4079 h.
288 4042 329 4076 e.
354 4026 471 4075 Non
493 4040 661 4075 revera.
682 4024 885 4074 Valerio
914 4025 1232 4083 consulendo,
1295 4022 1412 4071 erit:
1454 4021 1506 4071 in
1543 4022 1696 4071 Fabio
1731 4020 1884 4083 magis
1921 4036 2025 4069 esse
2056 4017 2306 4081 ingenium

224 4090 301 4140 cui
322 4090 571 4139 consulere
591 4090 873 4147 simulabat,
894 4091 978 4138 sed
1002 4088 1183 4151 Appio.
1296 4102 1393 4135 non
1414 4092 1658 4145 constans,
1675 4085 1776 4134 sive
1794 4084 2074 4133 inconstans
2091 4083 2142 4131 in
2164 4083 2310 4139 bono,

291 4168 319 4215 3
346 4156 551 4203 Silene-’0
572 4155 811 4213 Petrum]
854 4168 920 4202 sc.
952 4153 1131 4213 Neque
1162 4167 1232 4199 se-
1296 4164 1443 4212 quam
1470 4166 1654 4199 navum
1675 4150 1727 4197 in
1749 4148 1953 4196 malitia.
1987 4148 2150 4196 Cam.
2212 4206 2223 4217 ·

224 4220 587 4267 natuseomulw
630 4218 779 4277 facto,
816 4231 974 4279 neque
1015 4216 1235 4277 patribus
1366 4226 1393 4275 5
1428 4216 1493 4262 K.
1514 4215 1712 4273 Duilio]
1753 4211 1979 4260 Duilium
2013 4214 2064 4255 et
2093 4208 2312 4279 Sergium

226 4298 279 4331 re
312 4282 615 4343 ugnantibus.
683 4280 745 4332 cf.
791 4278 1141 4330 wachnmuth.
1174 4293 1235 4339 ρ,
1300 4275 1477 4339 legioni
1503 4282 1838 4324 veteranorum
1870 4272 2142 4334 praefectos
2169 4270 2316 4317 stum

233 4298 335 4407 ὦ.
370 4344 519 4393 Dion.
542 4346 611 4393 xi.
636 4360 712 4394 αι.
736 4358 837 4392 rem
861 4344 1005 4392 aliter
1024 4348 1202 4391 narrat.
1302 4347 1467 4390 censet
1488 4338 1696 4393 Niebhr.
1718 4338 1769 4387 ii.
1791 4340 1892 4385 not.
1919 4346 2027 4395 742.
