3000 4784
870 248 1061 315 LIR
1108 248 1193 313 V.
1255 249 1477 316 CAP.
1525 258 1630 317 48.
2174 261 2302 321 339

160 384 571 449 necessariis
604 384 689 447 ad
726 383 1031 450 honorem
1067 385 1257 450 unius
1285 386 1403 449 viri
1443 386 1774 451 conferret
1867 386 2042 451 Tum
2080 388 2300 473 vigiles
2321 401 2387 451 U.
2409 400 2470 449 c,
2495 397 2604 461 365·

164 471 339 535 eius
368 470 513 547 loci,
544 494 673 557 qua
692 470 1001 535 fefellerat
1032 470 1379 537 ascendens
1406 472 1622 549 hostiS,
1647 472 1856 537 citati:
1905 486 1972 538 et
2047 498 2200 539 uum
2230 476 2298 538 in
2316 466 2376 515 A.
2412 465 2472 514 C·
2493 465 2607 526 387·

164 578 429 621 omnes
496 578 673 622 more
732 556 985 621 militari
1064 580 1133 621 se
1206 557 1790 623 animadversurum
1863 558 1946 634 Q
2029 560 2299 647 ulpicius

166 644 497 707 tribunus
522 642 797 707 militum
813 644 1317 729 pronuntiasset3
1366 644 1802 709 consentiente
1833 645 2102 710 clamore
2133 646 2299 709 mili-

110 758 139 791 π
170 741 361 805 mm,
392 729 464 793 in
508 751 709 793 unum
736 728 991 815 vigilem
1037 730 1516 794 coniicientium
1557 730 1831 830 culpam,
1861 731 2216 809 deterrime,
2259 755 2299 797 a

168 816 429 879 ceteris
468 815 807 879 abstinuit:
868 837 1049 879 reum
1091 814 1263 881 haud
1308 815 1576 880 dubium
1617 839 1754 881 eius
1801 840 2025 895 noxae,
2071 841 2302 905 appro-

168 901 498 965 bantibus
514 901 779 978 eunctis,
798 900 879 965 de
897 924 1050 965 saxo
1067 901 1317 967 deiecit.
1406 901 1569 967 Inde
1587 903 1960 967 intentiores
1977 904 2297 991 utrimque

170 986 527 1051 mxstodiae
568 1010 741 1063 esse3
803 1000 868 1052 et
907 987 1079 1075 apud
1127 986 1365 1064 Gallos,
1398 988 1552 1074 quia
1578 988 1904 1075 vulgatum
1947 1002 2100 1067 erat,
2130 990 2298 1055 inter

168 1072 401 1137 Veios
432 1072 833 1172 Romamque
876 1074 1135 1137 nuntios
1178 1095 1568 1150 commeare3
1625 1087 1692 1139 et
1733 1075 1906 1161 apud
1949 1074 2294 1153 Romanos,

170 1159 273 1223 ab
306 1159 605 1223 nocturni
626 1159 891 1245 penculi
920 1159 1240 1225 memoria.

286 1244 423 1309 Sed
453 1257 599 1309 ante
628 1246 844 1310 omnia
860 1245 1204 1309 obsidionis
1232 1245 1379 1309 belli
1430 1268 1511 1310 ue
1541 1245 1707 1309 mala
1734 1246 1930 1310 fames
1951 1254 2294 1333 utrumque
2418 1253 2523 1312 48.

114 1357 151 1391 2
176 1330 551 1395 exercitum
600 1332 897 1417 urgebat:
964 1330 1183 1395 Gallos
1232 1332 1389 1417 pest'
1419 1330 1594 1395 entia
1644 1332 1854 1408 etiam,
1904 1355 2104 1418 quum
2155 1334 2293 1397 loco
2315 1334 2356 1382 F
2356 1348 2494 1407 auges
2513 1342 2564 1409 e?

176 1418 448 1482 incente
506 1417 673 1480 inter
717 1416 990 1481 tumulos
1047 1429 1249 1481 castra
1291 1416 1616 1493 habenteS,
1663 1429 1800 1481 tum
1861 1418 1941 1482 ab
1982 1419 2296 1484 incendiis
2313 1397 2606 1459 pesulanus.

176 1502 440 1567 torrido
468 1515 534 1567 et
561 1503 809 1589 vaporis
895 1504 1059 1581 leno,
1090 1502 1518 1589 cineremque,
1552 1526 1683 1567 non
1727 1504 2054 1589 pulverem
2082 1504 2292 1582 mod0,

174 1589 461 1665 ferente,
492 1612 695 1675 quum
723 1524 895 1675 quid)
909 1590 1082 1653 venti
1112 1603 1359 1655 motum
1388 1602 1586 1653 esset:
1635 1612 1909 1676 quorum
1953 1590 2294 1655 intoleran-

120 1696 159 1744 3
180 1675 439 1739 tissima
478 1698 655 1761 genS,
686 1674 1064 1762 humerique
1109 1699 1182 1739 ac
1211 1676 1427 1762 stigori
1470 1688 1736 1753 assueta,
1769 1698 1970 1762 quum
2009 1690 2186 1741 aestu
2229 1690 2295 1741 et

180 1783 433 1848 angore
452 1773 697 1837 vexata,
718 1760 982 1848 vulgatis
1004 1761 1180 1825 velut
1199 1762 1270 1825 in
1298 1784 1502 1848 pecua
1523 1763 1756 1827 morbis
1778 1774 2143 1838 moreretur,
2165 1764 2292 1827 iam

236 1847 455 1935 igritia
504 1846 784 1933 singulos
834 1868 901 1911 se
986 1847 1183 1913 liendi
1226 1848 1582 1934 promiscue
1633 1862 1952 1917 acervatos
2005 1848 2293 1913 cumulos

124 1962 163 2006 4
238 1933 531 1999 ominum
566 1933 867 1998 urebant:
903 1870 1368 2020 &natorumque
1405 1934 1556 1998 inde
1603 1933 1993 2000 Gallicorum
2034 1936 2292 1999 nomine

180 2019 512 2105 insignem
568 2017 781 2083 locum
830 2018 1053 2083 fecere.
1143 2018 1439 2084 Indutiae
1498 2019 1732 2083 deinde
1792 2042 1942 2083 cum
1986 2020 2295 2085 Romanis

182 2106 419 2181 fictae,
438 2118 505 2169 et
532 2104 849 2191 colloquia
946 2105 1173 2169 rmissu
1188 2106 1642 2192 imperatorum
1671 2104 1919 2171 habita:
1971 2106 2040 2167 in
2062 2107 2295 2192 quibus

186 2214 401 2277 quum
430 2190 783 2255 identidem
882 2190 989 2255 alli
1016 2190 1249 2255 famem
1293 2190 1658 2268 obiicerent,
1691 2213 1894 2277 eaque
1923 2192 2294 2257 necessitate

188 2277 281 2343 ad
320 2276 714 2342 deditionem
746 2289 1063 2354 vocarent,
1100 2276 1335 2341 dicitur
1372 2276 1752 2341 avertendae
1796 2276 1935 2340 eius
1975 2299 2014 2341 o
2061 2276 2294 2341 inionis

132 2386 169 2434 5
190 2385 391 2427 causa
404 2363 619 2427 multis
642 2361 795 2427 locis
816 2361 997 2449 panis
1025 2362 1107 2426 de
1132 2360 1231 2427 Ca
1276 2362 1453 2427 itolio
1474 2362 1742 2427 iactatus
1763 2385 1897 2426 esse
1919 2362 1989 2426 in
2063 2363 2294 2427 ostium

190 2448 517 2514 stationes,
611 2447 742 2513 Sed
792 2449 921 2512 iam
974 2471 1187 2535 neque
1228 2384 1628 2525 gissimulari,
1675 2470 1886 2533 neque
1938 2448 2086 2513 ferri
2131 2446 2296 2512 ultra

190 2535 397 2599 fames
456 2547 720 2622 poterat.
811 2532 1059 2621 Itaque,
1118 2533 1275 2597 dum
1342 2532 1614 2598 dictator
1669 2532 1988 2597 delectum
2053 2556 2170 2619 per
2227 2556 2292 2597 se

194 2620 457 2686 Ardeae
514 2620 725 2699 habet,
770 2620 1139 2707 magistrum
1196 2618 1487 2705 equitum
1539 2618 1616 2683 L.
1645 2618 1974 2683 Valerium
2033 2642 2072 2683 a
2114 2619 2294 2683 Veiis

194 2706 518 2773 abducere
554 2707 905 2773 exercitum
946 2706 1142 2782 iubet,
1183 2718 1381 2792 paret,
1411 2706 1814 2791 instruitque,
1846 2706 2078 2792 quibus
2117 2704 2292 2769 haud

194 2794 405 2880 impar
458 2793 779 2859 adoriatur
844 2792 1089 2857 hostes:
1159 2791 1417 2855 interim
1488 2789 1890 2891 Capitolinus
1957 2792 2290 2868 exercitus,

196 2880 575 2945 stationibus
640 2878 998 2966 vigiliisque
1066 2878 1283 2956 semna,
1342 2890 1649 2964 superaus
1716 2888 1934 2942 tamen
1997 2877 2292 2943 humanis

198 2965 495 3031 omnibus
524 2965 723 3042 malis,
742 2986 945 3051 quum
964 2962 1197 3031 famem
1217 2986 1411 3029 unam
1440 2975 1666 3028 natura
1685 2963 1856 3027 vinci
1877 2986 2008 3028 non
2031 2965 2288 3041 sineret,

196 3052 377 3117 diem
424 3051 505 3116 de
552 3051 657 3116 die
708 3062 1133 3138 prospectam,
1182 3049 1436 3136 ecquod
1492 3050 1805 3137 auxilium
1856 3051 1936 3115 ab
1983 3050 2290 3115 dictatore

196 3160 287 3225 ap
432 3151 566 3215 ret3
624 3150 947 3225 postremo
1002 3158 1113 3223 spe
1172 3159 1429 3223 quoque
1488 3136 1636 3213 iam,
1681 3158 1814 3200 non
1872 3136 2076 3200 solum
2125 3137 2290 3211 cibo,

140 3234 181 3286 6
198 3224 287 3289 de
332 3223 561 3301 ciente,
590 3236 676 3300 et,
708 3244 909 3310 quum
936 3222 1239 3289 stationes
1272 3221 1711 3308 procederent,
1741 3243 1938 3319 prope
1969 3221 2295 3284 obruenti—

200 3312 325 3375 bus
364 3309 687 3375 infirmum
726 3330 954 3395 corpus
992 3308 1200 3385 armis,
1244 3306 1347 3371 vel
1380 3306 1553 3383 dedi,
1599 3304 1700 3369 vel
1739 3304 1970 3369 redimi
2008 3328 2096 3383 se,
2138 3329 2293 3392 qua-

284 3554 305 3589 1
348 3542 539 3601 Unum]
595 3540 727 3589 Cum
769 3543 935 3587 nostro
977 3536 1217 3585 consentit
1280 3539 1389 3583 tum
1410 3533 1606 3596 proprie
1622 3530 1802 3581 dicitur
1821 3534 1974 3591 locus,
1988 3532 2040 3581 in
2057 3548 2154 3594 quo
2171 3548 2295 3581 mor-

204 3606 359 3655 Dion.
382 3604 505 3653 Exc.
530 3604 648 3652 Vnt.
672 3602 755 3651 xii.
781 3616 858 3651 αα.
1280 3604 1398 3646 tuus
1424 3603 1502 3645 est
1529 3598 1810 3645 combustus
1837 3602 1889 3645 et
1919 3596 2158 3658 sepultus,
2179 3596 2294 3646 dici-

251 3683 303 3720 ,2
334 3668 651 3726 Pestilentia]
698 3666 855 3715 Haud
892 3663 1037 3713 aliter
1062 3678 1215 3725 quum
1282 3667 1459 3723 turque
1480 3663 1674 3710 bustum
1701 3660 1837 3722 qussi
1865 3662 1984 3711 beno
2011 3669 2190 3721 mm,
2212 3660 2295 3710 ubi

208 3735 291 3783 Im
460 3747 485 3778 r
532 3731 677 3779 Fred.
722 3730 1019 3777 Barbarum
1062 3728 1123 3775 A.
1149 3724 1217 3775 D.
1285 3740 1398 3773 vero
1416 3726 1697 3773 combustus
1712 3723 1820 3785 quis
1835 3726 2195 3787 tantummodo,
2209 3726 2296 3775 ali·

214 3812 265 3847 11
310 3808 349 3858 7.
384 3800 543 3845 cestra
572 3809 665 3843 sua
698 3794 765 3842 ul
802 3790 999 3841 moenia
1028 3792 1219 3840 Romae
1282 3788 1463 3838 bivero
1480 3788 2018 3851 catapulta-‚inmun
2031 3792 2096 3839 ab
2111 3792 2296 3841 urendo

208 3859 463 3925 puniisset,
521 3856 765 3906 caloribus
826 3862 879 3905 et
922 3852 1221 3919 [pestilentia
1284 3854 1481 3903 mtrem
1505 3856 1753 3903 vocatur.'’

210 3922 451 3973 uer-citu·
491 3936 647 3985 prope
684 3922 980 3982 absumptus
1019 3924 1106 3967 est.
1158 3918 1218 3966 cs.
1351 3929 1379 3980 5
1412 3920 1576 3967 Panis
1594 3919 1654 3967 dc
1675 3918 1912 3981 Gap-'tolio
1939 3920 2175 3980 ἰαοεαεω]
2226 3918 2296 3967 Si-

210 3986 453 4039 &mundi
474 3986 611 4035 Hist.
635 3984 751 4035 Ital.
1285 3982 1405 4031 mile
1444 3982 1678 4045 quiddam
1721 3982 1773 4031 in
1816 3982 1914 4031 His
2013 3998 2044 4031 o
2085 3982 2298 4030 carmine

278 4066 307 4114 3
337 4052 491 4100 Aah
516 4056 565 4099 et
594 4050 801 4111 armore]
831 4047 1040 4111 Quippe
1060 4052 1222 4096 aestus
1285 4047 1419 4109 apud
1445 4046 1652 4095 Niebhr.
1675 4045 1726 4095 ii.
1753 4062 1802 4108 p.
1829 4058 1892 4108 54
1925 4082 1939 4095 .
1969 4052 2202 4093 narratur.
2237 4044 2298 4090 cf.

213 4114 479 4166 Caniculae
498 4120 551 4163 et
572 4118 743 4175 postea
760 4112 921 4175 gravis
934 4110 1223 4173 September
1290 4110 1436 4159 Ovid.
1460 4110 1594 4159 Fast-
1617 4108 1680 4158 vi.
1705 4123 1814 4172 349.
1849 4109 2034 4157 Herod.
2059 4107 2090 4155 i.
2115 4122 2191 4156 υ.

212 4194 299 4229 eos
316 4180 579 4241 premebat.
1348 4172 1379 4223 6
1410 4174 1652 4223 Statium:
1667 4174 2007 4235 procederent]
2039 4170 2227 4243 Milites
2249 4168 2300 4217 in

278 4262 311 4305 4
340 4245 697 4305 Banu-umque
736 4242 851 4291 inde
894 4240 1217 4297 Gallianum]
1287 4236 1564 4293 stationem,
1609 4252 1676 4285 sc.
1711 4236 1762 4283 in
1800 4236 1964 4283 locum
2006 4239 2300 4299 magnatum

220 4307 367 4357 Haud
409 4306 580 4368 procul
619 4303 825 4355 Carinis.
869 4303 931 4352 es.
970 4302 1129 4351 Varro
1164 4302 1227 4349 de
1292 4300 1622 4362 procederent.
1658 4297 1832 4348 Dux.

222 4372 279 4421 L.
294 4371 349 4421 1..
362 4385 409 4432 p.
427 4368 505 4419 26.
530 4370 707 4419 Festus
721 4384 765 4417 v.
783 4369 1006 4417 Rumam.
1059 4368 1093 4391 “
1104 4365 1225 4415 Bus-
1918 4426 1957 4483 2
