3000 4784
860 239 1052 306 LIB.
1100 239 1187 306 X.
1257 239 1481 306 CAP.
1537 247 1632 306 ll.
2155 241 2282 304 569

128 375 499 441 sustulere
528 375 785 442 animos.
879 375 1145 455 Romae,
1178 383 1325 442 tum'
1344 376 1662 442 desiderio
1688 375 1828 454 viri,
1865 389 2002 440 tum
2041 375 2284 440 incom-
2302 389 2372 439 U.
2395 389 2454 440 c.
2479 400 2588 451 453·

78 479 113 526 5
135 462 497 528 moditate
526 463 845 550 temporis,
866 463 1062 528 tristis
1090 463 1353 528 nuntius
1372 464 1496 529 fuit
1513 489 1530 528 ε
1563 475 1640 528 ut
1658 463 1882 528 Patres
1899 463 1982 527 ab
2001 461 2284 528 iubendo
2301 456 2362 504 A.
2395 455 2454 504 0·
2479 468 2592 517 299·

77 560 117 610 6
130 550 495 615 dictatore
537 547 810 615 consulis
854 550 1237 638 subrogandi
1282 551 1560 628 comitia,
1609 573 1691 616 ex
1743 549 2056 614 sententia
2101 548 2278 636 prin·-

136 637 413 723 cipum
438 635 673 713 habita,
704 635 1144 702 deuel-ruerint.
1236 637 1333 702 M.
1356 636 1686 702 Valerium
1713 635 2036 702 consulem
2063 657 2286 700 omnes
2301 645 2376 695 M.
2385 640 2614 692 Valerius

134 723 545 788 sententiae
596 723 1045 811 centuriaeque
1088 722 1329 803 dixere,
1370 747 1564 813 quem
1611 735 1866 792 senatus
1909 722 2285 790 dictatorem
2299 708 2549 758 suffectus.

140 809 311 875 diei
368 809 647 874 iussurus
686 809 909 875 fuerat.
999 811 1173 876 Tum
1218 811 1542 912 extemplo
1587 811 1658 875 in
1703 809 2024 876 Etruriam
2068 808 2152 874 ad
2193 808 2288 874 le-

144 897 421 984 giones
446 896 759 983 proficisci
786 897 984 962 iussit.
1047 896 1385 962 Adventus
1414 921 1552 962 ems
1579 897 1948 985 compressit
1969 896 2287 974 Etruscos,

144 983 355 1048 adeo
400 999 473 1048 ut
510 1005 699 1048 nemo
738 997 919 1048 extra
959 983 1357 1049 munimenta
1396 983 1616 1071 egredi
1654 984 1935 1061 auderet,
1969 984 2282 1070 timorque

147 1071 475 1157 ipsorum
504 1069 819 1135 obsidioni
844 1069 1065 1134 similis
1098 1083 1280 1135 esset.
1370 1069 1604 1158 Neque
1645 1069 1786 1134 illos
1827 1091 2028 1134 novus
2067 1068 2290 1134 consul

152 1156 519 1222 vastandis
561 1157 725 1244 agris
770 1156 1155 1244 urendisque
1196 1156 1397 1235 tectis,
1430 1179 1631 1244 quum
1669 1157 1900 1243 passim
1937 1178 2070 1220 non
2104 1155 2288 1220 villae

157 1243 424 1321 solum,
482 1242 598 1308 sed
650 1243 1015 1331 stequentes
1072 1265 1329 1346 quoque
1385 1243 1532 1320 vici,
1583 1241 1896 1308 incendiis
1951 1243 2287 1318 fumarent,

160 1329 430 1396 elicere
460 1329 544 1394 ad
573 1342 897 1396 certamen
924 1343 1151 1417 potuit.

276 1417 514 1492 Quum
543 1416 667 1481 hoc
706 1416 963 1518 segnius
990 1416 1230 1482 bellum
1268 1416 1571 1503 opinione
1607 1427 1791 1494 esset,
1821 1414 2078 1480 alterius
2115 1413 2288 1492 belli,

218 1503 379 1568 uod
406 1501 621 1568 multis
648 1502 719 1568 in
738 1525 946 1568 vicem
974 1502 1258 1568 cladibus
1285 1502 1459 1568 haud
1487 1501 1804 1568 immerito
1825 1501 2104 1567 terribile
2133 1513 2286 1580 erat,

324 1613 368 1655 a
416 1589 799 1668 Picentium,
851 1612 1161 1655 novorum
1206 1590 1538 1668 sociorum,
1591 1587 1827 1654 indicio
1885 1601 2106 1653 exorta
2149 1601 2284 1653 est:

172 1686 197 1715 ‘
226 1676 566 1744 Samnites
599 1699 773 1741 arma
798 1690 865 1741 et
901 1675 1311 1742 rebellionem
1340 1690 1644 1764 spectare,
1673 1697 1868 1762 seque
1903 1676 1984 1740 ab
2013 1675 2091 1739 iis
2118 1673 2288 1740 solli-
2305 1683 2550 1734 Samnite·

174 1773 199 1802 ‘
225 1765 469 1830 citatos
484 1764 660 1828 esse.'
746 1763 1115 1828 Picentibus
1134 1764 1371 1851 gratiae
1388 1776 1586 1842 actae,
1609 1775 1676 1828 et
1693 1785 1922 1850 magna
1939 1783 2084 1864 pars
2101 1784 2288 1828 curae
2304 1749 2558 1800 ¹⁶b⁶¹¹²²¹¹ss

174 1849 501 1916 Patribus
530 1851 610 1914 ab
656 1849 911 1914 Etruria
946 1850 1019 1914 in
1050 1849 1363 1915 Samnites
1390 1873 1572 1916 versa
1607 1863 1720 1915 est.
1815 1848 2064 1915 Cantas
2097 1849 2290 1914 etiam

179 1959 499 2003 annonae
528 1935 857 2002 sollicitam
878 1936 1199 2002 civitatem
1220 1937 1476 2002 habuit:
1521 1951 1784 2002 ventum
1832 1960 1912 2002 ue
1935 1937 2020 2001 ad
2038 1936 2291 2024 inopiae

182 2024 503 2090 ultimum
530 2023 712 2101 foret,
742 2035 817 2088 ut
856 2024 1180 2110 scripsere,
1212 2023 1443 2110 quibus
1481 2023 1753 2088 aedilem
1827 2024 1869 2054 ·'
2015 2045 2094 2088 eo
2121 2046 2293 2088 anno

182 2111 477 2177 Fabium
506 2109 867 2175 Maximum
887 2109 1115 2196 placet,
1134 2110 1205 2174 ni
1234 2110 1371 2174 eius
1387 2109 1508 2172 viri
1535 2131 1706 2186 cura,
1731 2108 1933 2208 qualis
1955 2109 2024 2172 in
2052 2108 2293 2173 bellicis

184 2199 397 2264 rebus
424 2196 637 2262 multis
673 2196 1149 2284 tempestatibus
1174 2195 1399 2272 fuerat,
1430 2194 1573 2259 talis
1600 2195 1772 2258 domi
1809 2208 1946 2259 tum
1985 2195 2056 2257 in
2093 2217 2294 2258 anno-

188 2307 329 2434 }iae
376 2283 861 2372 dispensatione,
904 2279 1335 2370 praeparando
1378 2303 1453 2346 ac
1494 2280 1911 2346 convehendo
1951 2281 2291 2358 frumento,

222 2373 447 2438 uisset.

290 2457 399 2522 Eo
436 2480 604 2522 anno
632 2459 783 2544 (nec
820 2455 1089 2521 traditur
1130 2454 1346 2556 causa)
1374 2455 1608 2518 interre
1697 2475 1807 2518 um
1845 2454 2093 2519 initum.
2184 2453 2295 2518 In-

192 2558 487 2630 terreges
512 2543 687 2610 fuere
717 2543 845 2644 Ap.
870 2541 1197 2620 Claudius,
1228 2542 1383 2607 dem
1416 2541 1490 2607 P.
1523 2541 1568 2605 S
1635 2541 1854 2628 picius.
1944 2540 2010 2604 Is
2037 2539 2295 2605 comitia
2313 2562 2382 2612 U.
2404 2561 2464 2611 c.
2486 2577 2598 2624 454·

150 2649 179 2699 7
198 2630 565 2698 consularia
602 2630 859 2695 habult:
920 2630 1155 2695 creavit
1197 2627 1273 2693 L.
1303 2626 1677 2693 Cornelium
1734 2625 2114 2714 Scipionem,
2164 2627 2286 2692 Cn.
2311 2627 2372 2675 A.
2405 2626 2464 2675 C·
2489 2628 2601 2688 298·

199 2717 509 2784 Fulvium
536 2715 842 2782 consules.
2310 2689 2625 2805 ὲῃῦἓᾜῖῑίιξ),

292 2803 625 2892 Principio
652 2803 843 2868 huius
872 2803 1025 2866 anni
1058 2815 1335 2866 oratores
1364 2801 1768 2866 Lucanorum
1797 2799 1880 2864 ad
1909 2823 2104 2865 novos
2141 2823 2293 2866 con·-
2310 2821 2446 2871 σω,

200 2891 381 2957 sules
422 2901 752 2967 venerunt,
789 2901 1104 2976 questum,
1146 2897 1166 2928 ⁶
1184 2889 1336 2976 quia
1377 2887 1844 2953 conditionibus
1886 2887 2184 2974 pellicere
2225 2911 2292 2954 se

154 2991 189 3037 8
209 2987 229 3016 ‘
249 2977 663 3065 nequiverint
676 2975 759 3041 ad
786 2975 1149 3040 societatem
1172 2997 1509 3053 armorum,
1537 2973 1850 3040 Samnites
1867 2974 2094 3039 infesto
2115 2997 2298 3040 exer-

208 3075 229 3104 ‘
250 3065 393 3130 citu
410 3063 718 3152 ingressos
738 3063 897 3126 fines
918 3085 1065 3127 suos
1084 3075 1343 3140 vastare,
1363 3061 1658 3149 belloque
1687 3062 1768 3126 ad
1791 3061 2028 3126 bellum
2049 3084 2296 3148 cogere.

210 3161 230 3189 ‘
254 3152 527 3216 Lucano
569 3148 802 3238 populo
846 3148 995 3214 satis
1035 3171 1349 3236 superque
1395 3161 1672 3213 erratum
1715 3147 2071 3234 quondam:
2126 3171 2300 3213 nunc

210 3247 231 3277 ‘
256 3240 354 3303 ita
394 3238 739 3302 obstinatos
766 3235 1009 3300 animos
1050 3257 1203 3312 esse,
1236 3247 1309 3298 ut
1352 3235 1566 3298 omnia
1589 3234 1752 3298 ferre
1791 3257 1864 3297 ac
1898 3234 2030 3320 pati
2074 3232 2302 3298 tolera-

210 3335 234 3364 ‘
256 3324 451 3390 bilius
477 3323 733 3400 ducant,
764 3345 957 3408 quam
994 3335 1069 3385 ut
1096 3343 1376 3408 unquam
1412 3333 1631 3406 postea
1669 3341 1902 3384 nomen
1935 3318 2300 3384 Romanum

211 3422 235 3451 ⁶
256 3409 518 3476 violent.
610 3409 809 3475 Orare
847 3409 1084 3486 Pan-ee,
1116 3419 1189 3472 ut
1222 3420 1290 3471 et
1317 3406 1612 3471 Lucanos
1641 3405 1709 3469 in
1737 3405 1933 3469 fidem
1967 3407 2299 3493 accipiant,

286 3643 316 3694 5
357 3633 423 3682 Ut
441 3633 620 3680 Patres
639 3633 701 3679 ab
721 3631 951 3689 iubendo]
996 3630 1070 3679 Ut
1102 3627 1225 3676 nihil
1292 3627 1477 3690 pridem
1494 3627 1685 3676 Romae
1707 3630 1950 3688 repertum
1974 3631 2062 3676 est.
2128 3623 2304 3676 Inscri-

213 3697 361 3747 aliud
394 3696 565 3744 Patres
598 3695 881 3744 deterruerit
916 3697 979 3744 ab
1014 3693 1228 3742 iubendo
1292 3691 1397 3754 ptio
1428 3691 1479 3739 in
1509 3705 1569 3739 eo
1601 3691 1852 3754 praeclara
1870 3689 2168 3753 insequentis
2187 3693 2304 3742 anni

217 3761 479 3818 dictatore,
496 3774 644 3820 quam
669 3759 799 3821 quod
832 3757 1029 3807 comitia
1060 3772 1229 3805 consu-
1296 3771 1373 3804 res
1390 3762 1550 3818 gestas
1569 3761 1778 3818 spectat,
1791 3755 1984 3817 quibus,
2003 3761 2062 3804 ut
2081 3757 2149 3813 Q„
2165 3757 2306 3806 Fabii

220 3826 283 3874 lis
304 3823 594 3884 subrogandi
615 3839 675 3872 ex
697 3823 937 3871 sententia
958 3821 1231 3884 principum
1300 3819 1511 3869 consulis
1533 3821 1735 3882 legatus,
1758 3821 1999 3869 Barbatus
2017 3820 2250 3870 interfuit.

220 3893 339 3938 sunt
359 3888 558 3936 habita:
582 3903 648 3936 sc.
668 3887 797 3948 quod
820 3885 1026 3935 comitiis
1046 3887 1232 3933 electus
1361 3885 1391 3934 8
1421 3887 1663 3934 Samnites
1699 3885 1874 3946 infesto
1911 3887 2152 3943 exercitu]
2201 3885 2306 3940 Qui

222 3959 301 4002 est
321 3952 548 4001 isconsul
564 3965 709 4013 quem
732 3951 973 4013 prineipes
990 3950 1232 3998 volebant.
1299 3949 1558 4012 imperium
1600 3949 1742 4008 illud,
1773 3950 1904 4010 quod
1947 3949 2214 4009 antiquitus
2253 3948 2304 3994 in

223 4019 390 4068 Cur.
1301 4013 1527 4062 Lucanos
1547 4019 1862 4062 exercuerant
1877 4015 1991 4059 ante
2005 4013 2178 4060 foedus
2193 4026 2306 4058 cum

292 4079 323 4130 6
342 4083 428 4129 Ea·
441 4081 682 4130 sententia
692 4079 1001 4142 principum]
1022 4078 1082 4127 cf.
1092 4077 1233 4140 Supr.
1300 4078 1540 4126 Romanis
1579 4077 1750 4136 ictum,
1793 4090 1951 4124 rursus
1993 4076 2306 4136 appetebant.

227 4144 328 4194 viii.
353 4159 429 4193 τι.
453 4143 537 4192 ubi
559 4145 620 4192 de
647 4145 952 4206 principibus
975 4145 1235 4192 sententia-
1302 4141 1488 4191 Lucani
1515 4146 1699 4199 autem,
1721 4147 1775 4188 ut
1796 4138 2093 4187 Samnitibus
2107 4138 2308 4186 minime

229 4226 341 4259 rum
362 4210 699 4258 consularibus
718 4215 881 4255 noster
902 4207 1129 4268 loquitur.
1300 4221 1459 4268 pares,
1478 4205 1666 4252 nullam
1701 4203 1807 4262 sibi,
1827 4202 1916 4250 nisi
1951 4202 2002 4249 in
2035 4202 2181 4250 fidem
2208 4203 2306 4250 Ro-

300 4285 326 4336 7
349 4275 405 4322 L.
421 4273 698 4322 cumdium
718 4272 1013 4334 Scipionem]
1042 4270 1143 4317 Hic
1164 4275 1237 4318 est
1301 4280 1555 4334 manorum
1578 4267 1806 4329 acceptis,
1821 4267 2028 4315 salutem
2050 4266 2308 4330 prospicie-

231 4337 399 4400 Seipio
420 4337 507 4384 ille
530 4337 787 4394 Barbatus,
814 4335 953 4384 cuius
983 4333 1236 4396 sarcopha-
1302 4335 1433 4382 bant.

232 4417 321 4464 gus
351 4402 403 4450 in
436 4401 658 4464 sepulcro
690 4399 973 4462 Scipionum
1008 4398 1139 4448 haud
1170 4397 1239 4445 ita
