3000 4784
800 230 991 297 LIB.
1038 228 1225 299 VIII.
1296 228 1520 297 CAP.
1569 234 1670 299 27.
2159 236 2287 299 483

142 364 419 427 urbem
460 374 769 451 receptus,
815 387 1017 453 quum
1063 389 1309 432 summa
1353 368 1526 433 urbis
1573 368 1867 433 Romano
1906 368 2116 434 milite
2167 368 2288 433 im·
2308 388 2375 439 U.
2400 389 2459 439 c.
2483 402 2592 451 4²9-

145 448 445 537 plesset,
476 448 611 515 tolli
654 451 995 518 clamorem
1036 452 1255 518 iussit:
1302 453 1386 518 ad
1425 476 1618 541 quem
1667 454 1918 531 Graeci,
1959 456 2140 542 signo
2185 454 2365 520 εις-Α·
2401 454 2458 503 C·
2485 466 2593 515 ³²3.

148 558 243 599 ce
310 549 383 601 to
411 560 449 600 a
474 537 885 625 principibus,
910 540 1227 626 quievere.
1318 538 1560 605 Nolani
1588 562 1704 627 per
1731 562 2012 605 aversam
2041 554 2288 627 partem

150 558 367 685 urssis
393 622 497 687 via
525 621 761 689 Nolam
789 625 1031 691 ferente
1062 626 1395 713 effugiunt.
1491 626 1879 691 Samnitibus
1908 626 2179 692 exclusis
2208 628 2288 693 ab

148 709 371 785 urbe,
393 720 468 772 ut
494 710 853 797 expeditior
878 710 947 775 in
976 712 1333 799 praesentia
1360 712 1529 800 fuga,
1554 713 1643 778 ita
1669 713 1930 790 foedior,
2073 724 2290 801 tquam

150 794 477 881 periculo
510 809 863 874 evaserunt,
894 799 1063 862 visa:
1112 798 1351 885 quippe
1383 800 1495 886 qui
1535 799 1826 877 inermes,
1864 736 2069 864 milliie
2079 822 2289 864 rerum

150 902 447 945 suarum
493 904 625 946 non
670 882 893 948 relicta
936 884 1105 948 inter
1150 884 1379 962 hostes,
1431 884 1774 951 ludibrium
1827 908 1959 949 non
2011 886 2292 951 externis

154 966 404 1044 modo,
436 967 549 1031 sed
577 968 768 1033 etiam
794 968 1225 1069 popularibus,
1256 970 1507 1058 spoliati
1546 984 1738 1057 atque
1777 984 2038 1059 egentes
2066 971 2290 1037 domos

156 1052 457 1118 rediere.
550 1053 749 1119 Haud
790 1076 1047 1143 lgnarus
1089 1056 1409 1143 opinionis
1450 1056 1726 1135 alterius,
1772 1079 1900 1145 qua
1941 1056 2100 1123 haec
2142 1080 2290 1145 pro-

101 1145 137 1196 6
156 1138 353 1203 ditio
396 1140 475 1203 ab
523 1138 910 1207 Samnitibus
958 1142 1125 1207 facta
1176 1142 1463 1221 traditur,
1563 1164 1718 1207 uum
1765 1144 2124 1209 auctoribus
2167 1142 2290 1208 hoc

158 1224 363 1302 dedi,
402 1226 631 1313 quibus
672 1226 927 1315 dignius
973 1228 1149 1293 credi
1195 1241 1309 1306 est,
1348 1241 1485 1293 tum
1555 1229 1754 1293 oedus
1789 1227 2288 1316 Neapolitanum

112 1332 141 1380 7
158 1314 291 1461 geo
328 1311 501 1376 enim
530 1313 765 1378 deinde
794 1336 1042 1378 summa
1068 1314 1161 1379 rei
1188 1313 1585 1380 Graecorum
1605 1314 1812 1400 venit)
1840 1314 2107 1379 similius
2136 1336 2286 1379 vero

190 1398 359 1475 acit,
391 1398 557 1485 ipsos
602 1399 671 1463 in
714 1400 1054 1465 amicitiam
1099 1400 1353 1465 redisse.
1444 1400 1724 1466 Publilio
1773 1401 1964 1465 trium
2009 1400 2130 1464 hus
2177 1400 2290 1465 de-

161 1498 440 1561 cretus3
472 1485 649 1571 quod
688 1486 836 1551 satis
874 1485 1282 1573 credebatur,
1300 1486 1630 1552 obsidione
1662 1485 1934 1551 domitos
2015 1499 2182 1551 ostes
2221 1486 2290 1551 in

164 1570 385 1635 fidem
413 1572 677 1637 venisse.
769 1572 923 1637 Duo
966 1571 1308 1673 singularia
1345 1572 1504 1637 haec
1543 1572 1606 1637 ei
1644 1572 1780 1637 viro
1865 1572 2096 1637 rimum
2138 1596 2291 1637 con-

115 1672 147 1719 8
168 1656 409 1743 tigere,
455 1658 815 1745 prorogatio
858 1658 1109 1745 imperii
1155 1680 1288 1724 non
1334 1672 1481 1723 ante
1530 1660 1598 1722 in
1643 1658 1774 1724 ullo
1843 1672 1999 1737 acta,
2039 1671 2105 1724 et
2147 1672 2290 1724 acto

164 1742 431 1808 honore
461 1744 836 1831 triumphus.

274 1828 483 1893 Aliud
512 1830 780 1894 subinde
803 1830 1043 1895 bellum
1064 1854 1212 1897 cum
1235 1830 1493 1897 alterius
1515 1854 1660 1898 orae
1690 1832 1952 1899 Graecis
1975 1846 2284 1899 exortum.
2413 1826 2516 1890 27·

176 1914 494 2001 Namque
548 1916 903 1995 Tarentini,
945 1941 1145 2005 quum
1196 1940 1331 1983 rem
1374 1919 1915 2006 Palaepolitanam
1963 1943 2126 1985 vana
2304 1938 2592 1988 Tarentino-

176 2002 415 2065 auxilii
456 2001 849 2088 aliquamdiu
892 2004 1353 2081 sustinuissent,
1390 2018 1728 2092 postquam
1765 2006 2091 2071 Romanos
2132 2028 2210 2069 ur
2251 2028 2286 2069 e
2303 2022 2411 2081 ταῖς
2433 2006 2586 2079 isdig-

176 2088 427 2187 potitos
469 2110 788 2176 accepere,
826 2090 1000 2155 velut
1038 2089 1345 2169 destituti,
1396 2112 1469 2154 ac
1517 2113 1648 2155 non
1697 2092 1811 2176 qui
1854 2091 1974 2191 ipsi
2023 2092 2290 2155 destitu-
2306 2077 2503 2187 32¹ae
2517 2070 2618 2117 Ro-

178 2185 408 2251 issent,
445 2174 768 2263 increpare
799 2174 1343 2262 Palaepolitanos:
1391 2176 1486 2241 ira
1524 2188 1716 2263 atque
1761 2176 2002 2240 invidia
2029 2176 2114 2238 ‘in
2156 2176 2292 2241 Ro-

180 2282 415 2325 manos
459 2261 707 2338 furere3
754 2284 833 2327 eo
879 2262 1093 2339 etiam,
1142 2262 1317 2349 quod
1362 2262 1658 2327 Lucanos
1705 2274 1772 2326 et
1819 2261 2069 2351 Apulos
2113 2261 2294 2348 (nam

184 2360 463 2447 utraque
504 2370 583 2413 eo
621 2370 789 2412 anno
827 2347 1091 2413 societas
1132 2370 1245 2412 coe
1292 2360 1358 2412 ta
1400 2346 1528 2435 est)
1566 2348 1634 2411 in
1669 2347 1864 2412 fidem
1901 2347 2121 2436 populi
2159 2348 2295 2413 Ro-

184 2455 370 2498 mam
397 2435 639 2499 venisse
676 2433 937 2499 allatum
967 2447 1078 2499 est.
1174 2442 1194 2471 ‘
1288 2434 1481 2521 uippe
1521 2432 1984 2521 propemodum
2023 2456 2294 2520 perven-

78 2589 105 2601 ,
187 2526 379 2584 ‘tum
408 2520 490 2585 ad
524 2542 590 2585 se
626 2542 801 2585 esse:
849 2522 977 2585 iam
1023 2542 1102 2584 ue
1148 2520 1217 2583 in
1261 2543 1339 2585 eo
1380 2542 1518 2584 rem
1556 2520 1711 2597 fore,
1750 2533 1823 2584 ut
1864 2520 2142 2585 Romani
2183 2533 2295 2585 aut

190 2614 211 2643 ‘
230 2606 471 2684 hostes,
525 2618 635 2671 aut
693 2606 938 2671 domini
977 2543 1275 2670 tliabendi
1332 2606 1477 2670 sint.
1588 2606 1950 2670 Discrimen
2009 2606 2294 2693 profecto

190 2700 211 2729 ‘
233 2714 453 2757 rerum
492 2715 747 2757 suarum
790 2692 860 2757 in
901 2692 1071 2758 bello
1116 2690 1498 2756 Samnitium
1540 2706 1902 2779 eventuque
1939 2693 2075 2757 eius
2109 2692 2288 2757 verti.

192 2787 212 2817 ‘
237 2778 405 2843 Eam
434 2778 630 2843 solam
659 2792 919 2866 gentem
954 2790 1208 2857 restare,
1241 2800 1361 2843 nec
1397 2801 1538 2843 eam
1579 2780 1781 2865 ipsam
1820 2779 1968 2843 satis
1997 2778 2290 2856 validam,

54 2866 79 2909 ⁸
193 2872 215 2903 ‘
234 2864 501 2953 quando
544 2863 845 2930 Lucanus
889 2864 1208 2930 defecerit.
1305 2865 1522 2940 Quem
1569 2865 1850 2930 revocari
1897 2865 2126 2943 adhuc,
2173 2865 2294 2929 im-

196 2960 215 2988 ‘
234 2950 519 3038 pellique
550 2951 635 3035 ad
662 2950 1037 3017 abolendam
1067 2951 1433 3017 societatem
1468 2952 1826 3017 Romanam
1855 2974 2057 3039 posse,
2083 2951 2136 3016 si
2166 2974 2296 3039 qua

195 3046 214 3075 ‘
234 3060 339 3103 ars
378 3038 663 3103 serendis
691 3036 1031 3102 'discordiis
1070 3037 1484 3103 adhibeatur.’
1574 3037 1756 3103 Haec
1795 3038 2057 3103 consilia
2089 3060 2292 3125 quum

193 3123 369 3211 apud
397 3124 663 3211 cupidos
696 3144 907 3188 rerum
942 3124 1377 3188 novandarum
1406 3123 1790 3199 valuissent3
1837 3146 1919 3186 ex
1961 3124 2290 3187 iuventute
2307 3150 2573 3199 concitant

194 3209 459 3297 quidam
501 3210 911 3274 Lucanorum
956 3210 1163 3298 pretio
1211 3210 1409 3284 asciti,
1450 3209 1605 3273 clari
1643 3208 1843 3295 magis
1882 3208 2050 3271 inter
2085 3230 2291 3295 popu-
2307 3216 2548 3265 Lucanos.

192 3295 377 3373 lares,
409 3318 602 3383 quam
631 3295 902 3373 honesti,
932 3296 1101 3361 inter
1132 3318 1199 3359 se
1236 3294 1497 3358 mulcati
1531 3294 1654 3381 ipsi
1681 3294 1892 3378 virgis,
1923 3316 2122 3392 quum
2154 3316 2292 3358 cor·-

194 3402 353 3469 pora
379 3382 555 3446 nuda
583 3380 945 3447 intulissent
977 3382 1045 3445 in
1082 3382 1315 3446 civium
1346 3392 1620 3457 coetum,
1651 3378 1973 3443 vociferati
2003 3392 2171 3455 sunt,
2203 3402 2290 3457 se,

196 3468 375 3554 quod
414 3481 617 3533 castra
656 3467 951 3533 Romana
988 3468 1241 3555 ingredi
1282 3467 1416 3531 ausi
1458 3478 1686 3542 essent,
1725 3488 1762 3528 a
1796 3464 2054 3528 consule
2101 3464 2294 3551 virgis

153 3576 183 3624 9
197 3576 431 3632 caesos,
468 3577 541 3620 ac
587 3576 785 3641 prope
832 3554 1037 3619 securi
1082 3574 1411 3640 pereussos
1457 3574 1610 3616 esse.
1704 3550 2025 3616 Deformis
2071 3564 2293 3639 suapte

259 3714 292 3765 6
316 3716 481 3773 Quum
503 3715 780 3763 auctoribus
800 3714 889 3762 1⁸00
908 3714 1043 3773 dodi]
1081 3712 1215 3761 Nea-
1350 3727 1381 3776 9
1420 3712 1670 3773 Dasumis
1719 3719 1896 3775 suapte
1947 3720 2134 3763 natura
2187 3718 2292 3777 res]

198 3778 445 3839 politanos
464 3778 595 3826 ultro
620 3778 675 3825 in
704 3777 853 3825 fidem
876 3776 1215 3825 Romanorum
1280 3775 1425 3824 Haec
1456 3791 1534 3824 res
1565 3775 1719 3824 levior
1745 3776 1892 3825 fluisse
1922 3778 2200 3827 Niebuhrio
2229 3779 2296 3825 vi-

200 3841 407 3900 venisse,
422 3856 521 3889 non
542 3842 702 3889 solum
722 3839 996 3901 scriptores,
1010 3853 1214 3901 quorum
1280 3840 1438 3899 detur,
1459 3854 1610 3900 quam
1637 3846 1694 3888 ut
1727 3855 1814 3902 per
1845 3856 1897 3889 se
1928 3842 1992 3890 ad
2023 3842 2210 3891 bellum
2243 3842 2296 3890 in

200 3904 323 3955 fides
337 3905 497 3953 multo
516 3903 707 3967 gravior
734 3908 825 3964 est,
846 3902 1107 3961 affirmant,
1128 3902 1215 3951 sed
1280 3902 1535 3951 Romanos
1576 3905 1871 3953 movendum
1913 3904 2030 3953 satis
2071 3904 2296 3962 valuerit,

198 3969 373 4018 foedus
403 3982 518 4016 cum
546 3965 891 4029 Neapolitanis
918 3966 1073 4015 ictum
1096 3966 1215 4015 veri-
1279 3965 1371 4015 nisi
1392 3966 1684 4028 iampridem
1705 3966 1894 4017 Lucani
1911 3967 2150 4015 discordia
2169 3966 2297 4013 inter

199 4032 409 4082 similius
429 4032 563 4081 ficit.
597 4032 765 4080 Domi.
1279 4044 1331 4078 se
1368 4030 1666 4090 laborarent,
1697 4046 1857 4092 neque
1900 4031 2128 4078 omnibus
2161 4028 2296 4077 idem

266 4108 294 4159 7
317 4098 397 4145 Eo
415 4098 570 4156 etaim]
592 4092 861 4156 Neapolim
876 4092 1217 4155 scilicet‚quas
1280 4094 1343 4141 de
1379 4094 1610 4142 Romans
1652 4093 1884 4143 societate
1925 4092 2118 4141 animus
2153 4098 2296 4151 esset,

202 4166 375 4221 postea
395 4164 549 4222 caput
568 4158 783 4221 Magnae
804 4157 1043 4207 Graeciae
1064 4156 1171 4205 fuit.
1280 4156 1351 4205 ita
1370 4162 1445 4216 ut,
1466 4156 1506 4205 si
1531 4172 1644 4206 vera
1675 4156 1738 4206 sit
1768 4158 1891 4205 haec
1923 4156 2106 4215 fabula,
2135 4156 2302 4216 plures

264 4226 297 4273 8
328 4227 455 4272 Aeto
475 4222 681 4281 honore]
720 4222 841 4270 Post
862 4226 1091 4269 exactum
1118 4235 1220 4269 ma·
1286 4236 1347 4269 ex
1394 4220 1684 4282 primoribus
1725 4220 1778 4268 in
1815 4220 2069 4268 Romanos
2110 4218 2298 4267 bellum

203 4287 477 4349 gistratum,
508 4285 591 4335 sic.
616 4300 747 4359 supr.
776 4283 847 4333 iii.
880 4294 955 4346 35.
989 4286 1109 4335 accis
1140 4286 1223 4334 lw-
1286 4298 1483 4345 poseere
1505 4288 1652 4333 antea
1675 4282 1832 4344 parati
1854 4287 2030 4333 essent.

48 4334 59 4365 ¹
204 4352 422 4409 naribus,
444 4364 533 4411 pro
556 4354 781 4412 peractis.
819 4348 989 4417 Dona.
1862 4408 1876 4421 ⁶
1912 4413 1950 4471 2

1807 4428 1831 4469 1
1859 4430 1880 4469 1
