3000 4784
808 227 1001 293 LIB.
1052 227 1171 293 IX.
1237 227 1459 294 CAP.
1516 235 1612 295 14.
2127 236 2255 299 515

90 360 485 425 Ferentini
522 362 977 439 interveniunt,
1007 363 1459 429 denuntiantes
1494 364 1882 431 Samnitibus
1915 365 2252 433 Romanis·
2271 382 2339 433 U.
2362 382 2422 433 c,
2445 398 2559 445 434·

120 471 249 524 ue,
290 461 388 514 ut
440 447 679 513 bellum
718 449 1125 513 omitterent:
1172 471 1290 537 per
1326 464 1504 515 utros
1546 452 1839 529 stetisset,
1869 476 2001 552 quo
2039 454 2251 518 minus
2267 449 2328 499 A.
2362 447 2423 499 0·
2445 450 2558 509 3¹⁸⁶

90 472 582 600 liscederetur
624 536 704 599 ab
744 536 953 613 armis,
986 536 1281 601 adversus
1324 560 1435 603 eos
1476 560 1545 603 se
1585 559 1702 624 pro
1746 538 1959 603 alteris
2004 562 2251 628 pugna-

90 644 309 687 ntes·
434 621 533 687 Ea
582 621 901 708 legatione
954 621 1246 710 Papirius
1304 624 1540 701 audita,
1593 624 1861 711 perinde
1913 648 1988 690 ac
2040 639 2251 691 motus

90 706 303 771 lictis
354 730 613 785 eorum,
644 731 794 773 cum
832 707 1075 796 collega
1116 731 1185 774 se
1224 711 1840 775 communicaturum
1879 713 2246 799 respondit:

90 794 477 881 zccitoque
522 817 620 871 e0,
662 817 863 880 quum
910 807 1035 860 tem
1084 818 1159 859 us
1204 817 1393 861 omne
1442 796 1513 861 in
1558 812 1864 884 apparatu
1909 820 2250 886 consump-

90 880 319 957 3isset,
372 880 735 945 collocutus
780 881 862 945 de
909 904 977 945 re
1072 882 1201 947 aud
1248 882 1463 959 dubia,
1504 883 1756 969 signum
1803 876 2055 972 pugnae
2103 908 2250 971 pro-

90 967 357 1052 posuit.
494 966 857 1053 Agentibus
927 967 1145 1033 divina
1214 968 1642 1055 humanaque,
1717 994 1882 1057 quae
1954 971 2247 1048 assolent,

90 1074 325 1137 quum
390 1053 533 1117 acie
581 1052 1019 1118 dimicandum
1070 1066 1187 1131 est,
1235 1054 1620 1132 consulibus,
1669 1056 2004 1122 Tarentini
2054 1057 2249 1143 legati

90 1161 493 1216 occursare,
544 1162 914 1226 responsum
961 1163 999 1205 e
1196 1152 1443 1217 tantes3
1545 1142 1730 1207 uibus
1775 1142 2069 1229 Papirius
2115 1145 2242 1209 ait:

90 1232 112 1261 ‘
138 1226 501 1313 Auspicia
538 1226 821 1291 secunda
858 1248 1015 1304 esse,
1094 1227 1405 1305 'arentini,
1435 1250 1481 1315 p
1550 1227 1741 1292 larius
1769 1230 2039 1294 nuntiat.
2129 1229 2246 1293 Li-

90 1318 111 1347 ‘
139 1324 383 1377 tatum
429 1325 758 1399 praeterea
793 1325 890 1377 est
928 1313 1201 1400 egregie.
1292 1312 1684 1379 Auctoribus
1721 1314 1862 1391 diis,
1895 1326 1967 1379 ut
1995 1314 2242 1392 videtis,

96 1406 117 1434 ‘
142 1398 239 1463 ad
284 1421 445 1463 rem
480 1397 823 1485 gerendam
863 1398 1357 1483 proficiscimur.'
1447 1398 1646 1485 Signa
1683 1399 1834 1464 inde
1863 1400 2013 1465 ferri
2043 1400 2242 1479 iussit,

91 1496 169 1547 et
232 1485 481 1571 copias
536 1484 782 1562 eduxit,
843 1485 1247 1549 vanissimam
1310 1485 1646 1586 increpans
1709 1500 1988 1573 gentem,
2057 1510 2241 1573 quae,

97 1592 393 1635 suarum
443 1572 761 1657 impotens
806 1593 1017 1635 rerum
1060 1593 1210 1659 prae
1252 1571 1614 1637 domesticis
1656 1572 2073 1638 seditionibus
2115 1573 2244 1637 dis-

94 1658 523 1744 cordiisque,
555 1656 695 1721 aliis
734 1657 998 1721 modum
1037 1658 1209 1744 pacis
1248 1681 1323 1723 ac
1362 1658 1515 1723 belli
1544 1658 1750 1724 facere
1785 1680 2061 1746 aequum
2092 1683 2243 1725 cen-

102 1756 309 1809 seret.
420 1743 737 1809 Samnites
794 1766 877 1809 ex
936 1758 1115 1831 parte
1174 1744 1390 1823 altera,
1450 1767 1651 1831 quum
1710 1768 1967 1811 omnem
2025 1768 2242 1811 curam

104 1828 273 1893 belli
324 1830 740 1906 remisissent,
781 1830 935 1917 quia
971 1844 1083 1903 aut
1119 1853 1344 1918 pacem
1383 1854 1532 1897 vere
1571 1832 1932 1919 cupiebant,
1981 1846 2092 1897 aut
2127 1856 2242 1899 ex-

108 1915 443 2015 pediebat
490 1915 805 1993 simulare,
850 1930 925 1981 ut
969 1916 1351 1983 Tarentinos
1400 1918 1521 1983 sibi
1568 1918 1998 1997 conciliarent,
2040 1943 2240 2007 quum

112 2016 482 2069 instructos
516 2015 780 2089 repente
816 2002 899 2066 ad
937 2026 1219 2103 pugnam
1250 2002 1577 2070 Romanos
1605 2006 2100 2091 conspexissent,
2130 2031 2243 2071 vo-

90 2088 407 2165 zciferari,
458 2098 478 2127 ‘
498 2110 565 2155 se
609 2089 679 2153 in
722 2100 1093 2155 auctoritate
1123 2090 1620 2155 Tarentinorum
1666 2114 1943 2168 manere,
1973 2114 2094 2157 nec
2129 2093 2243 2157 de-

122 2182 142 2211 ‘
164 2176 489 2241 scendere
518 2176 587 2239 in
614 2175 839 2253 aciem,
864 2197 983 2241 nec
1012 2187 1193 2241 extra
1212 2174 1449 2239 vallum
1477 2198 1653 2239 arma
1671 2176 1854 2241 ferre.
1915 2176 2242 2263 Deceptos

122 2268 143 2297 ‘
164 2263 417 2347 potius
450 2261 881 2349 quodcunque
924 2282 1104 2327 casus
1145 2262 1326 2338 ferat,
1366 2282 1676 2348 passuros,
1717 2284 1910 2349 quam
1953 2274 2028 2327 ut
2069 2285 2242 2349 spre-

128 2354 148 2383 ‘
170 2348 341 2414 visse
519 2349 533 2363 '
610 2360 897 2413 auctores
943 2347 1326 2414 Tarentinos
1371 2348 1722 2413 videantur.
1816 2348 2130 2437 Accipere
2174 2372 2240 2413 se

128 2442 147 2471 ‘
168 2456 397 2514 omen,
446 2434 737 2501 consules
764 2434 963 2511 aiunt,
1016 2444 1035 2473 ‘
1056 2446 1123 2499 et
1160 2456 1301 2499 eam
1336 2434 1580 2520 precari
1621 2446 1904 2499 mentem
1933 2435 2240 2514 hostibus,

130 2528 151 2557 ‘
174 2534 251 2585 ut
298 2545 386 2588 ne
427 2521 663 2587 vallum
704 2519 969 2608 quidem
1014 2519 1401 2585 defendant?
1488 2519 1640 2607 Ipsi,
1677 2520 1845 2584 inter
1884 2544 1952 2585 se
1994 2522 2242 2608 partitis
2259 2535 2450 2584 Iterum
2467 2533 2569 2584 vin-

126 2608 359 2695 copiis,
390 2607 745 2673 succedunt
790 2607 1069 2672 hostium
1115 2605 1549 2684 munimentis,
1590 2618 1676 2683 et,
1717 2606 1906 2671 simul
1952 2607 2239 2694 undique
2256 2606 2448 2714 gntuft

132 2693 364 2773 adorti,
396 2717 601 2781 quum
642 2716 787 2781 pars
828 2692 1021 2759 fossas
1064 2691 1415 2779 explerent,
1448 2714 1596 2779 pars
1635 2691 1941 2757 vellerent
1982 2693 2237 2772 vallum,
2255 2678 2424 2778 002⁰
2449 2678 2502 2713 θ’
2521 2678 2554 2712 ⁸

130 2792 333 2867 atque
373 2782 443 2846 in
477 2780 670 2847 fossas
702 2790 1099 2867 proruerent,
1130 2800 1253 2843 nec
1280 2778 1478 2845 virtus
1521 2778 1712 2843 modo
1754 2778 1962 2857 insita,
1993 2780 2108 2845 sed
2149 2781 2244 2847 ira

134 2866 357 2947 etiam,
418 2867 807 2933 exulceratos
878 2866 1229 2953 ignominia
1298 2864 1651 2930 stimularet
1717 2865 1980 2944 animos,
2039 2879 2244 2933 castra

135 2950 467 3020 invasere:
516 2965 583 3018 et
615 2976 731 3041 pto
760 2975 827 3017 se
858 2952 1149 3039 quisque,
1197 2960 1218 2990 ‘
1239 2974 1370 3017 non
1402 2951 1562 3017 haec
1590 2951 1881 3030 fiirculaS,
1911 2976 2033 3019 nec
2067 2952 2241 3019 Cau-

138 3045 159 3073 ‘
180 3038 389 3117 dium,
429 3062 548 3106 nec
592 3039 785 3105 saltus
830 3038 1035 3104 invios
1080 3061 1235 3117 esse,
1280 3038 1387 3103 ubi
1435 3060 1711 3105 errorem
1756 3039 1926 3105 fraus
1970 3041 2239 3128 superbe

144 3131 163 3160 ‘
184 3125 479 3203 vicisset3
524 3126 637 3191 sed
682 3126 1039 3191 Romanam
1074 3126 1393 3202 virtutem,
1428 3148 1626 3212 quam
1669 3148 1788 3191 nec
1823 3126 2082 3203 vallum,
2117 3148 2238 3191 nec

144 3218 164 3247 ‘
182 3210 389 3279 fossae
428 3213 755 3290 arcerent,'
792 3224 1234 3287 memorantes,
1277 3210 1557 3275 caedunt
1601 3212 1835 3296 pariter
1881 3212 2241 3276 resistentes

144 3296 464 3386 fusosque,
508 3300 780 3365 inermes
823 3310 1015 3398 atque
1058 3309 1347 3372 armatos,
1389 3318 1620 3372 servos,
1660 3294 1908 3373 liberoS,
1948 3296 2238 3383 puberes,

144 3381 507 3483 inpuberes,
544 3385 857 3462 homineS,
902 3395 1352 3468 iumentaque:
1418 3404 1540 3446 nec
1585 3379 1786 3445 ullum
1830 3381 2242 3469 superfuisset

148 3472 401 3550 animal,
439 3473 510 3537 ni
552 3470 841 3537 consules
882 3468 1170 3555 receptui
1210 3468 1465 3554 signum
1509 3465 1852 3544 dedissent,
1896 3467 2041 3533 avid
2158 3490 2238 3533 ue

148 3557 359 3623 caedis
392 3558 625 3625 milites
657 3580 694 3623 e
730 3558 948 3623 castris
986 3555 1263 3621 hostium
1306 3553 1574 3639 imperio
1617 3575 1692 3617 ac
1729 3553 1920 3618 minis
1961 3577 1998 3619 e
2161 3556 2240 3619 's-

148 3657 305 3709 sent.
396 3643 625 3731 Itaque
664 3643 838 3733 apud
875 3642 1153 3707 infensos
1198 3641 1281 3705 ob
1326 3640 1461 3703 inte
1577 3638 1790 3704 llatam
1829 3640 2017 3705 dulce
2065 3641 2240 3707 inem

154 3725 277 3794 irae
321 3732 653 3797 confestim
695 3730 896 3796 oratio
938 3728 1155 3794 habita
1196 3738 1311 3804 est,
1351 3739 1426 3791 ut
1509 3738 1798 3791 oceretur
1835 3726 2035 3806 mileS,
2083 3738 2103 3767 ‘
2120 3729 2238 3795 mi·

158 3820 178 3849 ‘
196 3816 365 3883 nime
409 3818 707 3906 cuiquam
752 3816 1025 3881 militum
1068 3813 1359 3879 consules
1404 3811 1553 3877 odio
1600 3813 1669 3877 in
1708 3812 1919 3879 hostes
1963 3816 2237 3893 cessisse,

164 3906 183 3937 ‘
202 3916 309 3967 aut
335 3926 653 3969 cessuros:
748 3903 861 3969 uin
898 3901 1112 3976 duces,
1148 3900 1311 3965 sicut
1348 3898 1520 3977 belli,
1560 3899 1650 3965 ita
1687 3900 2054 3967 insatiabilis
2090 3924 2239 3987 sup-

166 3993 185 4020 ‘
204 3987 391 4073 plicii‚
430 3990 673 4055 futuros
791 3988 929 4065 ‘sse,
966 3988 1035 4051 ni
1080 3999 1401 4074 respectus
1439 3988 1730 4074 equitum
1775 4000 2238 4061 sexcentorum,

171 4078 188 4107 ⁶
208 4078 313 4159 qui
340 4076 649 4142 Luceriae
677 4074 927 4141 obsides
957 4085 1342 4151 tenerentur,
1372 4073 1802 4160 praepedisset
1828 4072 2108 4135 animos:
2159 4092 2239 4133 ne

226 4242 253 4292 7
282 4236 481 4298 Siquam
507 4237 735 4297 mnae]
778 4232 1019 4283 Tunicam
1053 4246 1163 4295 pur·
1228 4233 1453 4292 manere]
1497 4232 1564 4281 Se
1585 4228 1863 4281 Tarentinis
1885 4229 2018 4290 pacis
2038 4228 2244 4277 auctori·

169 4306 367 4354 pureum.
418 4300 535 4349 vid.
558 4306 659 4349 not.
684 4299 749 4347 ad
772 4299 833 4347 vi.
862 4312 934 4347 η.
1228 4298 1337 4353 bus,
1362 4310 1536 4356 pacem
1569 4292 1902 4349 suadentibus,
1927 4308 2081 4354 usque
2109 4294 2242 4342 obse-

227 4362 255 4407 8
284 4365 338 4412 Se
374 4366 429 4413 in
466 4366 755 4413 auctoritate
791 4363 1162 4411 Tarentinorum
1228 4359 1313 4420 qui
1336 4358 1477 4407 velle.
1512 4360 1674 4409 Cnnv.

1730 4417 1892 4481 1212
