3000 4784
852 202 1046 271 LIB.
1088 203 1171 271 V.
1236 204 1459 273 CAP.
1505 206 1644 273 25.“
2016 250 2034 263 -
2147 208 2276 271 315

160 338 691 439 privatorumque
722 351 1035 407 tectorum
1062 363 1139 407 ac
1166 341 1471 420 locorum,
1500 342 1998 430 praeponebant.
2093 340 2274 418 Quin
2293 352 2365 407 U.
2385 353 2446 403 c,
2473 350 2584 415 ³60-

122 424 271 498 nlla
326 449 601 513 quoque
658 428 827 492 actio
872 429 1261 507 movebatur,
1359 451 1479 493 uae
1539 442 1684 515 post
1739 441 1989 516 captam
2047 430 2274 529 utique
2289 420 2354 471 Α·
2387 419 2448 469 0·
2471 430 2502 478 3
2537 430 2587 469 ²·

164 510 447 577 Romam
510 536 553 578 a
615 512 821 579 Gallis
876 514 1251 580 celebratior
1304 452 1447 593 ἔιίι,
1507 515 1998 616 transmigrandi
2055 514 2276 581 Veios.

166 598 507 677 Ceterum,
555 601 785 687 partim
828 600 1021 688 plebi,
1069 601 1303 689 partim
1344 602 1594 667 senatui
1645 602 2052 667 destinabant
2095 601 2278 667 habi-

160 685 391 761 tandqs
422 684 669 764 Veios3
717 686 1005 774 duasque
1032 688 1223 753 urbes
1260 688 1618 753 communis
1655 688 2042 775 reipublicae
2083 686 2277 753 incoli

158 795 197 836 a
232 772 483 859 populo
517 772 817 839 Romano
854 795 1057 859 posse.
1147 773 1475 839 Adversus
1505 797 1669 860 quae
1698 797 1900 860 quum
1939 776 2278 863 optimates
2397 790 2504 853 25,

158 858 253 923 ita
292 859 669 937 tenderent,
718 874 791 925 ut
844 868 863 897 ‘
880 860 1219 925 morituros
1264 883 1331 925 se
1377 860 1594 925 citius'
1636 860 1926 925 dicerent
1971 871 1990 899 ‘
2012 862 2080 925 in
2123 884 2276 927 con·
2295 874 2552 925 obsistunt

162 951 182 981 ‘
196 960 429 1032 spectu
458 946 688 1033 populi
725 945 1023 1024 Romani,
1056 968 1250 1033 quam
1292 947 1636 1033 quicquam
1675 969 1896 1011 earum
1935 970 2146 1013 rerum
2175 971 2279 1013 ro-
2294 939 2576 1001 optimate..

164 1038 463 1116 ‘garetur
480 1056 499 1095 ε
600 1034 795 1120 uippe
842 1055 1015 1098 nunc
1054 1033 1123 1097 in
1164 1055 1293 1096 una
1331 1033 1485 1097 urbe
1526 1046 1775 1099 tantum
1813 1034 2280 1099 dissensionum

164 1124 183 1155 ‘
198 1140 379 1195 esse3
428 1056 599 1205 quid
644 1119 717 1183 in
757 1119 1003 1184 duabus
1046 1118 1227 1183 fore?
1300 1117 1642 1185 Victamne
1687 1132 1764 1185 ut
1802 1120 1910 1206 qu‘
1991 1142 2142 1186 uam
2182 1122 2282 1187 vi·-

164 1211 184 1241 ‘
201 1205 389 1269 ctrici
432 1206 685 1291 patriae
722 1204 1123 1307 praeferret?
1181 1205 1566 1291 sineretque,
1611 1205 1916 1269 maiorem
1983 1220 2280 1272 ortunam

164 1298 185 1327 ‘
200 1313 275 1355 ca
322 1292 405 1356 tis
436 1314 581 1357 esse
617 1290 817 1370 Vens,
848 1314 1042 1391 quam
1075 1290 1504 1357 incolumibus
1535 1291 1774 1356 fuerit?
1817 1291 2169 1370 Postremo,
2209 1316 2278 1357 se

119 1395 149 1441 8
166 1314 489 1465 ‘relinqui
530 1402 571 1443 a
598 1378 843 1443 civibus
886 1400 956 1441 111
982 1379 1187 1465 patria
1222 1400 1445 1465 posse:
1494 1390 1569 1442 ut
1606 1376 1970 1464 relinquant
2009 1379 2280 1466 patriam

165 1469 185 1499 ‘
206 1476 403 1549 atque
466 1466 662 1543 cives,
723 1464 965 1529 nullam
1022 1464 1153 1528 vim
1221 1486 1510 1551 unquam
1565 1464 2001 1542 subacturam3
2069 1476 2138 1529 et
2195 1464 2275 1531 T.

166 1557 185 1585 ‘
206 1548 553 1615 Sicinium’
583 1551 669 1634 (is
698 1552 871 1615 enim
911 1574 995 1615 ex
1024 1550 1295 1616 tribunis
1321 1549 1526 1637 plebis
1561 1550 1908 1637 rogationis
1945 1552 2083 1615 eius
2121 1550 2284 1617 lator

164 1635 331 1723 erat)
378 1646 401 1675 ‘
421 1637 827 1703 conditorem
878 1636 1077 1702 Veios
1126 1649 1495 1723 sequantur,
1539 1636 1762 1701 relicto
1805 1635 1928 1701 deo
1978 1637 2278 1717 Romu10,

170 1729 189 1757 ‘
205 1721 313 1785 dei
358 1723 527 1802 filio,
570 1738 835 1811 parente
883 1735 951 1787 et
993 1736 1247 1789 auctore
1294 1723 1467 1788 urbis
1522 1722 1766 1787 Romae
1785 1723 1825 1799 ς’
1874 1723 2034 1789 haec
2078 1747 2278 1811 quum

166 1806 371 1874 foedis
418 1810 879 1875 certaminibus
929 1822 1285 1897 agerentur,
1334 1808 1514 1896 (nam
1573 1822 1820 1896 partem
1879 1811 2280 1876 tribunorum

167 1894 373 1979 plebis
419 1898 651 1961 Patres
690 1896 761 1960 in
793 1918 973 1961 suam
1010 1895 1391 1961 sententiam
1434 1894 1791 1983 traxerant)
1819 1895 1998 1963 nulla
2029 1920 2130 1963 res
2158 1896 2284 1962 alia

168 1984 469 2049 manibus
502 1996 857 2070 temperare
894 1982 1149 2069 plebem
1178 1981 1464 2068 cogebat,
1495 2005 1688 2068 quam
1725 1982 1923 2069 quod,
1952 1984 2066 2048 ubi
2103 1984 2280 2049 rixae

172 2070 671 2135 committendae
712 2091 903 2135 causa
938 2068 1177 2133 clamor
1216 2081 1389 2133 ortus
1429 2080 1613 2146 esset,
1648 2069 1968 2155 principes
2003 2082 2280 2147 senatus,

172 2154 361 2237 primi
394 2157 621 2221 turbae
638 2156 977 2221 offerentes
998 2177 1086 2231 se,
1109 2156 1263 2241 peti,
1286 2154 1481 2231 feriri,
1503 2176 1543 2219 a
1615 2177 1696 2218 ue
1719 2154 1926 2219 occidi
1956 2155 2278 2221 iubebant.

176 2238 279 2304 Ab
311 2242 549 2308 horum
577 2243 889 2307 aetatibus
918 2241 1097 2393 digni
1077 2240 1459 2327 ‘tatibusque
1505 2254 1572 2305 et
1645 2241 1946 2305 onoribus
1975 2241 2284 2307 violandis

176 2324 331 2391 dum
360 2329 817 2406 abstinebatur,
836 2343 904 2394 et
933 2352 969 2393 a
1045 2326 1325 2414 reliquos
1352 2326 1592 2391 similes
1613 2339 1878 2391 conatus
1898 2328 2282 2394 verecundia

176 2411 301 2478 irae
332 2417 663 2493 obstabat3
715 2414 1025 2481 Camillus
1052 2412 1409 2479 identidem
1437 2414 1732 2477 omnibus
1761 2412 1916 2477 locis
1943 2414 2282 2480 conciona-

178 2496 401 2567 batur:
468 2511 491 2541 ‘
510 2502 709 2567 Haud
766 2502 999 2565 mirum
1045 2500 1115 2564 id
1164 2500 1431 2586 quidem
1476 2522 1633 2577 esse,
1678 2498 1886 2563 furere
1939 2499 2278 2577 civitatem,
2299 2513 2500 2588 Religio
2519 2514 2596 2565 in-

134 2612 165 2661 9
182 2590 201 2619 ‘
216 2607 403 2671 quae,
434 2588 735 2653 damnata
760 2588 915 2667 voti,
938 2587 1223 2651 omnium
1248 2608 1461 2651 rerum
1579 2586 1806 2649 tiorem
1830 2608 2066 2663 curam,
2087 2608 2279 2671 quam
2295 2584 2425 2653 meta
2445 2595 2478 2627 ⁸
2498 2580 2594 2630 ⁰⁸⁹

183 2676 203 2705 ‘
216 2674 525 2775 religione
544 2698 611 2740 se
634 2673 1023 2751 exsolvendi,
1042 2673 1293 2739 habeat.
1386 2671 1452 2737 N
1458 2672 1471 2685 ’
1525 2671 1670 2735 ilde
1694 2670 2028 2736 collatione
2047 2672 2278 2751 dicere,
2295 2643 2612 2769 fflgffi'

144 2782 163 2815 ι
185 2760 397 2847 ‘stipis
427 2763 659 2839 verius,
706 2784 899 2848 quam
942 2760 1265 2837 decimae3
1312 2757 1571 2845 quando
1611 2780 1689 2823 ea
1725 2780 1794 2822 se
1837 2758 2107 2845 quisque
2195 2758 2391 2823 ri-dne
2408 2770 2590 2820 Veien-

183 2849 204 2878 ‘
218 2848 415 2913 vatim
460 2848 851 2935 obligaverit,
882 2846 1182 2911 liberatus
1220 2846 1303 2911 sit
1337 2844 1630 2932 populus.
1721 2843 2088 2923 Enimvero,
2120 2845 2141 2909 i
2191 2846 2282 2911 ud
2297 2840 2462 2887 ω

186 2936 205 2965 ⁶
224 2953 290 2997 se
332 2946 563 3013 tacere,
594 2956 773 2999 suam
808 2932 1261 2999 conscientiam
1300 2954 1431 2996 non
1470 2932 1644 3018 pati:
1692 2930 1868 3018 quod
1911 2954 1996 2997 ex
2023 2954 2102 2996 ea
2140 2946 2282 2997 tan-

140 3036 169 3071 2
186 3022 205 3053 ‘
226 3030 363 3085 tum
382 3021 643 3109 praeda,
665 3043 831 3107 quae
852 3041 1065 3084 rerum
1084 3018 1475 3083 moventium
1492 3018 1592 3094 sit,
1612 3017 1862 3084 decima
1880 3018 2276 3105 designeturz

140 3120 168 3168 3
187 3110 204 3139 ‘
222 3106 393 3173 urbis
422 3122 615 3195 atque
645 3107 777 3193 agri
805 3104 995 3207 capti,
1072 3128 1191 3170 uae
1220 3118 1287 3169 et
1313 3105 1451 3192 ipsa
1469 3117 1620 3169 voto
1647 3105 2066 3182 contineatur,
2100 3128 2284 3169 men-

186 3197 205 3225 ‘
226 3191 465 3259 tionem
492 3194 733 3259 nullam
774 3194 954 3257 fieri?
1112 3214 1265 3257 uum
1296 3213 1373 3255 ea
1410 3189 1804 3276 disceptatio,
1836 3212 1992 3255 auce
2098 3212 2284 3254 sena-

188 3277 279 3342 tui
326 3282 481 3360 visa,
526 3280 818 3368 delegata
866 3278 949 3345 ad
997 3278 1335 3365 pontifices
1378 3290 1580 3353 esset3
1639 3275 1930 3339 adhibito
2043 3275 2280 3355 amillo,

254 3449 279 3498 7
310 3442 455 3491 Actio
488 3440 793 3500 movebatur]
843 3438 923 3487 Ad
957 3438 1201 3501 populum
1265 3442 1470 3511 angunt-e
1503 3440 1553 3484 et
1583 3435 1796 3484 tenuiter
1825 3434 1876 3481 in
1902 3434 2142 3484 decimam
2167 3451 2279 3485 con-

192 3512 379 3565 quoque
400 3504 479 3567 agi
504 3503 772 3566 incipiebat
793 3504 855 3551 de
876 3502 966 3550 illa
984 3518 1054 3561 re,
1075 3517 1201 3563 quae
1266 3501 1437 3548 tulisse
1458 3500 1690 3563 privatos,
1711 3505 1767 3547 ut
1787 3498 1966 3561 stipem
1988 3514 2116 3558 eam,
2131 3514 2281 3561 quam

193 3572 296 3623 post
328 3575 525 3631 captam
559 3567 823 3629 praecipue
855 3582 887 3615 a
916 3566 1078 3615 Gallis
1100 3566 1199 3614 Ro-
1266 3563 1529 3623 decimam,
1569 3562 1808 3626 appellari
1848 3561 2008 3610 verius
2042 3562 2120 3611 sit.
2187 3564 2282 3611 Sti-

192 3638 319 3679 mam
350 3632 535 3681 maiore
565 3630 839 3680 animorum
874 3635 1011 3678 motu
1037 3635 1089 3677 et
1108 3630 1200 3679 ste-
1266 3644 1380 3691 pem
1424 3628 1698 3687 conferunt,
1739 3626 1822 3688 qui
1864 3625 1990 3675 nihil
2033 3626 2284 3689 debentes,

195 3696 519 3749 quentioribus
541 3696 687 3756 vulgo
709 3693 883 3743 studiis
905 3692 1089 3756 agitata
1108 3698 1201 3753 est,
1263 3696 1504 3755 quantum
1531 3692 1720 3750 volunt,
1741 3691 1872 3739 exile
1903 3692 2192 3755 plerumque
2219 3708 2282 3743 ac

193 3761 451 3874 nelsnpale
470 3759 735 3873 ¹25⁸dess
748 3757 919 3835 Veios.-
946 3758 1108 3807 Cuv.
1262 3756 1530 3869 nimitum,
1551 3756 1680 3804 ultro
1695 3754 2168 3881 {gp-fenanffm.

450 3839 677 3888 rtnqua
788 3828 1001 3885 paenam
1052 3828 1201 3885 atquo
1331 3836 1358 3869 α
1430 3836 1694 3871 erummov
1777 3836 1881 3869 mm
2043 3828 2283 3871 moventes

196 3884 340 3948 cives]
368 3888 573 3950 Quippe
595 3885 778 3935 tribuni
798 3886 1025 3934 volebant
1040 3884 1199 3949 legem
1265 3890 1380 3933 sunt
1401 3885 1711 3945 resmobiles,
1729 3884 1825 3943 vel,
1982 3887 2162 3934 moveri

198 3944 329 4011 ferre,
362 3958 419 4000 ut
454 3966 567 4014 pass
598 3949 759 4015 plebis
790 3954 841 3997 et
872 3954 1069 3999 senatus
1101 3950 1200 3998 Ro-
1265 3955 1399 4009 cunt,
1436 3954 1495 3998 ut
1533 3954 1768 3999 vocantur
1794 3964 1827 3996 a
1840 3900 2057 4010 mota
2075 3947 2128 3997 in
2198 3948 2282 3997 he-

198 4014 323 4061 mani
345 4015 499 4065 Veios
518 4015 761 4078 migraret.
784 4010 963 4063 Datur.
1266 4012 1399 4063 mist.
1422 4028 1467 4063 2.

258 4091 288 4139 9
316 4080 569 4129 Damnata
614 4079 740 4138 voti]
791 4076 1007 4126 Astricta
1037 4081 1089 4126 et
1120 4076 1205 4125 ob-
1335 4091 1364 4139 3
1398 4079 1537 4136 Quae
1557 4083 1604 4125 et
1624 4078 1761 4139 ipsa]
1807 4074 1941 4123 Urbs
1961 4073 2147 4125 scilicet
2167 4088 2286 4123 cum

200 4136 342 4201 ligata
364 4144 428 4192 ad
457 4142 835 4206 persolvendum
858 4146 1047 4197 votum,
1067 4140 1207 4191 cuius
1268 4154 1403 4203 agro,
1436 4141 1512 4189 vel
1549 4142 1759 4189 decuma
1791 4138 1925 4187 urbis
1957 4143 2008 4185 et
2043 4136 2173 4199 agri:
2213 4136 2284 4186 sic

197 4216 301 4269 cam
322 4206 389 4255 dii
410 4212 689 4269 compotem
712 4207 942 4255 fecerant.
976 4205 1138 4254 Cur.
1267 4219 1367 4252 non
1422 4219 1547 4267 opus
1594 4210 1686 4263 est,
1729 4208 1785 4251 ut
1821 4217 1910 4263 pro
1959 4202 2286 4260 concinantur,

270 4284 289 4317 1
332 4273 485 4335 δῆρίς
536 4273 721 4330 ven-ius,
762 4285 910 4333 quam
961 4270 1201 4331 decimae]
1268 4268 1537 4316 scribamus
1567 4282 1679 4317 cum
1709 4264 1975 4325 Crevier-io,
2004 4265 2286 4315 contium·-

203 4328 337 4384 Hacc
361 4340 435 4385 est
462 4350 603 4385 mens
622 4332 845 4393 camini,
864 4338 922 4382 ut
943 4333 1077 4381 dicat
1101 4338 1202 4381 tam
1269 4339 1368 4381 tur.
1405 4330 1572 4381 Dona.
