3000 4784
767 229 961 297 LIB.
1008 230 1199 297 VIII.
1264 231 1490 298 CAP.
1541 239 1644 300 38.
2129 243 2258 305 495

90 362 181 427 in
216 361 644 429 Tusculanos
665 364 1290 445 animadverteretur,
1314 390 1590 455 quorum
1612 392 1834 434 eorum
1857 393 1896 435 o
1941 394 1978 435 e
2009 394 2086 437 ac
2108 394 2264 439 con-
2283 390 2360 444 U.
2375 392 2434 442 C.
2457 408 2570 455 43¹·

92 450 279 514 silio
312 448 631 515 Veliterni
661 450 1191 539 Privernatesque
1220 453 1460 540 populo
1482 454 1781 520 Romano
1809 394 2050 523 beilum
2078 459 2262 524 fecis—
2278 457 2341 506 A.
2375 458 2436 507 C·
2461 472 2569 519 32¹·

94 548 303 601 sent.
401 536 687 624 Populus
717 537 1121 603 Tusculanus
1160 562 1307 603 cum
1348 541 1727 628 coniugibus
1767 566 1839 607 ac
1881 543 2096 609 liberis
2127 545 2266 611 Ro-

98 645 321 686 mam
352 622 546 687 venit.
624 622 723 688 Ea
750 623 1114 701 multitudo,
1144 639 1321 691 veste
1350 639 1615 704 mutata,
1645 641 1714 693 et
1741 630 1952 716 specie
1983 653 2260 710 reorum,

98 709 354 773 tribus
382 710 692 787 circumit,
715 710 985 797 genibus
1012 733 1079 775 se
1110 712 1397 776 omnium
1429 713 1788 779 advolvens.
1857 716 2014 781 Plus
2043 717 2263 805 itaque

100 795 583 861 misericordia
622 796 705 861 ad
743 819 989 883 poenae
1023 798 1276 861 veniam
1316 799 1404 862 im
1490 800 1801 879 tmndam,
1840 825 2032 889 quam
2075 826 2264 869 causa

104 880 211 945 ad
258 881 517 946 crimen
545 882 951 969 purgandum
980 884 1193 948 valuit.
1287 884 1402 949 Tri
1447 909 1522 950 us
1558 909 1798 967 omneS,
1829 903 2082 975 praeter
2109 888 2260 955 Pol-

104 966 322 1045 liam,
368 969 784 1055 antiquarunt
825 969 1053 1056 legem.
1144 969 1387 1035 Polliae
1434 974 1754 1037 sententia
1798 974 1940 1052 fuit,
1989 977 2261 1062 puberes

106 1055 509 1119 verberatos
536 1056 770 1132 necari,
802 1055 1104 1142 coniuges
1131 1056 1259 1121 libe
1410 1080 1489 1122 ue
1526 1059 1644 1122 sub
1675 1081 1910 1124 corona
1936 1060 2076 1147 lege
2107 1062 2261 1127 belli

104 1140 407 1205 venire:
454 1141 951 1229 memoriamque
992 1142 1131 1207 eius
1170 1143 1299 1207 irae
1394 1142 1714 1207 usculanis
1753 1145 1822 1209 in
1851 1168 2096 1232 poenae
2127 1161 2260 1212 tam

109 1226 379 1291 atrocis
420 1240 706 1292 auctores
750 1228 1049 1293 mansisse
1094 1228 1178 1293 ad
1219 1242 1473 1315 patrum
1516 1241 1789 1294 aetatem
1833 1244 2099 1309 constat,
2136 1256 2258 1297 nec

110 1336 539 1463 quemqqpm
596 1314 795 1379 ferme
853 1336 935 1379 ex
986 1313 1194 1379 Pollia
1250 1315 1421 1380 tribu
1472 1314 1882 1380 candidatum
1935 1317 2258 1405 Papiriam

139 1422 307 1463 erre
341 1422 411 1464 so
458 1414 613 1465 tum.

215 1484 612 1573 Insequenti
642 1510 830 1566 anno,
860 1488 944 1563 Q,
966 1488 1183 1565 Fabio,
1216 1487 1291 1553 L.
1315 1488 1542 1554 Fulvio
1571 1489 1953 1569 consulibus,
1981 1491 2064 1555 A.
2093 1490 2252 1557 Cor·
2377 1498 2480 1558 38.

112 1571 358 1637 nelius
409 1574 657 1637 Arvina
704 1574 976 1639 dictator
1024 1587 1091 1639 et
1142 1574 1237 1638 M.
1271 1575 1504 1640 Fabius
1552 1575 1905 1641 Ambustus
1957 1578 2256 1665 magister
2273 1579 2340 1629 U·
2365 1582 2422 1631 C·
2448 1596 2558 1643 432-

115 1659 461 1743 equitum,
503 1673 681 1724 metu
724 1660 1024 1761 grauioris
1070 1661 1140 1724 in
1188 1660 1447 1726 Samnio
1492 1661 1645 1726 belli
1689 1662 2037 1748 (conducta
2079 1665 2252 1729 enim
2269 1646 2338 1765 ἃ
2358 1645 2562 1769 Ἑοὲιῇξῗ·

112 1746 355 1892 pretio
414 1769 451 1809 a
499 1745 789 1810 finitimis
845 1760 1142 1811 iuventus
1194 1746 1553 1835 dicebatur)
1603 1749 1944 1815 intentiore
1997 1750 2251 1815 delectu
2271 1772 2328 1822 L.
2349 1772 2526 1821 milvio

170 1831 387 1908 abito,
432 1832 759 1919 egregium
801 1834 1151 1897 exercitum
1199 1833 1495 1899 adversus
1548 1834 1864 1901 Samnites
1907 1836 2248 1901 duxerunt.
2269 1838 2406 1887 Coss.

124 1914 381 1981 Castra
436 1917 504 1982 in
563 1918 806 1983 hostico
863 1919 1175 1984 incuriose
1235 1921 1325 1985 ita
1379 1922 1602 2008 posita,
1663 1936 1968 2023 tanquam
2027 1924 2248 2010 procul
2267 1902 2536 2014 ffmcgss'g]

122 2004 392 2068 abesset
429 2004 665 2070 hostis:
712 2027 914 2092 quum
952 2005 1162 2070 subito
1202 2006 1513 2071 advenere
1549 2007 1928 2072 Samnitium
1966 2008 2249 2095 legiones
2268 2035 2356 2077 tor.

123 2102 327 2154 tanta
358 2090 611 2167 ferocia,
641 2104 716 2155 ut
741 2089 977 2154 vallum
1018 2114 1219 2177 usque
1259 2091 1341 2155 ad
1380 2093 1720 2157 stationem
1749 2094 2108 2158 Romanam
2149 2095 2250 2159 in-

124 2175 405 2241 ferrent.
495 2176 648 2241 Nox
708 2177 831 2241 iam
892 2200 931 2240 a
976 2179 1269 2263 petebat:
1340 2176 1409 2240 id
1465 2178 1791 2264 prohibuit
1850 2180 2250 2243 munimenta
2266 2204 2432 2252 Nocte
2453 2220 2554 2253 cas-

128 2262 421 2326 adoriri:
468 2286 589 2327 nec
618 2262 945 2327 dissimula
986 2274 1115 2339 ant,
1147 2274 1285 2327 orta
1324 2262 1467 2327 luce
1507 2276 1761 2350 postero
1806 2263 1910 2328 die
1955 2264 2244 2329 facturos.
2265 2274 2348 2341 tra,
2361 2267 2505 2316 relin-

128 2348 463 2425 Dictator,
486 2350 596 2413 ubi
624 2350 985 2436 propiorem
1013 2372 1124 2436 spe
1155 2348 1627 2414 dimicationem
1657 2348 1836 2427 vidit,
1861 2372 1944 2414 ne
1975 2350 2248 2416 militum
2265 2338 2387 2394 qm·

130 2434 369 2499 virtuti
403 2434 637 2499 damno
674 2434 853 2499 locus
890 2447 1075 2511 esset,
1106 2435 1361 2521 ignibus
1400 2435 1634 2499 crebris
1674 2434 1927 2511 relictiS,
1960 2437 2074 2521 qui
2101 2460 2258 2502 con·-

131 2534 437 2607 spectum
496 2520 774 2585 hostium
830 2520 1301 2598 frustrarentur,
1352 2520 1607 2585 silentio
1660 2520 1945 2606 legiones
1996 2522 2252 2588 educit:

134 2629 267 2671 nec
301 2620 518 2671 tamen
544 2606 759 2671 fallere
789 2619 1051 2706 propter
1076 2606 1617 2693 propinquitatem
1649 2619 1993 2671 castrorum
2023 2610 2252 2694 potuit.

137 2692 373 2779 Eques
429 2692 750 2779 extemplo
800 2706 1125 2756 insecutus
1175 2693 1265 2757 ita
1314 2693 1546 2757 institit
1593 2692 1850 2779 agmini,
1901 2706 1994 2770 ut,
2047 2693 2256 2761 donec

138 2777 513 2856 lucesceret,
544 2777 785 2866 proelio
814 2778 1173 2844 abstineret.
1251 2776 1357 2843 Ne
1388 2778 1712 2865 pedestres
1741 2778 2000 2931 (ὲιιὶἀεω
2033 2782 2257 2867 copiae

138 2879 299 2930 ante
349 2865 559 2930 lucem
612 2865 828 2930 castris
877 2887 1178 2952 egressae.
1272 2864 1512 2951 Eques,
1559 2865 1701 2929 luce
1799 2888 2017 2930 emum
2067 2890 2256 2934 ausus

210 3098 242 3143 4
266 3083 337 3129 In
352 3082 677 3130 Tusculanos.
694 3116 705 3129 .
722 3116 733 3129 .
751 3096 956 3144 quorum
972 3083 1163 3141 eorum]
1234 3079 1313 3130 vii.
1350 3093 1430 3145 53,
1463 3081 1566 3144 qui,
1599 3082 1658 3131 L.
1683 3082 1915 3131 Fulvium
1950 3082 2253 3133 Tusculano-

146 3144 211 3192 In
247 3144 575 3203 Tusculanos,
610 3160 710 3193 non
748 3160 917 3193 omnes
950 3146 1169 3207 quidem,
1231 3160 1341 3194 rum
1362 3146 1707 3193 rebellantium
1727 3148 1998 3205 consulem,
2015 3160 2167 3207 quum
2187 3148 2254 3195 ad

145 3210 235 3257 sed
269 3208 323 3256 in
355 3208 469 3257 illos
496 3223 683 3269 eorum,
712 3208 814 3257 sive
846 3224 909 3257 ex
942 3209 1029 3267 eis,
1050 3224 1165 3269 quo-
1234 3208 1487 3256 Romanos
1515 3209 1781 3267 transisset,
1802 3210 1976 3257 eodem
2009 3210 2190 3257 honore
2221 3224 2256 3257 a

143 3286 380 3395 333&
399 3272 711 3399 3⁰32&
729 3308 743 3322 ·
764 3272 1039 3397 ’ἓὲὲξᾎῗὲ
1056 3278 1168 3383 ἓῖῗὲ
1232 3271 2112 3383 {313”.¹2.11{}.⁰m÷·2¹2‘e..32;¹¹}2⁸‘{›¹ss.?5
2115 3287 2254 3385 {2¹:2⁸5

147 3401 287 3461 apud
308 3406 527 3448 nostrum
548 3399 685 3448 xxiii.
709 3410 785 3461 25.
810 3405 861 3447 et
881 3398 1015 3446 xxvi.
1040 3412 1117 3460 34.
1234 3396 1381 3445 dubie
1418 3396 1606 3458 aliquid
1641 3398 1928 3445 mendosum
1973 3398 2112 3447 latet.
2183 3399 2252 3447 Et

216 3480 244 3525 5
278 3465 483 3512 Romam
502 3465 661 3523 venit]
704 3463 784 3512 Ad
804 3463 1167 3525 deprecandum
1233 3460 1465 3523 quoniam
1483 3460 1779 3509 Tusculanis
1801 3460 1971 3509 civitas
1992 3468 2182 3511 servata
2203 3467 2256 3511 et

152 3528 328 3589 populi
347 3527 561 3575 Romani
582 3526 837 3576 iudicium.
891 3526 1047 3574 Haud
1068 3524 1168 3574 scio
1234 3524 1418 3571 crimen
1439 3524 1720 3571 rebellionis
1751 3523 1801 3570 in
1832 3538 2014 3585 paucos
2034 3530 2256 3574 auctores

151 3604 217 3638 an
238 3590 509 3639 Tusculani
530 3591 837 3653 quaestiones
868 3589 1001 3638 domi
1034 3604 1169 3637 exer·
1236 3602 1429 3637 versum
1449 3600 1582 3649 supr.
1612 3602 1684 3647 14.
1707 3586 1900 3647 dicitur,
1931 3603 2104 3649 parum
2133 3589 2252 3638 veri-

154 3668 264 3703 cere
286 3654 529 3703 voluerint
550 3654 601 3702 iu
623 3670 722 3715 eos,
738 3654 822 3717 qui
846 3654 1036 3715 privato
1058 3668 1171 3701 con-
1236 3651 1395 3699 simile
1428 3656 1520 3710 est,
1550 3650 1602 3699 id
1624 3651 1756 3711 quod
1786 3664 1818 3698 a
1853 3685 1865 3699 .
1895 3652 2104 3701 eundem
2137 3652 2254 3716 legi-

154 3716 263 3767 silio
290 3733 403 3766 cum
427 3718 693 3767 Veliternis
724 3724 775 3767 et
809 3718 1173 3767 Privernatibus
1234 3730 1362 3775 mus,
1406 3714 1540 3764 hunc
1593 3714 1753 3777 ipsum
1849 3751 1860 3763 .
1899 3716 2132 3766 Fulvium
2175 3733 2252 3767 eo-

154 3794 293 3830 arma
312 3782 543 3831 adversus
566 3783 818 3830 Romanos
838 3782 1066 3830 tulerant.
1236 3780 1349 3827 dem
1378 3792 1509 3826 anno
1532 3779 1594 3826 de
1615 3778 1692 3839 iis,
1713 3794 1779 3828 sc.
1802 3777 2114 3842 Tusculanis,
2135 3796 2253 3843 quo-

220 3844 253 3894 6
272 3847 533 3907 Papiriam
544 3847 713 3907 sev-re]
742 3845 805 3893 In
822 3858 969 3905 quam
990 3844 1172 3892 tribum
1235 3858 1345 3890 rum
1368 3843 1535 3891 consul
1559 3842 1735 3903 fuerat,
1755 3843 2094 3907 triumphasse.
2145 3844 2253 3894 Tri-

157 3906 425 3957 Tusculani
447 3914 617 3971 postea
638 3907 881 3957 distributi
902 3912 1029 3955 sunt.
1079 3909 1170 3958 Ce-
1236 3906 1477 3968 umphum
1521 3905 1699 3955 Fulvio
1732 3908 1794 3955 de
1832 3908 2134 3957 Samnitibus
2169 3907 2252 3955 tri-

158 3974 317 4020 temm
336 3973 481 4033 ferre
512 3974 693 4021 tribum
724 3970 1008 4020 sollenniter
1029 3972 1092 4019 de
1112 3986 1173 4019 eo
1237 3972 1396 4018 buunt
1434 3970 1571 4020 Fasti
1610 3970 1896 4033 Capitolini.
1950 3972 2013 4020 cf.
2044 3969 2256 4019 Niebhr.

159 4034 351 4095 dicitur,
384 4036 468 4096 qui
500 4034 655 4085 tribus
686 4034 913 4097 suffragia
946 4034 1173 4097 impetra-
1236 4033 1305 4084 iii.
1328 4050 1377 4082 n.
1403 4046 1512 4097 350.
2127 4092 2138 4104 ·
2163 4092 2175 4105 ·

162 4099 296 4149 verit.
330 4099 513 4149 eficic.
532 4099 661 4149 Phil.
678 4099 748 4148 xi.
763 4100 807 4147 8.
822 4101 1171 4161 Africanus...
1310 4099 1341 4146 8
1374 4098 1626 4147 Conducta
1661 4099 1792 4147 enim
1823 4097 2008 4157 pretio]
2061 4094 2258 4167 ,Εἰώθει

160 4163 285 4211 duas
297 4170 487 4212 tantum
500 4164 657 4213 tribus
673 4165 805 4222 adit,
816 4162 884 4212 id.
894 4178 981 4224 pro
997 4163 1170 4212 Plane.
1236 4161 1521 4220 conductos,
1551 4166 1639 4209 sut
1677 4160 1854 4208 saltem
1896 4171 2156 4230 pecuniam
2189 4157 2254 4205 ad

164 4239 241 4275 22.
256 4243 363 4275 cum
374 4229 639 4291 plerasque
653 4228 811 4277 tribus
833 4228 1001 4277 tuter-ie
1016 4228 1177 4276 Plan*
1236 4224 1580 4273 conducendos
1611 4222 1812 4281 milites,
1833 4220 2132 4294 Sammtibus
2165 4234 2256 4282 pro

164 4290 279 4339 eim.
1239 4292 1378 4349 parte
1398 4301 1487 4334 sua
1509 4286 1800 4335 Tarentinos
1832 4286 2112 4346 praebuisse
2143 4298 2262 4334 cen,-

232 4366 257 4414 7
288 4356 346 4402 L.
358 4356 561 4417 Fulvio]
600 4354 681 4403 De
702 4368 763 4406 eo
784 4354 848 4403 cf.
866 4352 997 4403 Plin.
1017 4352 1088 4402 H.
1104 4352 1175 4402 N.
1239 4356 1313 4401 set
1336 4348 1544 4399 Niebhr.
