3000 4784
378 360 445 409 U.
470 359 530 409 C.
554 374 664 419 434.

380 427 437 475 A.
472 424 531 473 C.
558 426 665 483 318.

380 2262 607 2326 Papirius

378 2329 569 2402 obsidet
592 2328 689 2377 Lu-

379 2406 572 2441 cenam.

487 3537 584 3598 14.

704 220 829 283 514
1480 206 1705 273 ΤΙΤΙ
1761 206 2033 273 L1v11

704 351 937 435 cuique
969 347 1215 411 animus
1246 366 1489 409 memor
1523 344 1912 430 ignominiae
1949 342 2316 407 adhortator
2347 342 2584 407 aderat.
2683 341 2818 405 Va-

704 437 867 501 dunt
896 435 1088 519 igitur
1115 433 1185 497 in
1214 431 1528 518 proelium
1559 442 1858 516 urgentes
1887 453 1916 493 s
2028 429 2253 495 iseros:
2303 442 2387 505 et,
2419 452 2504 493 ne
2535 451 2728 493 mora
2755 430 2820 491 iu

703 544 1013 589 concursu
1048 518 1195 605 pilis
1234 517 1602 583 emittendis
1639 453 2148 603 stringenffis‘que
2186 515 2339 580 inde
2367 516 2600 603 gladiis
2627 529 2822 588 emet,

702 608 849 695 pila,
890 606 1066 671 velut
1110 605 1261 669 dato
1307 604 1391 669 ad
1441 604 1512 668 id
1561 604 1762 690 signo,
1804 603 2130 679 abiiciunt,
2171 602 2536 689 strictisque
2585 601 2824 689 gladiis

702 716 891 759 cursu
938 694 1005 757 in
1050 692 1299 757 hostem
1344 692 1653 755 feruntur.
1767 688 1956 753 Nihil
1999 688 2128 753 illic
2173 689 2622 789 imperatoriae
2671 690 2824 753 artis

703 780 1031 845 ordinibus
1076 790 1187 843 aut
1233 776 1528 841 subsidiis
1573 775 1856 841 locandis
1901 776 2059 839 fuit:
2119 798 2338 839 omma
2379 776 2476 839 ira
2523 775 2822 841 militaris

704 888 901 953 prope
939 888 1171 929 vesano
1215 864 1462 948 impetu
1506 862 1652 948 egit.
1746 860 1973 947 Itaque
2015 884 2150 925 non
2191 862 2314 925 fusi
2359 861 2558 925 modo
2603 862 2822 927 hostes

704 965 893 1027 sunt3
948 951 1081 1028 sed,
1126 974 1209 1015 ne
1256 949 1472 1013 castris
1523 948 1788 1035 quidem
1837 949 1967 1013 suis
2018 947 2234 1034 fugam
2286 948 2606 1034 impedire
2661 949 2819 1023 ausi,

706 1038 1011 1125 Apuliam
1042 1037 1329 1123 dissipati
1360 1036 1640 1121 petiere:
1691 1034 2028 1099 Luceriam
2073 1048 2304 1111 tamen,
2335 1048 2564 1099 coacto
2605 1058 2820 1099 rursus

706 1126 776 1189 in
828 1147 1027 1191 unum
1080 1124 1354 1210 agmine,
1408 1134 1505 1192 est
1553 1134 1947 1207 perventum.
2041 1120 2366 1185 Romanos
2419 1121 2516 1185 ira
2569 1122 2818 1195 eadem,

708 1234 871 1297 quae
901 1234 1016 1297 per
1052 1209 1327 1274 mediam
1368 1208 1570 1272 aciem
1609 1208 1889 1271 hostium
1929 1206 2178 1284 tulerat,
2211 1220 2276 1271 et
2315 1207 2386 1270 in
2425 1220 2640 1273 castra
2677 1230 2820 1294 per-

708 1298 872 1363 tulit.
965 1296 1065 1362 Ibi
1108 1295 1271 1382 pluS‚
1302 1316 1497 1379 quam
1538 1294 1606 1357 in
1647 1293 1802 1370 acie,
1833 1293 2157 1381 sanguinis
2195 1316 2270 1357 ac
2308 1292 2526 1359 caedis
2555 1294 2814 1368 factum,

708 1384 1108 1483 praedaeque
1138 1405 1281 1469 pars
1310 1381 1512 1445 maior
1539 1380 1632 1443 ira
1659 1392 1970 1467 corrupta.

798 1470 1135 1535 Exercitus
1163 1469 1321 1532 alter
1346 1489 1495 1531 cum
1527 1465 1784 1553 Papirio
1812 1465 2070 1531 consule
2109 1465 2266 1530 locis
2304 1466 2652 1531 maritimis
2679 1491 2816 1555 per-

708 1568 969 1621 venerat
1000 1555 1211 1641 Arpos
1284 1576 1355 1619 er
1383 1551 1600 1617 omnia
1626 1564 1867 1638 pacata,
1903 1552 2286 1617 Samnitium
2319 1575 2386 1617 m
2475 1553 2526 1616 ’s
2569 1555 2856 1618 iniuriiss

708 1655 775 1708 et
818 1642 984 1719 odio,
1017 1664 1211 1727 quam
1335 1638 1566 1705 neficio
1606 1637 1736 1702 ullo
1775 1638 1996 1725 populi
2027 1638 2321 1703 Romani.
2489 1662 2602 1704 am
2643 1639 2816 1705 Sam-

709 1729 893 1804 nites,
925 1750 1003 1791 ea
1046 1738 1417 1813 tempestate
1462 1725 1532 1789 in
1578 1724 1898 1789 montibus
1929 1724 2188 1789 vicatim
2229 1724 2620 1804 habitanteS,
2649 1749 2854 1794 cam-⁴

706 1813 942 1900 pestria
980 1826 1046 1876 et
1080 1812 1397 1877 maritima
1430 1811 1588 1887 loca,
1620 1823 1985 1897 contempto
2025 1811 2340 1875 cultorum
2381 1811 2684 1877 molliore
2727 1828 2815 1877 at-

706 1920 854 1984 que,
886 1911 961 1963 ut
996 1897 1211 1961 evenit
1236 1897 1387 1973 fere,
1420 1896 1575 1961 locis
1615 1896 1802 1961 simili
1842 1918 2098 1983 genere,
2129 1896 2251 1984 ipsi
2290 1899 2586 1961 montani
2625 1912 2814 1985 atque

706 1996 981 2071 agrestes
1026 1982 1592 2070 depopulabantur.
1690 1981 1875 2058 Quae
1919 1984 2096 2069 regio
2126 1985 2194 2049 ,si
2239 1983 2372 2047 fida
2421 1982 2816 2051 Samnitibus

706 2070 946 2148 fuisset,
978 2082 1091 2137 aut
1131 2069 1459 2156 pervenire
1494 2070 1705 2155 Arpos
1745 2069 2062 2135 exercitus
2093 2069 2424 2135 Romanus
2465 2074 2812 2157 nequisset,

706 2171 819 2223 aut
856 2158 1191 2223 interiecta
1228 2156 1397 2221 iuter
1426 2155 1702 2221 Romam
1742 2169 1808 2220 et
1840 2156 2070 2243 Arpoe‚
2105 2156 2376 2257 penuria
2415 2179 2640 2223 rerum
2683 2182 2812 2223 om·
2827 2179 2850 2226 5

707 2246 907 2321 nium,
936 2244 1225 2309 exclusos
1254 2266 1293 2307 a
1321 2242 1776 2307 commeatibus
1803 2242 2268 2329 absumpsisset.
2345 2242 2524 2307 Tum
2553 2256 2850 2333 quoque6

706 2331 1021 2429 profectos
1062 2330 1213 2395 iude
1254 2329 1338 2394 ad
1372 2328 1732 2405 Luceriam,
1761 2328 1943 2393 iuxta
1975 2328 2337 2395 obsidentes
2378 2330 2808 2419 obsessosque,

706 2417 923 2503 inopia
962 2416 1230 2481 vexavit.
1326 2414 1565 2481 Omnia
1605 2414 1686 2478 ab
1722 2413 1919 2501 Arpis
1960 2414 2270 2480 Romanis
2315 2417 2810 2503 suppeditaban-

706 2515 850 2580 tur3
896 2514 1181 2568 ceterum
1224 2501 1386 2567 adeo
1432 2502 1686 2588 exigue,
1719 2512 1792 2565 ut
1838 2501 2045 2578 militi,
2077 2516 2386 2589 occupato
2433 2504 2809 2569 stationibus

704 2590 1063 2677 vigiliisque
1092 2600 1161 2654 et
1193 2610 1405 2675 opere,
1436 2610 1635 2674 eques
1661 2586 1957 2653 folliculis
1995 2588 2064 2653 iu
2099 2602 2304 2654 castra
2339 2590 2420 2653 ab
2452 2590 2659 2676 Arpis
2687 2592 2810 2655 fiu-

704 2688 995 2741 mentum
1047 2674 1344 2751 veheret3
1412 2673 1739 2739 interdum
1795 2696 2062 2739 occursu
2117 2674 2398 2739 hostium
2455 2690 2808 2763 cogeretur,

704 2762 953 2827 abiecto
1004 2784 1085 2826 ex
1138 2785 1307 2848 equo
1356 2760 1695 2835 fiumentO,
1749 2782 2050 2846 pugnare.
2143 2760 2232 2825 Et
2289 2762 2560 2827 obsessis
2617 2765 2808 2850 prius,

704 2870 897 2933 quam
938 2847 1096 2911 alter
1134 2846 1355 2913 consul
1395 2847 1634 2911 victore
1675 2846 1960 2911 exercitu
2002 2847 2278 2924 advenit,
2309 2860 2376 2913 et
2417 2864 2810 2915 commeatus

702 2954 784 2995 ex
813 2933 1135 2997 montibus
1168 2932 1550 2997 Samnitium
1579 2932 1814 2997 invecti
1843 2946 2042 3011 erant,
2067 2947 2136 2999 et
2161 2934 2402 2998 auxilia
2428 2934 2806 3001 intromissa.

703 3016 965 3083 Artiora
990 3017 1207 3082 omnia
1233 3018 1544 3083 adventus
1574 3018 1835 3083 Publilii
1868 3018 2060 3098 fecit3
2108 3020 2240 3107 qui,
2273 3020 2606 3087 obsidione
2637 3022 2810 3088 dele-

701 3115 849 3191 gata
894 3102 963 3169 in
1010 3126 1227 3169 curam
1278 3103 1579 3192 collegae,
1630 3128 1865 3171 vacuus
1994 3129 2027 3170 r
2069 3130 2251 3194 agros
2298 3121 2532 3173 cuncta
2583 3108 2812 3175 infesta

702 3190 1157 3257 commeatibus
1207 3190 1485 3255 hostium
1537 3191 1789 3258 fecerat.
1943 3206 2130 3280 taque
2183 3216 2382 3280 quum
2434 3216 2582 3281 spes
2633 3196 2812 3261 nulla

701 3289 886 3354 esset,
918 3277 1156 3343 diutius
1186 3278 1466 3343 obsessos
1494 3278 1606 3343 ino
1651 3278 1778 3343 iam
1805 3277 2064 3357 laturoS,
2095 3282 2296 3345 coacti
2331 3280 2675 3359 Samnites,
2699 3284 2810 3369 qui

701 3362 785 3429 ad
815 3363 1153 3431 Luceriam
1192 3377 1396 3431 castra
1440 3364 1604 3429 habe
1649 3378 1779 3442 ant,
1826 3366 2114 3452 undique
2159 3368 2502 3431 contractis
2545 3368 2804 3445 viribus

701 3449 883 3537 signa
908 3473 1055 3515 cum
1079 3450 1337 3539 Papirio
1364 3451 1670 3515 conferre.

789 3536 917 3601 Per
944 3537 1013 3601 id
1042 3550 1311 3623 tempuS‚
1334 3537 1701 3624 parantibus
1731 3537 2014 3623 utrisque
2044 3560 2110 3601 se
2140 3538 2224 3603 ad
2252 3538 2590 3624 proelium,
2615 3540 2802 3640 legati

766 3782 793 3829 3
826 3770 1016 3829 Arpos]
1076 3770 1225 3819 Hane
1259 3772 1489 3819 Dauniae
1527 3772 1716 3829 urbem,
1780 3769 1902 3819 κατὰ
1923 3769 2079 3829 κόμας
2100 3770 2294 3820 dicitur.

698 3831 818 3879 olim
850 3832 1193 3893 Argyrippam,
1215 3850 1248 3881 a
1270 3834 1516 3883 Diomede
1550 3834 1714 3883 condi·
1845 3847 1873 3895 5
1895 3836 2004 3883 Aut
2023 3836 2306 3895 interiecto]
2345 3836 2394 3884 h.
2413 3850 2457 3883 e.
2482 3836 2588 3885 Aut
2609 3838 2800 3895 saltem,

698 3900 801 3944 tam
819 3894 965 3944 fixisse
987 3896 1220 3943 traditum
1238 3902 1328 3955 est,
1342 3899 1473 3959 quod
1491 3912 1553 3945 ex
1575 3913 1714 3945 num-
1781 3903 2040 3959 postquam
2086 3898 2302 3947 Romani
2357 3900 2520 3961 Arpos
2571 3915 2798 3962 perrene-

698 3959 794 4008 mis
804 3975 999 4022 quoque
1012 3965 1233 4021 apparet.
1272 3960 1388 4009 Hoc
1408 3966 1576 4009 autem
1593 3966 1713 4009 tem-
1779 3966 1908 4020 rant,
1931 3961 2189 4011 interiecta
2220 3962 2346 4011 inter
2377 3963 2598 4012 Romam
2629 3970 2682 4013 et
2713 3968 2795 4015 Ar·

699 4039 817 4086 pore
856 4024 1085 4074 Dauniae
1127 4026 1269 4072 urbes
1312 4022 1551 4072 seditione
1586 4022 1716 4073 inter
1781 4039 1886 4086 pos,
1909 4040 1972 4074 ne
1999 4031 2302 4075 commeatus
2325 4042 2358 4075 a
2380 4026 2546 4076 Roma
2575 4028 2794 4079 subveni-

697 4104 803 4138 sese
824 4090 1127 4146 laborabant,
1143 4092 1194 4135 et
1217 4087 1436 4149 partibus
1455 4084 1567 4134 aliis
1586 4088 1716 4137 aliae
1778 4094 1904 4147 rent,
1926 4089 2070 4137 {anile
2093 4090 2434 4151 prohibuisset.

695 4152 939 4201 favebant.
987 4150 1161 4215 Arpini
1184 4150 1234 4198 in
1254 4152 1592 4200 Romanorum
1617 4152 1714 4200 fide
1841 4151 1874 4201 6
1909 4154 2032 4201 Tum
2053 4156 2266 4227 quoque]
2305 4155 2472 4215 Atque
2493 4154 2646 4205 etiam
2669 4156 2789 4209 lieet.

696 4229 849 4276 usque
874 4218 939 4264 ad
964 4217 1151 4263 bellum
1175 4215 1418 4264 Punicum
1439 4216 1706 4263 secundum
1775 4220 1832 4263 ut
1857 4216 2006 4265 modo
2031 4216 2263 4275 diximus,
2284 4218 2415 4281 regio
2447 4218 2542 4267 illa
2569 4220 2673 4269 fida
2703 4235 2788 4267 noa

695 4280 975 4325 manebant.
1010 4278 1217 4327 Niebhr.
1240 4277 1275 4326 i.
1295 4293 1344 4326 n.
1367 4288 1478 4339 473.
1772 4284 1902 4326 esset
1933 4279 2253 4339 Samnitibus,
2278 4282 2366 4329 sed
2399 4287 2580 4342 pacata
2615 4284 2785 4332 Roma-

758 4355 789 4395 4
834 4341 1057 4398 Vicast'm]
1099 4342 1159 4389 Id
1180 4341 1315 4401 quod
1334 4342 1469 4402 apud
1492 4339 1708 4389 Graecos
1772 4340 1862 4389 nis.
1895 4342 2059 4391 Citav-
