<?xml version="1.0" encoding="UTF-8"?>
<!DOCTYPE html PUBLIC "-//W3C//DTD XHTML 1.0 Transitional//EN"
    "http://www.w3.org/TR/xhtml1/DTD/xhtml1-transitional.dtd">
<html xmlns="http://www.w3.org/1999/xhtml" xml:lang="en" lang="en">
 <head>
  <title>
</title>
<meta http-equiv="Content-Type" content="text/html;charset=utf-8" />
  <meta name='ocr-system' content='tesseract 3.04.00' />
  <meta name='ocr-capabilities' content='ocr_page ocr_carea ocr_par ocr_line ocrx_word'/>
</head>
<body>
  <div class='ocr_page' id='page_1' title='image "./tliviipatavinih10unkngoog_0230.png"; bbox 0 0 3000 4784; ppageno 0'>
   <div class='ocr_carea' id='block_1_1' title="bbox 709 188 2028 257">
    <p class='ocr_par' dir='ltr' id='par_1_1' title="bbox 709 188 2028 257">
     <span class='ocr_line' id='line_1_1' title="bbox 709 188 2028 257; baseline 0.001 -2"><span class='ocrx_word' id='word_1_1' title='bbox 709 193 837 256; x_wconf 78' lang='lat'>216</span> <span class='ocrx_word' id='word_1_2' title='bbox 1473 188 1700 255; x_wconf 81' lang='grc' dir='ltr'><strong>ΤῙΤΙ</strong></span> <span class='ocrx_word' id='word_1_3' title='bbox 1758 188 2028 257; x_wconf 88' lang='lat' dir='ltr'>LIVII</span> 
     </span>
    </p>
   </div>
   <div class='ocr_carea' id='block_1_2' title="bbox 446 288 2943 586">
    <p class='ocr_par' dir='ltr' id='par_1_2' title="bbox 446 288 2943 586">
     <span class='ocr_line' id='line_1_2' title="bbox 634 288 2943 413; baseline -0.001 -22"><span class='ocrx_word' id='word_1_4' title='bbox 634 340 677 391; x_wconf 87' lang='lat'>7·</span> <span class='ocrx_word' id='word_1_5' title='bbox 718 335 738 367; x_wconf 93' lang='lat'>‘</span> <span class='ocrx_word' id='word_1_6' title='bbox 752 324 977 391; x_wconf 88' lang='lat' dir='ltr'>decem</span> <span class='ocrx_word' id='word_1_7' title='bbox 1024 324 1310 391; x_wconf 86' lang='lat' dir='ltr'>tribunos</span> <span class='ocrx_word' id='word_1_8' title='bbox 1352 324 1526 412; x_wconf 88' lang='lat' dir='ltr'>plebi</span> <span class='ocrx_word' id='word_1_9' title='bbox 1573 324 1808 391; x_wconf 76' lang='lat' dir='ltr'>faceret</span> <span class='ocrx_word' id='word_1_10' title='bbox 1825 327 1866 403; x_wconf 72' lang='grc' dir='ltr'>ς’</span> <span class='ocrx_word' id='word_1_11' title='bbox 1921 324 2434 413; x_wconf 66' lang='lat' dir='ltr'>immundisque</span> <span class='ocrx_word' id='word_1_12' title='bbox 2485 322 2846 398; x_wconf 75' lang='lat' dir='ltr'>Patribus,</span> <span class='ocrx_word' id='word_1_13' title='bbox 2941 288 2943 303; x_wconf 43' lang='grc' dir='ltr'>Ι</span> 
     </span>
     <span class='ocr_line' id='line_1_3' title="bbox 630 408 2843 500; baseline -0.002 -23"><span class='ocrx_word' id='word_1_14' title='bbox 630 408 676 459; x_wconf 78' lang='lat'>⁵·</span> <span class='ocrx_word' id='word_1_15' title='bbox 714 411 887 477; x_wconf 88' lang='lat' dir='ltr'>unde</span> <span class='ocrx_word' id='word_1_16' title='bbox 1086 434 1157 477; x_wconf 92' lang='lat' dir='ltr'>ro</span> <span class='ocrx_word' id='word_1_17' title='bbox 1174 410 1367 477; x_wconf 89' lang='lat' dir='ltr'>etiam</span> <span class='ocrx_word' id='word_1_18' title='bbox 1384 410 1660 476; x_wconf 89' lang='lat' dir='ltr'>inditum</span> <span class='ocrx_word' id='word_1_19' title='bbox 1677 425 1774 479; x_wconf 89' lang='lat' dir='ltr'>est</span> <span class='ocrx_word' id='word_1_20' title='bbox 1789 435 2163 500; x_wconf 78' lang='lat' dir='ltr'><strong>cognomen,</strong></span> <span class='ocrx_word' id='word_1_21' title='bbox 2181 412 2574 477; x_wconf 88' lang='lat' dir='ltr'>tribunatum</span> <span class='ocrx_word' id='word_1_22' title='bbox 2587 410 2843 496; x_wconf 77' lang='lat' dir='ltr'>gessit.</span> 
     </span>
     <span class='ocr_line' id='line_1_4' title="bbox 446 496 2846 586; baseline -0.003 -19"><span class='ocrx_word' id='word_1_23' title='bbox 446 540 460 553; x_wconf 89' lang='lat'><strong>·</strong></span> <span class='ocrx_word' id='word_1_24' title='bbox 530 505 677 567; x_wconf 82' lang='lat'><strong>·308·</strong></span> <span class='ocrx_word' id='word_1_25' title='bbox 800 498 965 565; x_wconf 87' lang='lat' dir='ltr'>Inde</span> <span class='ocrx_word' id='word_1_26' title='bbox 1168 496 1497 586; x_wconf 81' lang='lat' dir='ltr'>Geganius</span> <span class='ocrx_word' id='word_1_27' title='bbox 1555 498 1925 565; x_wconf 71' lang='lat' dir='ltr'>Macerinus</span> <span class='ocrx_word' id='word_1_28' title='bbox 1981 512 2048 564; x_wconf 90' lang='lat' dir='ltr'>et</span> <span class='ocrx_word' id='word_1_29' title='bbox 2109 498 2187 565; x_wconf 86' lang='lat' dir='ltr'>C.</span> <span class='ocrx_word' id='word_1_30' title='bbox 2231 498 2452 577; x_wconf 87' lang='lat' dir='ltr'>Iulius,</span> <span class='ocrx_word' id='word_1_31' title='bbox 2511 496 2846 562; x_wconf 74' lang='lat' dir='ltr'>consules</span> 
     </span>
    </p>
   </div>
   <div class='ocr_carea' id='block_1_3' title="bbox 532 572 2845 695">
    <p class='ocr_par' dir='ltr' id='par_1_3' title="bbox 532 572 2845 695">
     <span class='ocr_line' id='line_1_5' title="bbox 532 572 2845 695; baseline -0.004 -39"><span class='ocrx_word' id='word_1_32' title='bbox 532 586 678 695; x_wconf 47' lang='grc' dir='ltr'>ἐξ·</span> <span class='ocrx_word' id='word_1_33' title='bbox 714 587 885 663; x_wconf 82' lang='lat' dir='ltr'>facti,</span> <span class='ocrx_word' id='word_1_34' title='bbox 916 584 1221 650; x_wconf 85' lang='lat' dir='ltr'>coitiones</span> <span class='ocrx_word' id='word_1_35' title='bbox 1264 572 1680 663; x_wconf 81' lang='lat' dir='ltr'>tribunorum,</span> <span class='ocrx_word' id='word_1_36' title='bbox 1716 585 2012 651; x_wconf 85' lang='lat' dir='ltr'>adversus</span> <span class='ocrx_word' id='word_1_37' title='bbox 2051 585 2360 651; x_wconf 86' lang='lat' dir='ltr'>nobilium</span> <span class='ocrx_word' id='word_1_38' title='bbox 2404 586 2845 649; x_wconf 85' lang='lat' dir='ltr'>iuventutem</span> 
     </span>
    </p>
   </div>
   <div class='ocr_carea' id='block_1_4' title="bbox 482 330 526 443">
    <p class='ocr_par' dir='ltr' id='par_1_4' title="bbox 482 330 526 443">
     <span class='ocr_line' id='line_1_6' title="bbox 482 330 526 443; textangle 90"><span class='ocrx_word' id='word_1_39' title='bbox 482 330 526 443; x_wconf 78' lang='lat'>00</span> 
     </span>
    </p>
   </div>
   <div class='ocr_carea' id='block_1_5' title="bbox 388 328 629 457">
    <p class='ocr_par' dir='ltr' id='par_1_5' title="bbox 388 328 629 457">
     <span class='ocr_line' id='line_1_7' title="bbox 388 328 451 445; textangle 90"><span class='ocrx_word' id='word_1_40' title='bbox 388 328 451 445; x_wconf 59' lang='grc' dir='ltr'>ΡΕ</span> 
     </span>
     <span class='ocr_line' id='line_1_8' title="bbox 565 344 629 457; textangle 90"><span class='ocrx_word' id='word_1_41' title='bbox 565 344 629 457; x_wconf 65' lang='lat' dir='ltr'>ss‘b’</span> 
     </span>
    </p>
   </div>
   <div class='ocr_carea' id='block_1_6' title="bbox 389 504 537 682">
    <p class='ocr_par' dir='ltr' id='par_1_6' title="bbox 389 504 537 682">
     <span class='ocr_line' id='line_1_9' title="bbox 389 504 451 682; textangle 90"><span class='ocrx_word' id='word_1_42' title='bbox 389 504 451 682; x_wconf 61' lang='lat' dir='ltr'>3?C2</span> 
     </span>
     <span class='ocr_line' id='line_1_10' title="bbox 484 504 537 681; textangle 90"><span class='ocrx_word' id='word_1_43' title='bbox 484 504 537 681; x_wconf 62' lang='lat'>000</span> 
     </span>
    </p>
   </div>
   <div class='ocr_carea' id='block_1_7' title="bbox 498 698 540 747">
    <p class='ocr_par' dir='ltr' id='par_1_7' title="bbox 498 698 540 747">
     <span class='ocr_line' id='line_1_11' title="bbox 498 698 540 747; textangle 90"><span class='ocrx_word' id='word_1_44' title='bbox 498 698 540 747; x_wconf 82' lang='lat'>0</span> 
     </span>
    </p>
   </div>
   <div class='ocr_carea' id='block_1_8' title="bbox 438 733 489 810">
    <p class='ocr_par' dir='ltr' id='par_1_8' title="bbox 438 733 489 810">
     <span class='ocr_line' id='line_1_12' title="bbox 474 733 489 757; baseline 0 0"><span class='ocrx_word' id='word_1_45' title='bbox 474 733 489 757; x_wconf 67' lang='grc' dir='ltr'><strong>ν</strong></span> 
     </span>
     <span class='ocr_line' id='line_1_13' title="bbox 438 778 467 810; baseline 0 0"><span class='ocrx_word' id='word_1_46' title='bbox 438 778 467 810; x_wconf 92' lang='grc'><strong>0</strong></span> 
     </span>
    </p>
   </div>
   <div class='ocr_carea' id='block_1_9' title="bbox 390 712 471 745">
    <p class='ocr_par' dir='ltr' id='par_1_9' title="bbox 390 712 471 745">
     <span class='ocr_line' id='line_1_14' title="bbox 390 712 471 745; textangle 90"><span class='ocrx_word' id='word_1_47' title='bbox 390 712 471 745; x_wconf 76' lang='grc' dir='ltr'>Ξ</span> 
     </span>
    </p>
   </div>
   <div class='ocr_carea' id='block_1_10' title="bbox 392 762 435 811">
    <p class='ocr_par' dir='ltr' id='par_1_10' title="bbox 392 762 435 811">
     <span class='ocr_line' id='line_1_15' title="bbox 392 762 435 811; textangle 90"><span class='ocrx_word' id='word_1_48' title='bbox 392 762 435 811; x_wconf 80' lang='lat'>0</span> 
     </span>
    </p>
   </div>
   <div class='ocr_carea' id='block_1_11' title="bbox 387 757 2945 3895">
    <p class='ocr_par' dir='ltr' id='par_1_11' title="bbox 519 757 2945 1195">
     <span class='ocr_line' id='line_1_16' title="bbox 715 757 2945 846; baseline -0.001 -22"><span class='ocrx_word' id='word_1_49' title='bbox 715 760 1001 837; x_wconf 87' lang='lat' dir='ltr'>Patrum,</span> <span class='ocrx_word' id='word_1_50' title='bbox 1042 758 1377 823; x_wconf 76' lang='lat' dir='ltr'><strong>sedavere:</strong></span> <span class='ocrx_word' id='word_1_51' title='bbox 1426 758 1533 846; x_wconf 88' lang='lat' dir='ltr'>ple</span> <span class='ocrx_word' id='word_1_52' title='bbox 1577 782 1700 837; x_wconf 89' lang='lat' dir='ltr'>em,</span> <span class='ocrx_word' id='word_1_53' title='bbox 1737 759 1996 825; x_wconf 90' lang='lat' dir='ltr'>decreto</span> <span class='ocrx_word' id='word_1_54' title='bbox 2035 760 2116 825; x_wconf 86' lang='lat' dir='ltr'>ad</span> <span class='ocrx_word' id='word_1_55' title='bbox 2155 757 2396 825; x_wconf 89' lang='lat' dir='ltr'>bellum</span> <span class='ocrx_word' id='word_1_56' title='bbox 2424 757 2846 824; x_wconf 86' lang='lat' dir='ltr'>Volscorum</span> <span class='ocrx_word' id='word_1_57' title='bbox 2944 776 2945 835; x_wconf 77' lang='lat' dir='ltr'>j</span> 
     </span>
     <span class='ocr_line' id='line_1_17' title="bbox 554 844 2892 934; baseline -0.001 -23"><span class='ocrx_word' id='word_1_58' title='bbox 554 922 563 931; x_wconf 38' lang='grc'><strong>,</strong></span> <span class='ocrx_word' id='word_1_59' title='bbox 714 860 785 911; x_wconf 91' lang='lat' dir='ltr'>et</span> <span class='ocrx_word' id='word_1_60' title='bbox 842 850 1219 934; x_wconf 86' lang='lat' dir='ltr'>Aequorum</span> <span class='ocrx_word' id='word_1_61' title='bbox 1278 844 1550 924; x_wconf 88' lang='lat' dir='ltr'>delectu,</span> <span class='ocrx_word' id='word_1_62' title='bbox 1604 845 1974 912; x_wconf 87' lang='lat' dir='ltr'>sustinendo</span> <span class='ocrx_word' id='word_1_63' title='bbox 2037 870 2196 924; x_wconf 86' lang='lat' dir='ltr'>rem,</span> <span class='ocrx_word' id='word_1_64' title='bbox 2247 848 2328 912; x_wconf 86' lang='lat' dir='ltr'>ab</span> <span class='ocrx_word' id='word_1_65' title='bbox 2385 844 2846 911; x_wconf 74' lang='lat' dir='ltr'>seditionibus</span> <span class='ocrx_word' id='word_1_66' title='bbox 2863 875 2892 907; x_wconf 79' lang='lat'><em>2</em></span> 
     </span>
     <span class='ocr_line' id='line_1_18' title="bbox 519 931 2850 1021; baseline -0.001 -23"><span class='ocrx_word' id='word_1_67' title='bbox 519 946 535 959; x_wconf 83' lang='lat'>“</span> <span class='ocrx_word' id='word_1_68' title='bbox 572 978 649 1021; x_wconf 37' lang='lat' dir='ltr'>ff„</span> <span class='ocrx_word' id='word_1_69' title='bbox 708 933 1127 999; x_wconf 82' lang='lat' dir='ltr'>continuere:</span> <span class='ocrx_word' id='word_1_70' title='bbox 1192 932 1432 997; x_wconf 89' lang='lat' dir='ltr'>urbano</span> <span class='ocrx_word' id='word_1_71' title='bbox 1485 956 1741 1021; x_wconf 90' lang='lat' dir='ltr'>quoque</span> <span class='ocrx_word' id='word_1_72' title='bbox 1801 935 1930 999; x_wconf 90' lang='lat' dir='ltr'>otio</span> <span class='ocrx_word' id='word_1_73' title='bbox 1981 934 2131 999; x_wconf 87' lang='lat' dir='ltr'>foris</span> <span class='ocrx_word' id='word_1_74' title='bbox 2189 932 2406 998; x_wconf 87' lang='lat' dir='ltr'>omnia</span> <span class='ocrx_word' id='word_1_75' title='bbox 2463 931 2850 1019; x_wconf 82' lang='lat' dir='ltr'>tranquilla</span> 
     </span>
     <span class='ocr_line' id='line_1_19' title="bbox 522 1018 2843 1105; baseline -0.001 -20"><span class='ocrx_word' id='word_1_76' title='bbox 522 1022 529 1031; x_wconf 89' lang='lat'>&#39;</span> <span class='ocrx_word' id='word_1_77' title='bbox 712 1042 852 1085; x_wconf 90' lang='lat' dir='ltr'>esse</span> <span class='ocrx_word' id='word_1_78' title='bbox 910 1020 1307 1096; x_wconf 87' lang='lat' dir='ltr'>affirmantes,</span> <span class='ocrx_word' id='word_1_79' title='bbox 1366 1040 1483 1105; x_wconf 89' lang='lat' dir='ltr'>per</span> <span class='ocrx_word' id='word_1_80' title='bbox 1539 1019 1883 1085; x_wconf 78' lang='lat' dir='ltr'>discordias</span> <span class='ocrx_word' id='word_1_81' title='bbox 1947 1020 2162 1085; x_wconf 86' lang='lat' dir='ltr'>civiles</span> <span class='ocrx_word' id='word_1_82' title='bbox 2228 1034 2524 1085; x_wconf 79' lang='lat' dir='ltr'>externos</span> <span class='ocrx_word' id='word_1_83' title='bbox 2581 1018 2843 1083; x_wconf 87' lang='lat' dir='ltr'>tollere</span> 
     </span>
     <span class='ocr_line' id='line_1_20' title="bbox 586 1104 2846 1195; baseline -0.001 -24"><span class='ocrx_word' id='word_1_84' title='bbox 586 1115 612 1133; x_wconf 82' lang='grc'>·’</span> <span class='ocrx_word' id='word_1_85' title='bbox 712 1107 976 1171; x_wconf 87' lang='lat' dir='ltr'>animos.</span> <span class='ocrx_word' id='word_1_86' title='bbox 1071 1104 1247 1171; x_wconf 90' lang='lat' dir='ltr'>Cura</span> <span class='ocrx_word' id='word_1_87' title='bbox 1288 1105 1463 1193; x_wconf 85' lang='lat' dir='ltr'>pacis</span> <span class='ocrx_word' id='word_1_88' title='bbox 1509 1106 1882 1173; x_wconf 81' lang='lat' dir='ltr'>concordiae</span> <span class='ocrx_word' id='word_1_89' title='bbox 1927 1130 2184 1195; x_wconf 88' lang='lat' dir='ltr'>quoque</span> <span class='ocrx_word' id='word_1_90' title='bbox 2231 1106 2570 1171; x_wconf 81' lang='lat' dir='ltr'>intestinae</span> <span class='ocrx_word' id='word_1_91' title='bbox 2621 1127 2846 1171; x_wconf 83' lang='lat' dir='ltr'>causa</span> 
     </span>
    </p>

    <p class='ocr_par' dir='ltr' id='par_1_12' title="bbox 712 1192 2836 1281">
     <span class='ocr_line' id='line_1_21' title="bbox 712 1192 2836 1281; baseline -0 -22"><span class='ocrx_word' id='word_1_92' title='bbox 712 1193 853 1259; x_wconf 83' lang='lat' dir='ltr'>fuit.</span> <span class='ocrx_word' id='word_1_93' title='bbox 948 1192 1077 1259; x_wconf 89' lang='lat' dir='ltr'>Sed</span> <span class='ocrx_word' id='word_1_94' title='bbox 1106 1192 1265 1258; x_wconf 85' lang='lat' dir='ltr'>alter</span> <span class='ocrx_word' id='word_1_95' title='bbox 1290 1215 1542 1281; x_wconf 83' lang='lat' dir='ltr'>semper</span> <span class='ocrx_word' id='word_1_96' title='bbox 1569 1192 1724 1259; x_wconf 91' lang='lat' dir='ltr'>ordo</span> <span class='ocrx_word' id='word_1_97' title='bbox 1752 1193 1958 1281; x_wconf 78' lang='lat' dir='ltr'>gravis</span> <span class='ocrx_word' id='word_1_98' title='bbox 1987 1194 2242 1259; x_wconf 86' lang='lat' dir='ltr'>alterius</span> <span class='ocrx_word' id='word_1_99' title='bbox 2271 1192 2624 1257; x_wconf 77' lang='lat' dir='ltr'>modestiae</span> <span class='ocrx_word' id='word_1_100' title='bbox 2661 1206 2836 1258; x_wconf 84' lang='lat' dir='ltr'>erat.</span> 
     </span>
    </p>

    <p class='ocr_par' dir='ltr' id='par_1_13' title="bbox 392 1278 2882 1971">
     <span class='ocr_line' id='line_1_22' title="bbox 395 1278 2836 1382; baseline -0 -37"><span class='ocrx_word' id='word_1_101' title='bbox 395 1282 649 1361; x_wconf 62' lang='lat' dir='ltr'>Iuniorpm</span> <span class='ocrx_word' id='word_1_102' title='bbox 720 1280 1097 1356; x_wconf 84' lang='lat' dir='ltr'>Quiescenti</span> <span class='ocrx_word' id='word_1_103' title='bbox 1117 1280 1290 1382; x_wconf 85' lang='lat' dir='ltr'>plebi</span> <span class='ocrx_word' id='word_1_104' title='bbox 1312 1280 1391 1345; x_wconf 90' lang='lat' dir='ltr'>ab</span> <span class='ocrx_word' id='word_1_105' title='bbox 1412 1280 1764 1345; x_wconf 88' lang='lat' dir='ltr'>iunioribus</span> <span class='ocrx_word' id='word_1_106' title='bbox 1782 1281 2046 1345; x_wconf 86' lang='lat' dir='ltr'>Patrum</span> <span class='ocrx_word' id='word_1_107' title='bbox 2065 1279 2335 1345; x_wconf 86' lang='lat' dir='ltr'>iniuriae</span> <span class='ocrx_word' id='word_1_108' title='bbox 2357 1278 2495 1345; x_wconf 89' lang='lat' dir='ltr'>fieri</span> <span class='ocrx_word' id='word_1_109' title='bbox 2519 1292 2836 1366; x_wconf 79' lang='lat' dir='ltr'>coeptae.</span> 
     </span>
     <span class='ocr_line' id='line_1_23' title="bbox 392 1349 2838 1463; baseline -0 -31"><span class='ocrx_word' id='word_1_110' title='bbox 392 1364 423 1422; x_wconf 70' lang='grc'><strong>9</strong></span> <span class='ocrx_word' id='word_1_111' title='bbox 447 1349 675 1463; x_wconf 45' lang='grc' dir='ltr'>Ρῖιῗξω</span> <span class='ocrx_word' id='word_1_112' title='bbox 721 1367 854 1433; x_wconf 87' lang='lat' dir='ltr'>Ubi</span> <span class='ocrx_word' id='word_1_113' title='bbox 896 1368 1137 1433; x_wconf 85' lang='lat' dir='ltr'>tribum</span> <span class='ocrx_word' id='word_1_114' title='bbox 1180 1365 1417 1431; x_wconf 86' lang='lat' dir='ltr'>auxilio</span> <span class='ocrx_word' id='word_1_115' title='bbox 1460 1366 1900 1432; x_wconf 85' lang='lat' dir='ltr'>humilioribus</span> <span class='ocrx_word' id='word_1_116' title='bbox 1943 1380 2171 1446; x_wconf 85' lang='lat' dir='ltr'>essent,</span> <span class='ocrx_word' id='word_1_117' title='bbox 2207 1367 2278 1430; x_wconf 87' lang='lat' dir='ltr'>in</span> <span class='ocrx_word' id='word_1_118' title='bbox 2316 1366 2537 1454; x_wconf 86' lang='lat' dir='ltr'>primis</span> <span class='ocrx_word' id='word_1_119' title='bbox 2581 1388 2838 1453; x_wconf 80' lang='lat' dir='ltr'>parum</span> 
     </span>
     <span class='ocr_line' id='line_1_24' title="bbox 392 1426 2836 1553; baseline -0.001 -34"><span class='ocrx_word' id='word_1_120' title='bbox 392 1426 664 1528; x_wconf 33' lang='lat' dir='ltr'>iiiia?</span> <span class='ocrx_word' id='word_1_121' title='bbox 714 1454 1053 1542; x_wconf 81' lang='lat' dir='ltr'>proderat:</span> <span class='ocrx_word' id='word_1_122' title='bbox 1098 1453 1333 1518; x_wconf 88' lang='lat' dir='ltr'>deinde</span> <span class='ocrx_word' id='word_1_123' title='bbox 1381 1476 1464 1518; x_wconf 89' lang='lat' dir='ltr'>ne</span> <span class='ocrx_word' id='word_1_124' title='bbox 1512 1454 1634 1541; x_wconf 87' lang='lat' dir='ltr'>ipsi</span> <span class='ocrx_word' id='word_1_125' title='bbox 1675 1453 1938 1540; x_wconf 91' lang='lat' dir='ltr'>quidem</span> <span class='ocrx_word' id='word_1_126' title='bbox 1981 1453 2266 1519; x_wconf 88' lang='lat' dir='ltr'>inviolati</span> <span class='ocrx_word' id='word_1_127' title='bbox 2309 1467 2532 1529; x_wconf 81' lang='lat' dir='ltr'>erant3</span> <span class='ocrx_word' id='word_1_128' title='bbox 2579 1453 2836 1553; x_wconf 70' lang='lat' dir='ltr'>utique</span> 
     </span>
     <span class='ocr_line' id='line_1_25' title="bbox 717 1539 2838 1641; baseline 0 -36"><span class='ocrx_word' id='word_1_129' title='bbox 717 1542 1047 1641; x_wconf 85' lang='lat' dir='ltr'>postremis</span> <span class='ocrx_word' id='word_1_130' title='bbox 1098 1539 1436 1617; x_wconf 79' lang='lat' dir='ltr'>mensibuS‚</span> <span class='ocrx_word' id='word_1_131' title='bbox 1485 1562 1688 1626; x_wconf 91' lang='lat' dir='ltr'>quum</span> <span class='ocrx_word' id='word_1_132' title='bbox 1738 1554 1806 1605; x_wconf 90' lang='lat' dir='ltr'>et</span> <span class='ocrx_word' id='word_1_133' title='bbox 1853 1562 1970 1628; x_wconf 90' lang='lat' dir='ltr'>per</span> <span class='ocrx_word' id='word_1_134' title='bbox 2018 1540 2324 1606; x_wconf 86' lang='lat' dir='ltr'>coitiones</span> <span class='ocrx_word' id='word_1_135' title='bbox 2369 1552 2838 1627; x_wconf 75' lang='lat' dir='ltr'>potentiorum</span> 
     </span>
     <span class='ocr_line' id='line_1_26' title="bbox 712 1625 2834 1715; baseline 0 -25"><span class='ocrx_word' id='word_1_136' title='bbox 712 1625 949 1691; x_wconf 72' lang='lat' dir='ltr'>iniuria</span> <span class='ocrx_word' id='word_1_137' title='bbox 990 1626 1187 1703; x_wconf 83' lang='lat' dir='ltr'>fieret,</span> <span class='ocrx_word' id='word_1_138' title='bbox 1234 1639 1300 1690; x_wconf 92' lang='lat' dir='ltr'>et</span> <span class='ocrx_word' id='word_1_139' title='bbox 1342 1626 1433 1690; x_wconf 85' lang='lat' dir='ltr'>vis</span> <span class='ocrx_word' id='word_1_140' title='bbox 1474 1626 1804 1713; x_wconf 88' lang='lat' dir='ltr'>potestatis</span> <span class='ocrx_word' id='word_1_141' title='bbox 1845 1628 2050 1693; x_wconf 88' lang='lat' dir='ltr'>omnis</span> <span class='ocrx_word' id='word_1_142' title='bbox 2093 1627 2416 1715; x_wconf 87' lang='lat' dir='ltr'>aliquanto</span> <span class='ocrx_word' id='word_1_143' title='bbox 2651 1628 2834 1692; x_wconf 88' lang='lat' dir='ltr'>riore</span> 
     </span>
     <span class='ocr_line' id='line_1_27' title="bbox 718 1710 2838 1801; baseline 0 -24"><span class='ocrx_word' id='word_1_144' title='bbox 718 1713 869 1777; x_wconf 88' lang='lat' dir='ltr'>anni</span> <span class='ocrx_word' id='word_1_145' title='bbox 920 1726 1095 1799; x_wconf 86' lang='lat' dir='ltr'>parte</span> <span class='ocrx_word' id='word_1_146' title='bbox 1132 1710 1508 1799; x_wconf 68' lang='lat' dir='ltr'>languidior</span> <span class='ocrx_word' id='word_1_147' title='bbox 1553 1713 1750 1779; x_wconf 87' lang='lat' dir='ltr'>ferme</span> <span class='ocrx_word' id='word_1_148' title='bbox 1803 1727 2005 1779; x_wconf 89' lang='lat' dir='ltr'>esset:</span> <span class='ocrx_word' id='word_1_149' title='bbox 2061 1714 2318 1801; x_wconf 88' lang='lat' dir='ltr'>iamque</span> <span class='ocrx_word' id='word_1_150' title='bbox 2411 1712 2472 1778; x_wconf 86' lang='lat' dir='ltr'>le</span> <span class='ocrx_word' id='word_1_151' title='bbox 2605 1714 2710 1779; x_wconf 86' lang='lat' dir='ltr'>ita</span> <span class='ocrx_word' id='word_1_152' title='bbox 2759 1714 2838 1777; x_wconf 89' lang='lat' dir='ltr'>in</span> 
     </span>
     <span class='ocr_line' id='line_1_28' title="bbox 718 1736 2833 1887; baseline 0.002 -24"><span class='ocrx_word' id='word_1_153' title='bbox 718 1799 1047 1863; x_wconf 86' lang='lat' dir='ltr'>tribunatu</span> <span class='ocrx_word' id='word_1_154' title='bbox 1094 1820 1331 1885; x_wconf 89' lang='lat' dir='ltr'>ponere</span> <span class='ocrx_word' id='word_1_155' title='bbox 1383 1798 1626 1886; x_wconf 89' lang='lat' dir='ltr'>aliquid</span> <span class='ocrx_word' id='word_1_156' title='bbox 1675 1801 1831 1887; x_wconf 86' lang='lat' dir='ltr'>spei,</span> <span class='ocrx_word' id='word_1_157' title='bbox 1885 1801 1940 1865; x_wconf 88' lang='lat' dir='ltr'>si</span> <span class='ocrx_word' id='word_1_158' title='bbox 1987 1800 2224 1865; x_wconf 87' lang='lat' dir='ltr'>similes</span> <span class='ocrx_word' id='word_1_159' title='bbox 2275 1736 2458 1865; x_wconf 85' lang='lat' dir='ltr'>Iciiio</span> <span class='ocrx_word' id='word_1_160' title='bbox 2518 1800 2833 1867; x_wconf 79' lang='lat' dir='ltr'>tribunos</span> 
     </span>
     <span class='ocr_line' id='line_1_29' title="bbox 717 1884 2882 1971; baseline 0.002 -22"><span class='ocrx_word' id='word_1_161' title='bbox 717 1884 1015 1950; x_wconf 83' lang='lat' dir='ltr'>haberet:</span> <span class='ocrx_word' id='word_1_162' title='bbox 1071 1884 1332 1949; x_wconf 88' lang='lat' dir='ltr'>nomina</span> <span class='ocrx_word' id='word_1_163' title='bbox 1382 1898 1634 1949; x_wconf 90' lang='lat' dir='ltr'>tantum</span> <span class='ocrx_word' id='word_1_164' title='bbox 1683 1908 1749 1951; x_wconf 88' lang='lat' dir='ltr'>se</span> <span class='ocrx_word' id='word_1_165' title='bbox 1797 1887 2059 1971; x_wconf 71' lang='lat' dir='ltr'>biennio</span> <span class='ocrx_word' id='word_1_166' title='bbox 2103 1887 2412 1953; x_wconf 87' lang='lat' dir='ltr'>habuisse.</span> <span class='ocrx_word' id='word_1_167' title='bbox 2507 1884 2834 1961; x_wconf 79' lang='lat' dir='ltr'>Seniores</span> <span class='ocrx_word' id='word_1_168' title='bbox 2851 1910 2882 1957; x_wconf 78' lang='lat'>3</span> 
     </span>
    </p>

    <p class='ocr_par' dir='ltr' id='par_1_14' title="bbox 715 1972 2828 2051">
     <span class='ocr_line' id='line_1_30' title="bbox 715 1972 2828 2051; baseline 0.002 -16"><span class='ocrx_word' id='word_1_169' title='bbox 715 1984 939 2036; x_wconf 84' lang='lat' dir='ltr'>contra</span> <span class='ocrx_word' id='word_1_170' title='bbox 966 1972 1249 2049; x_wconf 89' lang='lat' dir='ltr'>Patrum,</span> <span class='ocrx_word' id='word_1_171' title='bbox 1281 1984 1353 2035; x_wconf 93' lang='lat' dir='ltr'>ut</span> <span class='ocrx_word' id='word_1_172' title='bbox 1380 1972 1571 2036; x_wconf 86' lang='lat' dir='ltr'>nimis</span> <span class='ocrx_word' id='word_1_173' title='bbox 1597 1972 1838 2038; x_wconf 83' lang='lat' dir='ltr'>feroces</span> <span class='ocrx_word' id='word_1_174' title='bbox 1873 1996 2018 2039; x_wconf 85' lang='lat' dir='ltr'>suos</span> <span class='ocrx_word' id='word_1_175' title='bbox 2045 1972 2304 2039; x_wconf 87' lang='lat' dir='ltr'>credere</span> <span class='ocrx_word' id='word_1_176' title='bbox 2331 1974 2602 2039; x_wconf 87' lang='lat' dir='ltr'>iuvenes</span> <span class='ocrx_word' id='word_1_177' title='bbox 2635 1996 2828 2051; x_wconf 84' lang='lat' dir='ltr'>esse3</span> 
     </span>
    </p>

    <p class='ocr_par' dir='ltr' id='par_1_15' title="bbox 714 2058 2829 2233">
     <span class='ocr_line' id='line_1_31' title="bbox 716 2058 2829 2148; baseline 0.001 -25"><span class='ocrx_word' id='word_1_178' title='bbox 716 2058 809 2123; x_wconf 85' lang='lat' dir='ltr'>ita</span> <span class='ocrx_word' id='word_1_179' title='bbox 834 2058 1041 2136; x_wconf 82' lang='lat' dir='ltr'>malle,</span> <span class='ocrx_word' id='word_1_180' title='bbox 1066 2058 1119 2122; x_wconf 91' lang='lat' dir='ltr'>si</span> <span class='ocrx_word' id='word_1_181' title='bbox 1147 2058 1374 2123; x_wconf 89' lang='lat' dir='ltr'>modus</span> <span class='ocrx_word' id='word_1_182' title='bbox 1394 2058 1802 2125; x_wconf 85' lang='lat' dir='ltr'>excedendus</span> <span class='ocrx_word' id='word_1_183' title='bbox 1823 2075 2004 2139; x_wconf 85' lang='lat' dir='ltr'>esset,</span> <span class='ocrx_word' id='word_1_184' title='bbox 2027 2062 2176 2139; x_wconf 85' lang='lat' dir='ltr'>suis,</span> <span class='ocrx_word' id='word_1_185' title='bbox 2199 2083 2392 2148; x_wconf 88' lang='lat' dir='ltr'>quam</span> <span class='ocrx_word' id='word_1_186' title='bbox 2413 2058 2829 2139; x_wconf 79' lang='lat' dir='ltr'>adversariis,</span> 
     </span>
     <span class='ocr_line' id='line_1_32' title="bbox 714 2144 2828 2233; baseline 0.002 -24"><span class='ocrx_word' id='word_1_187' title='bbox 714 2167 1037 2233; x_wconf 83' lang='lat' dir='ltr'>superesse</span> <span class='ocrx_word' id='word_1_188' title='bbox 1068 2144 1327 2210; x_wconf 73' lang='lat' dir='ltr'>animos,</span> <span class='ocrx_word' id='word_1_189' title='bbox 1398 2145 1586 2211; x_wconf 87' lang='lat' dir='ltr'>Adeo</span> <span class='ocrx_word' id='word_1_190' title='bbox 1617 2146 1964 2213; x_wconf 87' lang='lat' dir='ltr'>moderatio</span> <span class='ocrx_word' id='word_1_191' title='bbox 1994 2146 2266 2213; x_wconf 85' lang='lat' dir='ltr'>tuendae</span> <span class='ocrx_word' id='word_1_192' title='bbox 2295 2146 2631 2224; x_wconf 84' lang='lat' dir='ltr'>libertatis,</span> <span class='ocrx_word' id='word_1_193' title='bbox 2657 2147 2828 2213; x_wconf 87' lang='lat' dir='ltr'>dum</span> 
     </span>
    </p>

    <p class='ocr_par' dir='ltr' id='par_1_16' title="bbox 714 2231 2828 2321">
     <span class='ocr_line' id='line_1_33' title="bbox 714 2231 2828 2321; baseline 0.001 -24"><span class='ocrx_word' id='word_1_194' title='bbox 714 2233 974 2320; x_wconf 87' lang='lat' dir='ltr'>aequari</span> <span class='ocrx_word' id='word_1_195' title='bbox 1012 2231 1173 2297; x_wconf 88' lang='lat' dir='ltr'>velle</span> <span class='ocrx_word' id='word_1_196' title='bbox 1216 2231 1572 2297; x_wconf 87' lang='lat' dir='ltr'>simulando</span> <span class='ocrx_word' id='word_1_197' title='bbox 1615 2233 1705 2298; x_wconf 85' lang='lat' dir='ltr'>ita</span> <span class='ocrx_word' id='word_1_198' title='bbox 1747 2257 1813 2298; x_wconf 89' lang='lat' dir='ltr'>se</span> <span class='ocrx_word' id='word_1_199' title='bbox 1858 2234 2126 2321; x_wconf 87' lang='lat' dir='ltr'>quisque</span> <span class='ocrx_word' id='word_1_200' title='bbox 2173 2232 2437 2312; x_wconf 85' lang='lat' dir='ltr'>extollit,</span> <span class='ocrx_word' id='word_1_201' title='bbox 2479 2246 2556 2298; x_wconf 90' lang='lat' dir='ltr'>ut</span> <span class='ocrx_word' id='word_1_202' title='bbox 2595 2233 2684 2299; x_wconf 91' lang='lat' dir='ltr'>de</span> <span class='ocrx_word' id='word_1_203' title='bbox 2735 2235 2828 2299; x_wconf 86' lang='lat' dir='ltr'>ri-</span> 
     </span>
    </p>

    <p class='ocr_par' dir='ltr' id='par_1_17' title="bbox 716 2317 2828 2409">
     <span class='ocr_line' id='line_1_34' title="bbox 716 2317 2828 2409; baseline 0.001 -26"><span class='ocrx_word' id='word_1_204' title='bbox 716 2333 851 2383; x_wconf 87' lang='lat' dir='ltr'>mat</span> <span class='ocrx_word' id='word_1_205' title='bbox 900 2319 1113 2397; x_wconf 88' lang='lat' dir='ltr'>alium,</span> <span class='ocrx_word' id='word_1_206' title='bbox 1161 2319 1231 2385; x_wconf 89' lang='lat' dir='ltr'>in</span> <span class='ocrx_word' id='word_1_207' title='bbox 1282 2317 1521 2383; x_wconf 87' lang='lat' dir='ltr'>difficili</span> <span class='ocrx_word' id='word_1_208' title='bbox 1573 2333 1708 2385; x_wconf 88' lang='lat' dir='ltr'>est:</span> <span class='ocrx_word' id='word_1_209' title='bbox 1764 2321 2172 2409; x_wconf 88' lang='lat' dir='ltr'>cavendoque</span> <span class='ocrx_word' id='word_1_210' title='bbox 2219 2343 2302 2385; x_wconf 90' lang='lat' dir='ltr'>ne</span> <span class='ocrx_word' id='word_1_211' title='bbox 2349 2333 2644 2385; x_wconf 89' lang='lat' dir='ltr'>metuant</span> <span class='ocrx_word' id='word_1_212' title='bbox 2748 2344 2828 2386; x_wconf 87' lang='lat' dir='ltr'>o-</span> 
     </span>
    </p>

    <p class='ocr_par' dir='ltr' id='par_1_18' title="bbox 712 2404 2824 2581">
     <span class='ocr_line' id='line_1_35' title="bbox 713 2404 2823 2484; baseline 0 -14"><span class='ocrx_word' id='word_1_213' title='bbox 713 2406 936 2484; x_wconf 76' lang='lat' dir='ltr'>mineS,</span> <span class='ocrx_word' id='word_1_214' title='bbox 980 2404 1355 2471; x_wconf 87' lang='lat' dir='ltr'>metuendos</span> <span class='ocrx_word' id='word_1_215' title='bbox 1398 2404 1568 2470; x_wconf 87' lang='lat' dir='ltr'>ultro</span> <span class='ocrx_word' id='word_1_216' title='bbox 1607 2429 1675 2471; x_wconf 87' lang='lat' dir='ltr'>se</span> <span class='ocrx_word' id='word_1_217' title='bbox 1720 2407 2042 2473; x_wconf 90' lang='lat' dir='ltr'>efficiunt:</span> <span class='ocrx_word' id='word_1_218' title='bbox 2089 2420 2156 2473; x_wconf 91' lang='lat' dir='ltr'>et</span> <span class='ocrx_word' id='word_1_219' title='bbox 2196 2407 2492 2471; x_wconf 87' lang='lat' dir='ltr'>iniuriam</span> <span class='ocrx_word' id='word_1_220' title='bbox 2537 2428 2580 2471; x_wconf 88' lang='lat' dir='ltr'>a</span> <span class='ocrx_word' id='word_1_221' title='bbox 2619 2408 2823 2473; x_wconf 88' lang='lat' dir='ltr'>nobis</span> 
     </span>
     <span class='ocr_line' id='line_1_36' title="bbox 712 2491 2824 2581; baseline 0.001 -24"><span class='ocrx_word' id='word_1_222' title='bbox 712 2491 1048 2581; x_wconf 86' lang='lat' dir='ltr'>repulsam,</span> <span class='ocrx_word' id='word_1_223' title='bbox 1080 2506 1383 2581; x_wconf 83' lang='lat' dir='ltr'>tanquam</span> <span class='ocrx_word' id='word_1_224' title='bbox 1426 2506 1537 2558; x_wconf 88' lang='lat' dir='ltr'>aut</span> <span class='ocrx_word' id='word_1_225' title='bbox 1577 2493 1782 2559; x_wconf 87' lang='lat' dir='ltr'>facere</span> <span class='ocrx_word' id='word_1_226' title='bbox 1828 2507 1942 2559; x_wconf 89' lang='lat' dir='ltr'>aut</span> <span class='ocrx_word' id='word_1_227' title='bbox 1981 2494 2112 2581; x_wconf 83' lang='lat' dir='ltr'>pati</span> <span class='ocrx_word' id='word_1_228' title='bbox 2153 2516 2410 2559; x_wconf 83' lang='lat' dir='ltr'>necesse</span> <span class='ocrx_word' id='word_1_229' title='bbox 2453 2493 2556 2570; x_wconf 88' lang='lat' dir='ltr'>sit,</span> <span class='ocrx_word' id='word_1_230' title='bbox 2590 2494 2824 2559; x_wconf 85' lang='lat' dir='ltr'>iniun-</span> 
     </span>
    </p>

    <p class='ocr_par' dir='ltr' id='par_1_19' title="bbox 761 2580 1102 2645">
     <span class='ocr_line' id='line_1_37' title="bbox 761 2580 1102 2645; baseline 0.009 -2"><span class='ocrx_word' id='word_1_231' title='bbox 761 2580 921 2644; x_wconf 84' lang='lat' dir='ltr'>&#39;mus</span> <span class='ocrx_word' id='word_1_232' title='bbox 950 2580 1102 2645; x_wconf 87' lang='lat' dir='ltr'>aliis.</span> 
     </span>
    </p>

    <p class='ocr_par' dir='ltr' id='par_1_20' title="bbox 387 2602 2858 3895">
     <span class='ocr_line' id='line_1_38' title="bbox 494 2602 2818 2757; baseline 0.002 -29"><span class='ocrx_word' id='word_1_233' title='bbox 494 2666 598 2729; x_wconf 88' lang='grc'>66.</span> <span class='ocrx_word' id='word_1_234' title='bbox 713 2602 779 2667; x_wconf 60' lang='lat' dir='ltr'>gl</span> <span class='ocrx_word' id='word_1_235' title='bbox 800 2666 881 2732; x_wconf 88' lang='lat' dir='ltr'>T.</span> <span class='ocrx_word' id='word_1_236' title='bbox 907 2667 1251 2742; x_wconf 82' lang='lat' dir='ltr'>Quinctius</span> <span class='ocrx_word' id='word_1_237' title='bbox 1298 2666 1704 2754; x_wconf 87' lang='lat' dir='ltr'>Capitolinus</span> <span class='ocrx_word' id='word_1_238' title='bbox 1749 2680 2046 2756; x_wconf 89' lang='lat' dir='ltr'>quartum</span> <span class='ocrx_word' id='word_1_239' title='bbox 2105 2681 2175 2733; x_wconf 91' lang='lat' dir='ltr'>et</span> <span class='ocrx_word' id='word_1_240' title='bbox 2217 2668 2507 2757; x_wconf 84' lang='lat' dir='ltr'>Agrippa</span> <span class='ocrx_word' id='word_1_241' title='bbox 2549 2666 2818 2746; x_wconf 76' lang='lat' dir='ltr'>Ful-ina,</span> 
     </span>
     <span class='ocr_line' id='line_1_39' title="bbox 392 2752 2814 2833; baseline 0.002 -18"><span class='ocrx_word' id='word_1_242' title='bbox 392 2752 461 2802; x_wconf 87' lang='lat' dir='ltr'>U.</span> <span class='ocrx_word' id='word_1_243' title='bbox 484 2752 543 2801; x_wconf 84' lang='lat' dir='ltr'>C·</span> <span class='ocrx_word' id='word_1_244' title='bbox 569 2766 676 2816; x_wconf 84' lang='lat'><strong>309·</strong></span> <span class='ocrx_word' id='word_1_245' title='bbox 715 2752 1003 2817; x_wconf 86' lang='lat' dir='ltr'>consules</span> <span class='ocrx_word' id='word_1_246' title='bbox 1032 2753 1183 2817; x_wconf 86' lang='lat' dir='ltr'>inde</span> <span class='ocrx_word' id='word_1_247' title='bbox 1212 2752 1382 2830; x_wconf 86' lang='lat' dir='ltr'>facti,</span> <span class='ocrx_word' id='word_1_248' title='bbox 1412 2776 1532 2819; x_wconf 90' lang='lat' dir='ltr'>nec</span> <span class='ocrx_word' id='word_1_249' title='bbox 1561 2754 1940 2820; x_wconf 87' lang='lat' dir='ltr'>seditionem</span> <span class='ocrx_word' id='word_1_250' title='bbox 1969 2754 2163 2833; x_wconf 90' lang='lat' dir='ltr'>domi,</span> <span class='ocrx_word' id='word_1_251' title='bbox 2194 2778 2316 2821; x_wconf 89' lang='lat' dir='ltr'>nec</span> <span class='ocrx_word' id='word_1_252' title='bbox 2349 2755 2499 2820; x_wconf 87' lang='lat' dir='ltr'>foris</span> <span class='ocrx_word' id='word_1_253' title='bbox 2536 2754 2814 2833; x_wconf 90' lang='lat' dir='ltr'>bellum,</span> 
     </span>
     <span class='ocr_line' id='line_1_40' title="bbox 388 2816 2818 2935; baseline 0.002 -34"><span class='ocrx_word' id='word_1_254' title='bbox 388 2816 699 2935; x_wconf 44' lang='grc' dir='ltr'>ξ’ἓώζζξᾈ</span> <span class='ocrx_word' id='word_1_255' title='bbox 716 2850 1133 2924; x_wconf 89' lang='lat' dir='ltr'>acceperunt:</span> <span class='ocrx_word' id='word_1_256' title='bbox 1202 2838 1317 2902; x_wconf 90' lang='lat' dir='ltr'>sed</span> <span class='ocrx_word' id='word_1_257' title='bbox 1366 2840 1741 2906; x_wconf 86' lang='lat' dir='ltr'>imminebat</span> <span class='ocrx_word' id='word_1_258' title='bbox 1791 2854 2150 2930; x_wconf 90' lang='lat' dir='ltr'>utrumque.</span> <span class='ocrx_word' id='word_1_259' title='bbox 2263 2840 2401 2907; x_wconf 91' lang='lat' dir='ltr'>Iam</span> <span class='ocrx_word' id='word_1_260' title='bbox 2451 2864 2587 2906; x_wconf 87' lang='lat' dir='ltr'>non</span> <span class='ocrx_word' id='word_1_261' title='bbox 2639 2840 2818 2906; x_wconf 84' lang='lat' dir='ltr'>ultra</span> 
     </span>
     <span class='ocr_line' id='line_1_41' title="bbox 390 2922 2818 3087; baseline 0.002 -14"><span class='ocrx_word' id='word_1_262' title='bbox 390 2942 696 3055; x_wconf 57' lang='lat' dir='ltr'>m:</span> <span class='ocrx_word' id='word_1_263' title='bbox 714 2922 1582 3087; x_wconf 48' lang='lat' dir='ltr'>&lt;mmm</span> <span class='ocrx_word' id='word_1_264' title='bbox 1604 2927 2818 3081; x_wconf 47' lang='lat' dir='ltr'>:emmae</span> 
     </span>
     <span class='ocr_line' id='line_1_42' title="bbox 388 3034 2812 3202; baseline 0.004 -44"><span class='ocrx_word' id='word_1_265' title='bbox 388 3116 556 3192; x_wconf 41' lang='lat' dir='ltr'>Aequi·</span> <span class='ocrx_word' id='word_1_266' title='bbox 572 3123 623 3166; x_wconf 80' lang='lat' dir='ltr'>et</span> <span class='ocrx_word' id='word_1_267' title='bbox 712 3094 1161 3196; x_wconf 72' lang='lat' dir='ltr'>certaminibus</span> <span class='ocrx_word' id='word_1_268' title='bbox 1218 3034 1556 3197; x_wconf 55' lang='lat' dir='ltr'>gonciones</span> <span class='ocrx_word' id='word_1_269' title='bbox 1611 3102 1911 3167; x_wconf 89' lang='lat' dir='ltr'>turbaret.</span> <span class='ocrx_word' id='word_1_270' title='bbox 2026 3101 2136 3166; x_wconf 91' lang='lat' dir='ltr'>Ad</span> <span class='ocrx_word' id='word_1_271' title='bbox 2194 3124 2464 3189; x_wconf 87' lang='lat' dir='ltr'>quarum</span> <span class='ocrx_word' id='word_1_272' title='bbox 2519 3038 2812 3202; x_wconf 59' lang='lat' dir='ltr'>primipiem</span> 
     </span>
     <span class='ocr_line' id='line_1_43' title="bbox 387 3180 2812 3295; baseline 0.003 -49"><span class='ocrx_word' id='word_1_273' title='bbox 387 3180 681 3295; x_wconf 48' lang='lat' dir='ltr'>IVolsefiobel-</span> <span class='ocrx_word' id='word_1_274' title='bbox 712 3195 1075 3283; x_wconf 47' lang='lat' dir='ltr'>strep1tum2</span> <span class='ocrx_word' id='word_1_275' title='bbox 1122 3182 1299 3249; x_wconf 83' lang='lat' dir='ltr'>velut</span> <span class='ocrx_word' id='word_1_276' title='bbox 1352 3206 1383 3248; x_wconf 90' lang='lat' dir='ltr'>s</span> <span class='ocrx_word' id='word_1_277' title='bbox 1492 3208 1534 3249; x_wconf 91' lang='grc' dir='ltr'><strong>ο</strong></span> <span class='ocrx_word' id='word_1_278' title='bbox 1593 3202 1877 3275; x_wconf 84' lang='lat' dir='ltr'>accepto,</span> <span class='ocrx_word' id='word_1_279' title='bbox 1935 3211 2108 3289; x_wconf 46' lang='lat' dir='ltr'>anna</span> <span class='ocrx_word' id='word_1_280' title='bbox 2163 3210 2388 3277; x_wconf 90' lang='lat' dir='ltr'>cepere</span> <span class='ocrx_word' id='word_1_281' title='bbox 2449 3188 2674 3289; x_wconf 35' lang='lat' dir='ltr'>lie-qul</span> <span class='ocrx_word' id='word_1_282' title='bbox 2737 3210 2812 3253; x_wconf 85' lang='lat' dir='ltr'>ac</span> 
     </span>
     <span class='ocr_line' id='line_1_44' title="bbox 388 3260 2816 3375; baseline 0.002 -41"><span class='ocrx_word' id='word_1_283' title='bbox 388 3260 661 3361; x_wconf 57' lang='lat' dir='ltr'>5:²¹ngan</span> <span class='ocrx_word' id='word_1_284' title='bbox 714 3268 972 3335; x_wconf 80' lang='lat' dir='ltr'>Volsci:</span> <span class='ocrx_word' id='word_1_285' title='bbox 1026 3268 1215 3334; x_wconf 82' lang='lat' dir='ltr'>slmul</span> <span class='ocrx_word' id='word_1_286' title='bbox 1259 3294 1347 3359; x_wconf 88' lang='lat' dir='ltr'>qu</span> <span class='ocrx_word' id='word_1_287' title='bbox 1482 3289 1921 3359; x_wconf 85' lang='lat' dir='ltr'>persuaserant</span> <span class='ocrx_word' id='word_1_288' title='bbox 1970 3298 2048 3339; x_wconf 87' lang='lat' dir='ltr'>us</span> <span class='ocrx_word' id='word_1_289' title='bbox 2095 3273 2312 3353; x_wconf 89' lang='lat' dir='ltr'>duces,</span> <span class='ocrx_word' id='word_1_290' title='bbox 2357 3274 2576 3375; x_wconf 85' lang='lat' dir='ltr'>cup1d1</span> <span class='ocrx_word' id='word_1_291' title='bbox 2620 3298 2816 3361; x_wconf 81' lang='lat' dir='ltr'>prae·-</span> 
     </span>
     <span class='ocr_line' id='line_1_45' title="bbox 714 3356 2858 3450; baseline 0.003 -31"><span class='ocrx_word' id='word_1_292' title='bbox 714 3356 957 3433; x_wconf 86' lang='lat' dir='ltr'>darum,</span> <span class='ocrx_word' id='word_1_293' title='bbox 1008 3356 1267 3423; x_wconf 88' lang='lat' dir='ltr'>biennio</span> <span class='ocrx_word' id='word_1_294' title='bbox 1314 3372 1461 3423; x_wconf 80' lang='lat' dir='ltr'>ante</span> <span class='ocrx_word' id='word_1_295' title='bbox 1510 3359 1828 3426; x_wconf 89' lang='lat' dir='ltr'>delectum</span> <span class='ocrx_word' id='word_1_296' title='bbox 1875 3361 2188 3427; x_wconf 88' lang='lat' dir='ltr'>indictum</span> <span class='ocrx_word' id='word_1_297' title='bbox 2235 3362 2456 3427; x_wconf 88' lang='lat' dir='ltr'>haben</span> <span class='ocrx_word' id='word_1_298' title='bbox 2504 3384 2642 3426; x_wconf 88' lang='lat' dir='ltr'>non</span> <span class='ocrx_word' id='word_1_299' title='bbox 2695 3385 2810 3450; x_wconf 90' lang='lat' dir='ltr'>po-</span> <span class='ocrx_word' id='word_1_300' title='bbox 2827 3392 2858 3435; x_wconf 80' lang='lat'>4</span> 
     </span>
     <span class='ocr_line' id='line_1_46' title="bbox 714 3441 2807 3537; baseline 0.004 -32"><span class='ocrx_word' id='word_1_301' title='bbox 714 3441 926 3519; x_wconf 87' lang='lat' dir='ltr'>tuisse,</span> <span class='ocrx_word' id='word_1_302' title='bbox 974 3443 1293 3509; x_wconf 87' lang='lat' dir='ltr'>abnuente</span> <span class='ocrx_word' id='word_1_303' title='bbox 1344 3444 1470 3509; x_wconf 89' lang='lat' dir='ltr'>iam</span> <span class='ocrx_word' id='word_1_304' title='bbox 1517 3445 1704 3537; x_wconf 91' lang='lat' dir='ltr'>plebe</span> <span class='ocrx_word' id='word_1_305' title='bbox 1751 3446 2104 3535; x_wconf 85' lang='lat' dir='ltr'>imperium.</span> <span class='ocrx_word' id='word_1_306' title='bbox 2200 3456 2218 3486; x_wconf 95' lang='lat'>‘</span> <span class='ocrx_word' id='word_1_307' title='bbox 2243 3448 2342 3513; x_wconf 91' lang='lat' dir='ltr'>Eo</span> <span class='ocrx_word' id='word_1_308' title='bbox 2387 3447 2693 3513; x_wconf 84' lang='lat' dir='ltr'>adversus</span> <span class='ocrx_word' id='word_1_309' title='bbox 2741 3472 2807 3513; x_wconf 86' lang='lat' dir='ltr'>se</span> 
     </span>
     <span class='ocr_line' id='line_1_47' title="bbox 716 3530 2808 3600; baseline 0.002 -7"><span class='ocrx_word' id='word_1_310' title='bbox 716 3536 735 3567; x_wconf 91' lang='lat'>‘</span> <span class='ocrx_word' id='word_1_311' title='bbox 756 3551 889 3593; x_wconf 90' lang='lat' dir='ltr'>non</span> <span class='ocrx_word' id='word_1_312' title='bbox 946 3552 1079 3595; x_wconf 89' lang='lat' dir='ltr'>esse</span> <span class='ocrx_word' id='word_1_313' title='bbox 1138 3530 1357 3597; x_wconf 88' lang='lat' dir='ltr'>missos</span> <span class='ocrx_word' id='word_1_314' title='bbox 1416 3534 1769 3597; x_wconf 86' lang='lat' dir='ltr'>exercitus:</span> <span class='ocrx_word' id='word_1_315' title='bbox 1847 3533 2100 3600; x_wconf 86' lang='lat' dir='ltr'>dissolvi</span> <span class='ocrx_word' id='word_1_316' title='bbox 2165 3534 2426 3600; x_wconf 87' lang='lat' dir='ltr'>licentia</span> <span class='ocrx_word' id='word_1_317' title='bbox 2481 3532 2808 3599; x_wconf 84' lang='lat' dir='ltr'>militandi</span> 
     </span>
     <span class='ocr_line' id='line_1_48' title="bbox 715 3620 2802 3709; baseline 0.003 -30"><span class='ocrx_word' id='word_1_318' title='bbox 715 3624 735 3653; x_wconf 89' lang='lat'>‘</span> <span class='ocrx_word' id='word_1_319' title='bbox 756 3638 1035 3681; x_wconf 88' lang='lat' dir='ltr'>morem:</span> <span class='ocrx_word' id='word_1_320' title='bbox 1104 3639 1224 3682; x_wconf 87' lang='lat' dir='ltr'>nec</span> <span class='ocrx_word' id='word_1_321' title='bbox 1282 3641 1397 3706; x_wconf 90' lang='lat' dir='ltr'>pro</span> <span class='ocrx_word' id='word_1_322' title='bbox 1455 3620 1778 3684; x_wconf 85' lang='lat' dir='ltr'>communi</span> <span class='ocrx_word' id='word_1_323' title='bbox 1837 3620 1964 3685; x_wconf 87' lang='lat' dir='ltr'>iam</span> <span class='ocrx_word' id='word_1_324' title='bbox 2021 3622 2224 3709; x_wconf 84' lang='lat' dir='ltr'>patria</span> <span class='ocrx_word' id='word_1_325' title='bbox 2285 3622 2556 3687; x_wconf 84' lang='lat' dir='ltr'>Romam</span> <span class='ocrx_word' id='word_1_326' title='bbox 2617 3644 2802 3686; x_wconf 52' lang='lat' dir='ltr'>effe:</span> 
     </span>
     <span class='ocr_line' id='line_1_49' title="bbox 714 3702 2806 3794; baseline 0.003 -29"><span class='ocrx_word' id='word_1_327' title='bbox 714 3708 735 3739; x_wconf 87' lang='lat'>‘</span> <span class='ocrx_word' id='word_1_328' title='bbox 756 3702 1063 3788; x_wconf 90' lang='lat' dir='ltr'>quicquid</span> <span class='ocrx_word' id='word_1_329' title='bbox 1112 3704 1345 3769; x_wconf 88' lang='lat' dir='ltr'>irarum</span> <span class='ocrx_word' id='word_1_330' title='bbox 1388 3706 1903 3794; x_wconf 87' lang='lat' dir='ltr'>simultatumque</span> <span class='ocrx_word' id='word_1_331' title='bbox 1949 3730 2096 3772; x_wconf 89' lang='lat' dir='ltr'>cum</span> <span class='ocrx_word' id='word_1_332' title='bbox 2139 3709 2418 3773; x_wconf 85' lang='lat' dir='ltr'>externis</span> <span class='ocrx_word' id='word_1_333' title='bbox 2465 3707 2686 3785; x_wconf 86' lang='lat' dir='ltr'>fuerit,</span> <span class='ocrx_word' id='word_1_334' title='bbox 2735 3708 2806 3771; x_wconf 89' lang='lat' dir='ltr'>in</span> 
     </span>
     <span class='ocr_line' id='line_1_50' title="bbox 714 3788 2805 3895; baseline 0.003 -44"><span class='ocrx_word' id='word_1_335' title='bbox 714 3796 733 3825; x_wconf 88' lang='lat'>‘</span> <span class='ocrx_word' id='word_1_336' title='bbox 754 3788 923 3874; x_wconf 85' lang='lat' dir='ltr'>ipsos</span> <span class='ocrx_word' id='word_1_337' title='bbox 937 3790 1154 3888; x_wconf 48' lang='lat' dir='ltr'>ferti:</span> <span class='ocrx_word' id='word_1_338' title='bbox 1206 3806 1566 3859; x_wconf 90' lang='lat' dir='ltr'>occaecatos</span> <span class='ocrx_word' id='word_1_339' title='bbox 1609 3792 1791 3881; x_wconf 87' lang='lat' dir='ltr'>lupos</span> <span class='ocrx_word' id='word_1_340' title='bbox 1835 3793 2134 3861; x_wconf 87' lang='lat' dir='ltr'>intestina</span> <span class='ocrx_word' id='word_1_341' title='bbox 2175 3796 2347 3860; x_wconf 88' lang='lat' dir='ltr'>rabie</span> <span class='ocrx_word' id='word_1_342' title='bbox 2393 3794 2805 3895; x_wconf 87' lang='lat' dir='ltr'>opprimendi</span> 
     </span>
    </p>
   </div>
   <div class='ocr_carea' id='block_1_12' title="bbox 710 3878 2803 3969">
    <p class='ocr_par' dir='ltr' id='par_1_21' title="bbox 710 3878 2803 3969">
     <span class='ocr_line' id='line_1_51' title="bbox 710 3878 2803 3969; baseline 0.003 -30"><span class='ocrx_word' id='word_1_343' title='bbox 710 3882 733 3911; x_wconf 91' lang='lat'>‘</span> <span class='ocrx_word' id='word_1_344' title='bbox 752 3896 1147 3941; x_wconf 82' lang='lat' dir='ltr'>occasionem</span> <span class='ocrx_word' id='word_1_345' title='bbox 1198 3878 1372 3943; x_wconf 88' lang='lat' dir='ltr'>esse.’</span> <span class='ocrx_word' id='word_1_346' title='bbox 1462 3878 1840 3945; x_wconf 87' lang='lat' dir='ltr'>Coniunctis</span> <span class='ocrx_word' id='word_1_347' title='bbox 1882 3882 2265 3947; x_wconf 85' lang='lat' dir='ltr'>exercitibus</span> <span class='ocrx_word' id='word_1_348' title='bbox 2312 3880 2616 3946; x_wconf 88' lang='lat' dir='ltr'>Latmum</span> <span class='ocrx_word' id='word_1_349' title='bbox 2665 3882 2803 3969; x_wconf 84' lang='lat' dir='ltr'>pri·-</span> 
     </span>
    </p>
   </div>
   <div class='ocr_carea' id='block_1_13' title="bbox 708 4075 2800 4400">
    <p class='ocr_par' dir='ltr' id='par_1_22' title="bbox 708 4075 2800 4400">
     <span class='ocr_line' id='line_1_52' title="bbox 774 4075 2800 4159; baseline 0.005 -36"><span class='ocrx_word' id='word_1_350' title='bbox 774 4088 803 4121; x_wconf 67' lang='grc' dir='ltr'>α</span> <span class='ocrx_word' id='word_1_351' title='bbox 834 4075 1129 4125; x_wconf 67' lang='lat' dir='ltr'>Sustine-ndo</span> <span class='ocrx_word' id='word_1_352' title='bbox 1158 4077 1285 4150; x_wconf 61' lang='lat' dir='ltr'>rega]</span> <span class='ocrx_word' id='word_1_353' title='bbox 1338 4077 1600 4137; x_wconf 80' lang='lat' dir='ltr'>Morando‚</span> <span class='ocrx_word' id='word_1_354' title='bbox 1631 4078 1720 4127; x_wconf 75' lang='lat' dir='ltr'>dif-</span> <span class='ocrx_word' id='word_1_355' title='bbox 1785 4078 2034 4143; x_wconf 80' lang='lat' dir='ltr'>oppositos</span> <span class='ocrx_word' id='word_1_356' title='bbox 2053 4080 2304 4131; x_wconf 79' lang='lat' dir='ltr'>habemus.</span> <span class='ocrx_word' id='word_1_357' title='bbox 2329 4081 2379 4131; x_wconf 85' lang='lat' dir='ltr'>N</span> <span class='ocrx_word' id='word_1_358' title='bbox 2383 4080 2600 4131; x_wconf 82' lang='lat' dir='ltr'>iebhr.ii.</span> <span class='ocrx_word' id='word_1_359' title='bbox 2615 4098 2666 4132; x_wconf 83' lang='lat' dir='ltr'>n.</span> <span class='ocrx_word' id='word_1_360' title='bbox 2687 4084 2800 4159; x_wconf 68' lang='lat'><strong>838.</strong></span> 
     </span>
     <span class='ocr_line' id='line_1_53' title="bbox 708 4136 2798 4206; baseline 0.006 -21"><span class='ocrx_word' id='word_1_361' title='bbox 708 4136 907 4187; x_wconf 76' lang='lat' dir='ltr'>ferendo</span> <span class='ocrx_word' id='word_1_362' title='bbox 929 4138 1191 4188; x_wconf 84' lang='lat' dir='ltr'>delectum.</span> <span class='ocrx_word' id='word_1_363' title='bbox 1212 4140 1323 4191; x_wconf 79' lang='lat' dir='ltr'>mfr.</span> <span class='ocrx_word' id='word_1_364' title='bbox 1346 4140 1426 4191; x_wconf 87' lang='lat'>60.</span> <span class='ocrx_word' id='word_1_365' title='bbox 1849 4161 1878 4204; x_wconf 88' lang='grc'><strong>4</strong></span> <span class='ocrx_word' id='word_1_366' title='bbox 1912 4146 2122 4195; x_wconf 68' lang='lat' dir='ltr'>Biennio</span> <span class='ocrx_word' id='word_1_367' title='bbox 2141 4148 2282 4206; x_wconf 72' lang='lat' dir='ltr'>anto]</span> <span class='ocrx_word' id='word_1_368' title='bbox 2323 4146 2428 4196; x_wconf 86' lang='lat' dir='ltr'>Hic</span> <span class='ocrx_word' id='word_1_369' title='bbox 2448 4144 2705 4196; x_wconf 85' lang='lat' dir='ltr'>biennium</span> <span class='ocrx_word' id='word_1_370' title='bbox 2727 4162 2798 4197; x_wconf 85' lang='lat' dir='ltr'>m·</span> 
     </span>
     <span class='ocr_line' id='line_1_54' title="bbox 775 4203 2798 4273; baseline 0.004 -20"><span class='ocrx_word' id='word_1_371' title='bbox 775 4216 803 4263; x_wconf 81' lang='lat'>3</span> <span class='ocrx_word' id='word_1_372' title='bbox 835 4205 1081 4263; x_wconf 75' lang='lat' dir='ltr'>Seniom]</span> <span class='ocrx_word' id='word_1_373' title='bbox 1132 4203 1326 4253; x_wconf 83' lang='lat' dir='ltr'>Ultimo</span> <span class='ocrx_word' id='word_1_374' title='bbox 1358 4206 1453 4254; x_wconf 88' lang='lat' dir='ltr'>hoc</span> <span class='ocrx_word' id='word_1_375' title='bbox 1489 4205 1598 4254; x_wconf 86' lang='lat' dir='ltr'>loco</span> <span class='ocrx_word' id='word_1_376' title='bbox 1633 4206 1716 4256; x_wconf 83' lang='lat' dir='ltr'>Se-</span> <span class='ocrx_word' id='word_1_377' title='bbox 1780 4207 1935 4271; x_wconf 72' lang='lat' dir='ltr'>:elligi</span> <span class='ocrx_word' id='word_1_378' title='bbox 1967 4225 2164 4259; x_wconf 78' lang='lat' dir='ltr'>necesse</span> <span class='ocrx_word' id='word_1_379' title='bbox 2185 4216 2276 4271; x_wconf 79' lang='lat' dir='ltr'>est,</span> <span class='ocrx_word' id='word_1_380' title='bbox 2297 4226 2394 4259; x_wconf 84' lang='lat' dir='ltr'>non</span> <span class='ocrx_word' id='word_1_381' title='bbox 2427 4210 2692 4273; x_wconf 73' lang='lat' dir='ltr'>integrum,</span> <span class='ocrx_word' id='word_1_382' title='bbox 2713 4214 2798 4261; x_wconf 75' lang='lat' dir='ltr'>sed</span> 
     </span>
     <span class='ocr_line' id='line_1_55' title="bbox 708 4264 2798 4339; baseline 0.007 -28"><span class='ocrx_word' id='word_1_383' title='bbox 708 4264 867 4337; x_wconf 66' lang='lat' dir='ltr'>:tiores</span> <span class='ocrx_word' id='word_1_384' title='bbox 900 4267 1106 4339; x_wconf 72' lang='lat' dir='ltr'>Pati-um</span> <span class='ocrx_word' id='word_1_385' title='bbox 1140 4265 1423 4327; x_wconf 84' lang='lat' dir='ltr'>iunioribus,</span> <span class='ocrx_word' id='word_1_386' title='bbox 1454 4284 1521 4318; x_wconf 82' lang='lat' dir='ltr'>sc.</span> <span class='ocrx_word' id='word_1_387' title='bbox 1555 4276 1717 4331; x_wconf 70' lang='lat' dir='ltr'>patres</span> <span class='ocrx_word' id='word_1_388' title='bbox 1778 4270 2062 4323; x_wconf 80' lang='lat' dir='ltr'>inchoatum</span> <span class='ocrx_word' id='word_1_389' title='bbox 2083 4276 2452 4324; x_wconf 80' lang='lat' dir='ltr'>tantummodo:</span> <span class='ocrx_word' id='word_1_390' title='bbox 2487 4288 2642 4336; x_wconf 85' lang='lat' dir='ltr'>quum</span> <span class='ocrx_word' id='word_1_391' title='bbox 2663 4291 2798 4325; x_wconf 74' lang='lat' dir='ltr'>anno</span> 
     </span>
     <span class='ocr_line' id='line_1_56' title="bbox 710 4331 2796 4400; baseline 0.01 -29"><span class='ocrx_word' id='word_1_392' title='bbox 710 4338 945 4379; x_wconf 68' lang='lat' dir='ltr'>maiorum</span> <span class='ocrx_word' id='word_1_393' title='bbox 977 4336 1193 4390; x_wconf 75' lang='lat' dir='ltr'>genuum</span> <span class='ocrx_word' id='word_1_394' title='bbox 1226 4331 1443 4393; x_wconf 76' lang='lat' dir='ltr'>patribus</span> <span class='ocrx_word' id='word_1_395' title='bbox 1474 4331 1716 4383; x_wconf 84' lang='lat' dir='ltr'>minorum</span> <span class='ocrx_word' id='word_1_396' title='bbox 1779 4334 2026 4400; x_wconf 71' lang='lat' dir='ltr'>superiore</span> <span class='ocrx_word' id='word_1_397' title='bbox 2047 4338 2267 4389; x_wconf 78' lang='lat' dir='ltr'>delectus</span> <span class='ocrx_word' id='word_1_398' title='bbox 2285 4338 2498 4389; x_wconf 77' lang='lat' dir='ltr'>indictus</span> <span class='ocrx_word' id='word_1_399' title='bbox 2515 4338 2594 4389; x_wconf 81' lang='lat' dir='ltr'>sit.</span> <span class='ocrx_word' id='word_1_400' title='bbox 2627 4340 2796 4391; x_wconf 70' lang='lat' dir='ltr'>cm.</span> 
     </span>
    </p>
   </div>
   <div class='ocr_carea' id='block_1_14' title="bbox 543 670 2945 751">
    <p class='ocr_par' dir='ltr' id='par_1_23' title="bbox 543 670 2945 751">
     <span class='ocr_line' id='line_1_57' title="bbox 543 670 2945 751; baseline 0 -14"><span class='ocrx_word' id='word_1_401' title='bbox 543 696 700 745; x_wconf 81' lang='lat' dir='ltr'>,Iulio</span> <span class='ocrx_word' id='word_1_402' title='bbox 714 685 900 750; x_wconf 87' lang='lat' dir='ltr'>ortas,</span> <span class='ocrx_word' id='word_1_403' title='bbox 932 672 1069 737; x_wconf 84' lang='lat' dir='ltr'>sine</span> <span class='ocrx_word' id='word_1_404' title='bbox 1098 670 1510 737; x_wconf 87' lang='lat' dir='ltr'>insectatione</span> <span class='ocrx_word' id='word_1_405' title='bbox 1627 673 1866 739; x_wconf 86' lang='lat' dir='ltr'>testatis</span> <span class='ocrx_word' id='word_1_406' title='bbox 1894 674 2050 751; x_wconf 87' lang='lat' dir='ltr'>eius,</span> <span class='ocrx_word' id='word_1_407' title='bbox 2081 684 2450 738; x_wconf 83' lang='lat' dir='ltr'>conservata</span> <span class='ocrx_word' id='word_1_408' title='bbox 2475 671 2846 737; x_wconf 83' lang='lat' dir='ltr'>maiestate</span> <span class='ocrx_word' id='word_1_409' title='bbox 2944 695 2945 729; x_wconf 70' lang='lat'>1</span> 
     </span>
    </p>
   </div>
  </div>
 </body>
</html>
