3000 4784
840 224 1033 291 LIB.
1096 222 1183 289 ΙΙ,
1250 222 1474 289 CAP.
1538 228 1640 288 20.
2207 228 2288 291 93

286 362 601 429 Consules
662 362 792 429 Ser.
850 362 961 429 Sul
1010 363 1191 439 icius,
1246 362 1358 427 Μ’.
1414 361 1686 427 Tullius.
1781 360 1966 427 Nihil
2018 361 2288 449 dignum
2418 360 2528 421 19.

204 451 493 515 memoria
520 464 751 515 actum.
828 450 907 515 T.
943 388 1266 515 Xebutius
1296 449 1530 514 deinde
1551 465 1620 514 et
1652 447 1730 513 C.
1765 448 2087 514 Vetusius.
2167 447 2290 511 His
2309 443 2379 557 H:
2403 443 2462 557 g·
2490 456 2602 505 254·

160 548 190 593 4
203 538 559 603 consulibus
588 537 866 602 Fidenae
896 540 1207 614 obsessae,
1236 536 1681 601 Crustumeria
1707 559 1784 601 ca
1828 548 1912 613 ta,
1943 536 2288 600 Praeneste
2451 544 2465 557 ’
2490 508 2603 571 ⁴9⁸⁰

202 628 279 689 ab
294 624 541 689 latinis
563 624 647 689 ad
670 624 994 689 Romanos
1016 624 1315 688 descivit:
1363 646 1483 688 nec
1507 622 1676 687 ultra
1692 559 1932 688 beffum
1963 621 2288 699 Latinum,

200 710 459 795 gliscens
508 712 641 775 iam
774 734 807 775 r
852 711 1097 797 aliquot
1147 732 1365 787 annos,
1412 709 1700 774 dilatum.
1791 710 1876 774 A.
1925 708 2290 773 Postumius
2312 722 2512 770 Bellum

203 796 479 875 dictator,
542 798 625 861 T.
746 798 1005 864 ebutius
1062 796 1362 884 magister
1418 796 1730 883 equitum,
1791 794 2036 881 magnis
2093 795 2294 881 copiis
2311 802 2424 861 ⁰9¹9
2451 787 2546 835 ¹³¹²·

322 884 479 948 ‘tum
520 885 945 971 equitumque
981 884 1272 970 profecti,
1314 882 1395 947 ad
1430 883 1638 947 lacum
1679 880 2004 969 Regillum
2037 883 2108 945 in
2143 904 2294 968 agro
2311 856 2464 964 ῗῑωῗῇ
2491 926 2604 975 255·

260 971 561 1035 usculano
603 970 839 1058 agmini
878 970 1158 1035 hostium
1201 982 1615 1034 occurrerunt
1633 977 1662 1032 :'
1697 982 1784 1047 et,
1821 969 1974 1056 quia
2017 968 2295 1054 Tarqui-
2313 978 2374 1028 A.
2409 980 2468 1027 C.
2493 990 2605 1041 497·

202 1057 331 1120 nios
366 1080 503 1122 esse
544 1059 619 1121 in
652 1058 938 1123 exercitu
978 1056 1355 1121 Latinorum
1392 1056 1682 1120 auditum
1723 1069 1838 1134 est,
1869 1054 2164 1120 sustineri
2201 1054 2296 1120 ira

203 1164 325 1207 non
352 1145 585 1231 potuit,
618 1145 777 1232 quin
805 1142 1129 1230 extemplo
1158 1143 1588 1229 confligerent.
1682 1141 1855 1229 Ergo
1887 1143 2079 1207 etiam
2109 1163 2294 1228 proe-
2315 1156 2490 1227 Pugpa
2511 1155 2576 1202 ad

202 1228 347 1293 lium
392 1230 745 1317 aliquantO,
791 1253 987 1318 quam
1030 1243 1261 1307 cetera,
1305 1229 1556 1315 gravius
1599 1241 1791 1314 atque
1837 1230 2111 1293 atrocius
2151 1227 2290 1291 fuit.
2313 1219 2568 1330 lRegsslum

206 1315 349 1381 Non
378 1317 553 1382 enim
590 1317 788 1382 duces
828 1316 909 1381 ad
950 1316 1293 1416 regendam
1338 1315 1532 1379 modo
1572 1314 1836 1379 consilio
1863 1337 2002 1379 rem
2038 1314 2294 1391 affuere,
2331 1298 2494 1331 acum.

164 1416 189 1467 5
205 1402 325 1479 sed,
342 1404 611 1469 suismet
626 1404 779 1491 ipsis
790 1407 1165 1491 ¹corporibus
1182 1402 1576 1479 dimicantes,
1598 1401 1905 1465 miscuere
1923 1400 2294 1465 certamina:

206 1511 315 1553 nec
364 1491 707 1577 quisquam
748 1512 1082 1578 procerum
1125 1489 1323 1554 ferme
1368 1488 1487 1553 hac
1531 1500 1644 1553 aut
1689 1487 1800 1552 illa
1843 1510 1926 1553 ex
1977 1488 2110 1551 acie
2163 1486 2298 1551 sine

206 1575 475 1655 vulnere,
506 1590 765 1665 praeter
790 1577 1167 1641 dictatorem
1211 1575 1597 1651 Romanum,
1628 1575 1917 1639 excessit.
2007 1572 2090 1638 Iu
2117 1573 2303 1637 Post-

207 1662 458 1741 umium,
506 1664 719 1751 prima
758 1664 827 1727 in
872 1664 1005 1728 acie
1050 1685 1199 1727 suos
1242 1662 1688 1727 adhortantem
1731 1662 2302 1747 instruentemque,

168 1748 197 1797 6
210 1746 593 1849 Tarquinius
626 1750 972 1837 Superbus,
1004 1772 1371 1836 quanquam
1406 1750 1536 1813 iam
1565 1760 1770 1813 aetate
1801 1760 1868 1812 et
1901 1748 2142 1813 viribus
2169 1760 2306 1811 erat

208 1856 461 1919 gravor,
506 1860 753 1924 equum
797 1836 1063 1901 infestus
1104 1836 1392 1900 admisit:
1440 1836 1733 1920 ictusque
1770 1838 1853 1900 ab
1896 1834 2113 1911 latere,
2153 1856 2308 1897 con-

212 1942 385 1986 cursu
414 1946 679 1987 suorum
709 1934 1005 2011 receptus
1032 1922 1101 1986 in
1131 1935 1343 1987 tutum
1370 1934 1481 1987 est.
1577 1920 1666 1985 Et
1693 1921 1777 1985 ad
1805 1920 2076 1986 alterum
2105 1942 2306 1985 cornu

214 2006 525 2075 Aebutius
542 2011 844 2097 magister
862 2010 1153 2109 equitum
1170 2009 1239 2072 in
1262 2008 1604 2073 Octavium
1614 2007 1980 2072 Mamilium
1997 2008 2308 2093 impetum

215 2091 481 2161 dederat.
580 2095 649 2159 N
652 2120 726 2161 ec
753 2095 981 2161 fefelht
1008 2094 1272 2160 veniens
1302 2094 1742 2164 Tusculanum
1771 2094 2040 2171 ducem3
2087 2106 2311 2158 contra

214 2200 395 2277 quem
422 2196 491 2248 et
519 2183 634 2248 ille
674 2182 953 2247 concitat
980 2204 1015 2245 e
1064 2204 1255 2246 uum:
1304 2192 1607 2267 tantaque
1637 2181 1731 2245 vis
1761 2180 2005 2245 infestis
2045 2180 2310 2244 venien-

219 2276 363 2331 tium
391 2269 593 2335 hastis
620 2269 761 2347 fuit,
793 2282 867 2334 ut
898 2204 1226 2333 brac‘liium
1258 2267 1548 2332 Aebutio
1578 2267 1912 2332 traiectum
1939 2267 2040 2344 sit,
2073 2264 2311 2331 Mami-

215 2348 295 2415 lio
330 2370 553 2453 pectus
591 2378 975 2443 percussum.
1068 2353 1267 2419 Hunc
1302 2354 1566 2441 quidem
1609 2354 1678 2417 in
1721 2353 2064 2419 secundam
2102 2353 2306 2417 aciem

218 2436 419 2505 Lanni
464 2466 804 2531 recepere:
876 2441 1217 2518 Aebutius,
1264 2463 1463 2526 quum
1517 2440 1728 2505 saucio
1774 2440 2036 2505 brachio
2089 2450 2308 2503 tenere

220 2524 405 2592 telum
460 2553 599 2595 non
844 2542 891 2606 t,
951 2549 1170 2615 pugna
1226 2526 1515 2591 excesm‘t.
1607 2524 1878 2591 Latinus
1935 2525 2090 2602 dux,
2143 2523 2308 2588 nihil

220 2608 549 2709 deterritus
584 2552 869 2693 vuffissee,
958 2610 1227 2679 roelium
1268 2613 1439 2689 ciet3
1486 2624 1572 2689 et,
1610 2612 1764 2699 quia
1805 2634 1950 2676 suos
1987 2610 2310 2698 perculsos

220 2698 481 2780 vldebat,
539 2704 799 2768 arcessit
846 2725 923 2767 co
968 2714 1173 2766 ortem
1220 2698 1514 2764 exsulum
1570 2699 2027 2775 Romanorum,
2077 2698 2184 2761 cui
2230 2696 2307 2761 1..

223 2779 551 2874 Tarquinii
596 2788 766 2853 filius
804 2800 1110 2875 praeerat.
1205 2786 1322 2863 Ea,
1355 2785 1534 2873 quod
1569 2785 1806 2851 maiore
1850 2784 2176 2872 pugnabat
2220 2784 2314 2849 ira

224 2869 299 2934 ob
332 2890 555 2976 erepta
592 2877 763 2941 bona
799 2875 1197 2975 patriamque
1238 2874 1624 2960 ademptam,
1655 2894 1938 2960 pugnam
2017 2892 2315 2957 arumper

224 2960 502 3029 restitmt.
600 2962 1055 3027 Referentibus
1095 2984 1222 3025 iam
1262 2960 1494 3047 pedem
1527 2960 1606 3025 ab
1648 2982 1726 3024 ea
1763 2972 1940 3046 parte
2047 2958 2311 3035 omanis,
2435 2950 2537 3009 20·

228 3038 315 3108 M.
358 3046 675 3127 Valerius,
712 3047 1079 3113 Publicolae
1124 3047 1337 3124 stater,
1379 3048 1780 3134 conspicatus
1819 3045 2095 3111 ferocem
2134 3044 2314 3109 iuve-

227 3150 365 3196 nem
403 3134 850 3223 Tarquinium,
888 3146 1313 3199 ostentantem
1359 3156 1427 3197 se
1463 3134 1536 3197 in
1574 3133 1782 3220 prima
1819 3133 2115 3197 exsulum
2155 3132 2313 3209 acie,

230 3213 569 3288 domestica
606 3222 799 3287 etiam
840 3220 1041 3308 gloria
1083 3242 1403 3297 accensus,
1440 3232 1535 3297 ut,
1577 3219 1759 3283 cuius
1800 3218 2074 3283 familiae
2121 3218 2317 3283 decus

230 3301 403 3371 eiecti
430 3332 614 3397 reges
654 3320 853 3385 erant,
885 3306 1171 3371 eiusdem
1200 3305 1518 3371 interfecti
1545 3305 1775 3382 forent,
1805 3304 2020 3369 subdit
2050 3303 2319 3369 calcaria

232 3410 407 3476 equ0,
457 3410 528 3463 et
587 3393 1011 3481 Tarquinium
1072 3392 1303 3459 infesto
1358 3391 1602 3479 spiculo
1654 3391 1832 3478 petit.
1926 3390 2059 3455 Tar
2105 3390 2318 3455 ninius

234 3490 387 3544 retro
436 3483 505 3547 in
558 3504 787 3569 agmen
839 3502 1097 3545 suorum
1147 3479 1395 3543 infenso
1448 3478 1636 3543 cessit
1685 3477 1870 3541 hosti.
1962 3476 2027 3541 V
2088 3478 2315 3554 erium,

234 3571 457 3634 temere
497 3570 825 3634 invectum
864 3567 933 3631 in
962 3564 1255 3633 exsulum
1296 3565 1520 3642 aciem,
1551 3587 1634 3629 ex
1669 3578 2020 3629 transverso
2054 3563 2318 3651 quidam

294 3808 325 3850 4
353 3792 686 3847 &mmor-fla
708 3796 881 3859 napea]
938 3795 1071 3857 Ager
1089 3793 1235 3843 Crus-
1302 3792 1401 3843 Pro
1430 3792 1651 3853 Superbo
1683 3788 1854 3839 Titum
1889 3786 2212 3851 Tarquinium
2251 3788 2319 3835 le-

238 3854 454 3921 mminun,
486 3866 660 3925 postea
686 3862 821 3923 roffio
851 3860 1007 3907 tribu
1032 3860 1236 3908 Οπωω-
1298 3856 1443 3919 gend.
1466 3855 1574 3903 vult
1597 3855 1766 3914 Dion„
1785 3868 1884 3916 quo
1913 3868 2108 3917 pugnae
2133 3853 2196 3900 ad
2220 3852 2318 3900 Re—

238 3918 400 3971 ninae.
1299 3920 1493 3983 gillam,
1545 3934 1646 3967 non
1694 3918 1904 3981 poetica,
1951 3918 2036 3966 sed
2090 3914 2321 3965 historica

307 3994 333 4045 5
369 3988 521 4051 Ipsis]
566 3989 639 4038 ita
674 3986 883 4047 codices,
916 3986 1004 4036 sed
1038 3986 1137 4049 ipsi
1174 3998 1237 4033 ex
1302 3984 1424 4033 fides
1458 3984 1752 4032 adstruatur.
1826 3980 2114 4039 Quinetiam
2153 3980 2193 4027 ai
2229 3979 2318 4052 Su-

243 4050 469 4104 mendat.
494 4054 713 4103 Gronov,
744 4052 795 4101 in
827 4056 1020 4101 textum
1053 4048 1239 4112 recepit
1302 4050 1481 4111 petbus
1504 4048 1658 4095 Prisci
1681 4047 1812 4095 filius
1832 4052 1974 4106 emet,
1995 4046 2094 4093 iam
2117 4048 2319 4091 centesi-

244 4105 441 4167 Bekker.
1302 4128 1437 4162 mum
1460 4112 1744 4161 vicesimum
1766 4126 1950 4159 annum
1973 4109 2160 4171 agebat.
2221 4104 2320 4153 Sed

278 4174 331 4245 ‚6
363 4182 653 4246 romanens
672 4180 947 4243 Superbus]
1000 4176 1240 4241 Dionysio
1302 4176 1425 4225 haec
1452 4176 1620 4225 omnia
1651 4192 1680 4224 e
1711 4174 2004 4236 comunibus
2025 4170 2323 4227 derivantur,

248 4238 423 4292 ”detm-
438 4247 611 4295 merito
633 4260 803 4309 parum
828 4243 1103 4301 verisimile,
1119 4242 1237 4291 Tar-
1303 4256 1431 4302 quae
1463 4241 1514 4289 in
1546 4240 1708 4301 epulis
1737 4254 1842 4287 ease
1875 4232 2196 4305 cantitatafle
2224 4232 2321 4279 cla-

249 4302 449 4359 quinium
472 4312 763 4375 Superbum,
777 4315 895 4357 tunc
916 4305 1240 4369 nonagenario
1302 4320 1466 4353 rorum
1490 4304 1699 4351 virorum
1733 4301 1960 4367 laudibus
1991 4296 2156 4346 scribit
2178 4296 2322 4345 Cato.

252 4370 524 4434 proximum,
544 4376 597 4423 in
628 4376 715 4423 illa
746 4374 851 4423 acie
880 4372 1042 4421 fuisse.
1077 4370 1238 4419 Casv,
1304 4368 1484 4419 cfiCic.
1511 4368 1666 4417 Acad.
1687 4366 1751 4413 iv.
1776 4362 1853 4413 86.
