3000 4784
690 232 817 294 502
1454 218 1684 287 ΤῙΤῙ
1741 218 2013 285 LIVII

366 374 435 425 U.
458 375 519 424 c.
543 387 654 435 433-
692 386 797 429 sae
842 374 937 427 tas
959 361 1211 426 deiectu
1234 357 1530 423 arborum
1551 378 1974 441 saxorumque
2005 354 2365 441 ingentium
2395 354 2808 420 obiacentem

364 440 428 489 A.
461 440 657 513 0:319·
696 472 801 515 mo
824 470 927 513 em
968 448 1285 511 invenere.
1382 443 1605 519 Quum
1633 443 1802 507 fraus
1829 441 2083 507 'hostilis
2122 464 2202 527 ap
2363 440 2540 517 ‘meu
2577 440 2812 527 prassi-

364 504 665 616 ἓὲῗὲζῑῇἔιζ
694 536 874 599 dium
903 533 1097 597 etiam
1127 533 1195 596 in
1224 553 1473 595 summo
1500 530 1665 595 saltu
1695 529 2096 615 conspicitur.
2193 464 2396 591 &tati
2427 527 2592 591 inde
2627 540 2812 599 retro,

366 631 519 680 mani-
695 646 825 710 qua
850 632 1173 696 venerant,
1203 630 1481 706 pergunt
1523 628 1810 715 repetere
1844 616 2028 680 viam.
2123 612 2288 677 Eam
2323 636 2602 700 quoque
2647 612 2818 676 clau-

695 732 829 775 sam
867 730 983 771 sua
1021 706 1200 771 obice
1240 705 1557 789 armisque
1597 702 1949 767 inveniunt.
2045 700 2291 765 Sistunt
2329 700 2486 765 inde
2537 699 2856 787 gradum-.-

694 796 831 860 sine
876 793 1067 857 ullius
1108 790 1417 879 imperio;
1470 802 1818 876 stuporque
1863 788 2148 853 omnium
2195 787 2466 863 animos,
2513 808 2596 851 ac
2647 785 2824 849 velut

696 894 913 968 torpor
956 878 1217 966 quidam
1260 876 1550 941 insolitus
1595 876 1878 939 membra
1920 886 2134 938 tenet:
2189 874 2672 959 intuentesque
2719 870 2826 935 alii

696 968 873 1043 alios,
918 988 1117 1053 quum
1162 964 1431 1029 alterum
1474 963 1744 1049 quisque
1787 984 1930 1026 com
2018 974 2149 1025 tem
2199 960 2402 1045 magis
2456 959 2714 1024 mentis
2755 980 2826 1021 ac

698 1052 945 1119 consilii
974 1053 1301 1128 ducerent,
1334 1049 1449 1115 diu
1485 1048 1842 1113 immobiles
1879 1048 2086 1112 sient.
2179 1046 2444 1111 Deinde
2481 1046 2603 1111 ubi
2633 1066 2830 1133 prae-

700 1141 864 1206 toria
910 1138 1243 1204 consulum
1292 1136 1453 1221 erigi
1503 1135 1741 1213 videre,
1795 1146 1862 1199 et
1911 1132 2214 1220 expedire
2261 1132 2590 1219 quosdam
2637 1130 2866 1196 utilina
2975 1184 2978 1189 .

697 1227 893 1314 operi,
926 1246 1293 1312 quanquam
1324 1222 1601 1286 ludibrio
1635 1221 1770 1285 fore
1805 1219 2185 1297 muniente&
2217 1219 2490 1307 perditis
2517 1220 2726 1284 nebus
2753 1238 2827 1281 ac
2972 1204 2978 1275 l

840 1312 1015 1377 omni
1044 1310 1359 1396 adempta,
1390 1308 1776 1382 cernebant3
1815 1318 2052 1383 tamen,
2081 1329 2166 1369 ne
2195 1305 2456 1392 eulpam
2485 1306 2684 1371 malis
2711 1304 2828 1369 ad-

698 1336 945 1476 figent,
1020 1420 1093 1462 ro
1120 1420 1187 1461 se
1218 1396 1510 1482 quisque,
1535 1416 1654 1458 nec
1684 1393 1978 1457 hortante
2007 1392 2139 1457 ullo
2167 1415 2289 1457 nec
2318 1392 2718 1477 imperante,
2743 1389 2826 1455 ad

700 1487 963 1551 munien
1012 1508 1121 1548 um
1150 1483 1332 1559 versi,
1364 1493 1565 1545 castra
1601 1492 1860 1566 propter
1893 1501 2124 1565 aquam
2153 1478 2320 1544 vallo
2357 1479 2822 1552 circumdant3

700 1594 817 1636 sua
878 1572 999 1657 ipsi
1064 1592 1256 1657 opera
1320 1567 1728 1652 laboremque
1793 1566 2062 1643 irritum,
2121 1578 2578 1652 praeterquam
2642 1562 2825 1667 quod

699 1658 911 1722 hostes
977 1657 1246 1743 superbe
1313 1655 1486 1719 incre
1535 1653 1743 1729 abant,
1802 1674 1950 1716 cum
2010 1650 2344 1718 miserabili
2407 1652 2822 1717 confessione
2974 1660 2978 1723 ξ

699 1744 1045 1807 eludentes·
1138 1741 1252 1805 Ad
1300 1677 1592 1805 consules
1641 1752 1931 1815 maestOS‚
1977 1760 2060 1802 ne
2111 1737 2498 1803 advocantes
2545 1739 2819 1826 quidem
2833 1764 2860 1813 ς

698 1829 768 1891 in
803 1828 1155 1903 consilium,
1188 1826 1446 1912 quando
1486 1849 1609 1891 nec
1651 1824 1934 1901 consili0,
1966 1848 2087 1889 nec
2125 1824 2364 1889 auxilio
2401 1824 2590 1889 locus
2629 1836 2820 1900 efflet,

698 1936 813 1978 sua
862 1924 1087 1999 sponte
1138 1912 1329 1999 legati
1388 1934 1461 1976 ac
1521 1912 1762 1976 tribuni
1811 1912 2240 1975 conveniunt:
2305 1910 2683 1997 militesque
2737 1909 2822 1975 ad

700 2000 1084 2087 praetorium
1112 1998 1293 2075 versi,
1326 2020 1534 2086 opem,
1567 2020 1760 2085 quam
1787 1998 1898 2061 vix
1933 1998 2025 2061 dii
2063 1996 2451 2061 immortales
2489 1998 2664 2064 ferre
2703 1998 2824 2087 po-

504 2098 564 2156 3.
699 2098 926 2164 terant,
988 2087 1067 2150 ab
1124 2086 1395 2150 ducibus
1452 2096 1822 2171 exposcunt.
1921 2082 2280 2157 Querentes
2335 2084 2562 2171 magis,
2621 2106 2822 2172 quam

372 2180 651 2255 Comitium
699 2173 1149 2251 consultantes»,
1180 2196 1309 2237 nox
1340 2171 1669 2259 oppressit,
1701 2193 1904 2257 quum
1936 2193 2054 2257 pro
2089 2171 2350 2271 ingenio
2379 2172 2663 2259 quisque
2695 2172 2822 2236 sre-

372 2245 604 2306 expednre
704 2272 990 2325 merent:
1051 2260 1228 2337 alius,
1285 2268 1305 2297 ‘
1325 2281 1441 2345 per
1490 2257 1702 2322 obices
1751 2259 1996 2321 viarum
2019 2259 2067 2334 3’
2111 2258 2288 2335 aliuS,
2337 2266 2357 2295 ‘
2379 2280 2499 2343 per
2549 2258 2824 2323 adrem
2843 2290 2862 2322 1

370 2324 601 2421 :next-pos-
707 2356 727 2385 ‘
748 2346 1083 2423 montium,
1143 2369 1259 2433 per
1314 2344 1517 2420 silvas,
1571 2366 1700 2429 qua
1754 2344 1904 2408 ferri
1961 2366 2134 2408 arma
2191 2356 2516 2431 poterunt,
2571 2368 2816 2410 eamus.

704 2440 726 2471 ‘
748 2430 954 2497 Modo
998 2432 1081 2496 ad
1124 2432 1371 2497 hostem
1416 2431 1746 2518 pervenire
1783 2430 1990 2507 liceat,
2033 2452 2227 2518 quem
2353 2454 2389 2493 r
2431 2454 2646 2497 annos
2693 2435 2822 2497 iam
2841 2463 2864 2497 ι

705 2527 727 2559 ‘
744 2542 941 2607 prope
972 2518 1233 2606 triginta
1260 2518 1607 2593 vincimus;
1653 2517 1872 2581 omnia
1899 2540 2104 2604 aequa
2129 2530 2198 2581 et
2230 2452 2425 2604 plizena
2447 2532 2650 2583 erunt
2687 2520 2824 2584 Ro-

704 2614 725 2645 ‘
746 2628 955 2683 mano,
988 2606 1057 2669 in
1086 2606 1401 2691 perfidum
1436 2603 1789 2668 Samnitem
1816 2604 2130 2755 puffimi
2153 2604 2200 2680 ς’
2231 2604 2410 2681 alius,
2455 2612 2478 2641 ‘
2501 2604 2686 2683 Qun,
2711 2620 2824 2671 aut
2970 2542 2976 2671 l

705 2701 724 2731 ‘
794 2715 875 2757 ua
925 2694 1193 2756 eamus?
1283 2690 1461 2755 Num
1515 2701 1766 2754 montes
1816 2713 1922 2755 mo
1951 2692 1965 2704 '
2004 2691 2019 2705 '
2082 2690 2233 2756 sede
2291 2714 2406 2754 sua
2461 2694 2824 2777 paramus?

705 2787 724 2817 ‘
817 2802 927 2842 um
971 2779 1129 2842 haec
1167 2777 1593 2842 imminebunt
1629 2776 1798 2864 iuga,
1837 2800 1968 2863 qua
2008 2790 2080 2841 tu
2123 2777 2206 2843 ad
2250 2776 2500 2841 hostem
2541 2781 2824 2845 venies?

704 2873 723 2902 ‘
745 2863 1017 2940 Armati,
1050 2863 1341 2940 inermeS,
1372 2863 1584 2940 forteS,
1615 2864 1848 2950 ignavi,
1879 2866 2116 2950 pariter
2149 2886 2370 2928 omnes
2405 2866 2582 2949 capti
2621 2878 2822 2953 atque
2971 2842 2973 2976 Ι

703 2957 723 2987 ‘
742 2948 894 3011 victi
922 2970 1156 3011 sumus.
1251 2949 1357 3012 Ne
1387 2950 1626 3013 ferrum
1703 2950 1916 3014 uidem
1947 2950 2030 3015 ad
2058 2952 2222 3015 bene
2259 2950 2680 3016 moriendum
2711 2955 2824 3017 ob-

704 3032 983 3097 ‘laturus
1012 3045 1110 3097 est
1138 3032 1367 3098 hostis:
1412 3033 1643 3099 sedens
1715 3034 1912 3099 ellum
1941 3037 2275 3101 conficiet!
2349 3035 2476 3099 His
2503 3037 2578 3100 in
2609 3039 2822 3103 vicem

701 3119 1114 3196 sermonibus,
1146 3141 1275 3206 qua
1317 3120 1461 3196 cibi,
1494 3142 1626 3206 qua
1668 3121 1902 3208 quietis
1943 3122 2299 3199 immemor,
2339 3144 2474 3186 nox
2519 3124 2826 3189 traducta
2969 3116 2971 3237 ]

702 3218 814 3271 est.
2970 3242 2971 3245 ,

790 3291 897 3357 Ne
932 3292 1319 3358 Samnitibus
1338 3292 1601 3392 quidem
1621 3293 1955 3358 consilium
1987 3295 2054 3357 in
2078 3306 2207 3358 tam
2227 3294 2409 3359 laetis
2427 3299 2822 3383 suppetebat

702 3378 908 3443 rebus.
1000 3377 1227 3466 Itaque
1264 3380 1542 3443 unlversi
1591 3378 1994 3445 Herennium
2038 3380 2364 3457 Pontium,
2394 3396 2648 3467 patrem
2695 3385 2822 3447 im-

702 3465 1025 3553 peratoris,
1056 3488 1173 3554 per
1207 3466 1419 3530 literas
1448 3466 1912 3530 consulendum
1957 3480 2236 3531 censent.
2331 3466 2468 3531 Iam
2508 3468 2564 3531 is
2604 3471 2816 3556 gravis

772 3664 801 3714 7
819 3655 926 3701 Sua
946 3656 1075 3703 obice
1094 3656 1365 3718 armisque]
1402 3652 1562 3703 Simili
1585 3653 1723 3702 obice
1787 3655 1872 3703 sed
1895 3655 2062 3715 plures
2087 3652 2280 3701 codices
2301 3660 2523 3703 servant:
2561 3670 2718 3717 quare
2743 3656 2814 3705 sic

703 3718 931 3765 arborum
954 3722 1003 3764 et
1023 3732 1251 3765 saxorum
1274 3719 1510 3778 clausam,
1529 3732 1721 3766 necnon
1787 3724 1968 3766 νει-ωε
2003 3718 2088 3765 alii
2111 3717 2238 3765 viam
2261 3719 2404 3767 obice
2423 3734 2654 3767 saxorum
2677 3722 2812 3769 clau·

702 3780 767 3828 ab
788 3779 987 3827 armatis
1008 3780 1227 3828 hostibus
1246 3787 1556 3841 occupatam.
1786 3796 1892 3830 sam
1919 3782 2066 3829 armis
2085 3781 2401 3843 aperiendam
2421 3798 2545 3841 esse,
2565 3784 2654 3831 alii
2679 3784 2810 3832 viam

770 3844 800 3891 8
841 3844 995 3891 Utilia
1016 3846 1175 3905 operi]
1212 3845 1413 3893 Scilicet
1432 3846 1723 3893 instrumen—
1787 3845 1988 3893 omnino
2008 3860 2186 3894 novam
2217 3860 2306 3907 per
2331 3847 2534 3895 adversa
2559 3848 2808 3897 montium

704 3912 759 3955 ta
777 3905 1058 3955 muniendis
1079 3907 1247 3955 castris
1264 3914 1396 3969 apta.
1433 3909 1602 3958 Domi„
1786 3911 2392 3972 tentandam‚quacunque
2411 3924 2548 3959 arma
2565 3910 2680 3959 ferri
2701 3918 2806 3974 pot-

768 3986 801 4035 9
827 3972 1121 4031 Eluderues]
1158 3972 1287 4021 Cum
1310 3988 1409 4021 non
1430 3974 1592 4021 solum
1613 3974 1722 4021 hos·
1787 3980 1942 4022 erant.

704 4040 781 4084 tes
822 4037 1031 4097 superbe
1068 4034 1305 4096 viderent,
1340 4038 1425 4085 sed
1468 4037 1564 4098 ipsi
1607 4052 1722 4085 cum
1853 4052 1881 4085 α
1917 4040 2070 4096 Quem
2097 4054 2192 4100 per
2215 4053 2376 4087 annot
2403 4040 2502 4087 ὅσαι
2529 4055 2690 4101 propo
2721 4043 2804 4089 tri-

706 4100 873 4147 dolore
906 4104 957 4147 et
988 4098 1205 4150 irrisione
1234 4102 1518 4157 niterentur,
1546 4100 1724 4149 frustra
1779 4102 1926 4162 pinta
1944 4104 2210 4162 vincimus]
2241 4102 2410 4151 Verba
2423 4102 2740 4163 gloriantium
2755 4111 2804 4152 et

705 4177 856 4223 opera
874 4178 964 4210 sua
986 4168 1037 4210 et
1057 4165 1272 4212 laborem
1294 4180 1414 4213 esse.
1450 4164 1618 4213 Donn-
1785 4180 1890 4213 rem
1919 4180 2276 4228 numerumque
2299 4167 2604 4228 augentium.
2669 4168 2801 4216 Sam·

776 4240 795 4271 t
831 4227 997 4281 Alius,
1013 4242 1108 4287 per
1134 4230 1287 4275 obices
1308 4230 1537 4285 viarum,·
1571 4230 1720 4286 alim,
1784 4229 1911 4277 nites
1923 4230 2136 4291 primum
2153 4230 2268 4279 vieti
2285 4245 2364 4280 un.
2383 4230 2450 4279 U.
2469 4230 2528 4279 C.
2543 4246 2658 4289 4¹²·
2673 4247 2802 4293 supr.

699 4298 795 4345 per
812 4290 1021 4336 adverm
1042 4292 1299 4347 montium]
1340 4288 1564 4337 Alterum
1587 4293 1719 4339 alim
1784 4291 1863 4339 vii.
1901 4307 1979 4353 33.
2022 4294 2247 4355 adeoque
2281 4299 2400 4343 ante
2435 4309 2594 4342 annos
2637 4294 2798 4356 viginti

706 4360 767 4393 ex
785 4348 1073 4397 auctoritate
1091 4351 1275 4399 Mureti
1298 4351 1479 4398 delevit
1502 4352 1715 4402 Bckker.
1781 4356 1919 4404 duos.
1955 4357 2090 4406 Rue.
2961 4364 2963 4504 Ι
