3000 4784
700 166 828 225 322
1476 158 1705 225 TITI
1764 158 2029 227 LIVII

375 302 445 351 U.
467 302 527 350 0·
553 299 662 364 ³6²·
749 315 924 361 reces
953 295 1156 359 multa
1175 294 1440 359 deorum
1464 295 1707 360 mentio
1736 308 1891 372 erat,
1916 294 2281 383 religiosum
2304 295 2471 382 parti
2494 294 2827 358 maximae

373 367 435 479 ᾗ·
458 366 528 478 ξ·
557 379 666 477 3ῗο·
731 383 860 448 uit:
910 395 979 449 et
1017 381 1225 469 legem
1255 403 1386 447 una
1423 380 1639 469 plures
1678 382 1879 447 tribus
1912 382 2350 469 antiquarunt,
2382 403 2581 468 quam
2616 381 2831 445 iusse-
2854 398 2893 440 s
2953 432 2954 437 ,

379 446 479 544 10¹2.
499 445 598 491 qua
619 446 678 478 ur
705 470 874 535 funt.
968 468 1286 556 Adeoque
1333 490 1410 533 es
1435 468 1701 533 victoria
1738 468 1908 535 laeta
1939 470 2237 535 Patribus
2270 469 2413 546 fluit,
2446 480 2522 533 ut
2560 478 2833 555 postero

705 556 832 634 die,
857 556 1276 622 referentibus
1297 555 1681 633 consulibus,
1700 556 2317 621 senatusconsultum
2348 556 2553 633 fieret,
2580 567 2655 619 ut
2684 552 2831 639 agri

708 642 1052 713 Veientani
1081 655 1346 729 septena
1384 644 1607 729 iugera
1633 642 1808 728 plebi
1846 643 2320 718 dividerentur3
2367 666 2491 707 nec
2530 641 2837 729 patribus

706 729 982 795 familiae
1013 742 1282 805 tantum,
1307 729 1420 793 sed
1437 742 1515 793 ut
1542 730 1829 793 omnium
1849 730 1918 793 in
1948 729 2140 794 domo
2164 730 2507 795 liberorum
2530 727 2831 815 capitum

708 816 870 881 ratio
899 815 1272 890 haberetur3
1319 814 1685 901 vellentque
1708 816 1777 879 in
1796 838 1937 881 eam
1968 838 2147 903 spem
2176 815 2407 882 liberos
2440 814 2685 879 tollere.

487 902 590 962 31.
798 902 897 966 Eo
927 925 1192 967 munere
1223 901 1490 966 delinita
1516 902 1723 988 plebe,
1756 902 1919 966 nihil
1948 914 2261 967 certatum
2290 915 2406 979 est,
2440 924 2575 987 quo
2606 902 2833 965 minus

383 984 453 1035 U·
476 986 535 1034 0·
561 984 669 1047 363·
710 988 1062 1053 consularia
1079 989 1338 1053 comitia
1359 988 1764 1053 haberentur.
1860 987 2081 1053 Creati
2103 988 2393 1053 consules
2414 988 2492 1051 L.
2518 985 2835 1051 Valerius

383 1050 672 1161 ἴξχὲιέἓὲ·
711 1075 982 1153 Potitus,
1017 1074 1112 1139 M.
1141 1074 1444 1151 Manlius,
1477 1075 1581 1139 cui
1616 1074 1985 1161 Capitolino
2020 1089 2242 1162 postea
2266 1074 2391 1139 fuit
2432 1095 2823 1160 cognomen.
2854 1096 2895 1143 9

385 1178 572 1236 Potito,
591 1177 664 1227 M.
713 1160 808 1227 Hi
848 1162 1138 1226 consules
1177 1183 1440 1247 magnos
1473 1160 1659 1225 ludos
1687 1161 1916 1239 fecere,
1948 1184 2107 1249 quos
2150 1160 2246 1225 M.
2273 1160 2504 1225 Furius
2544 1160 2833 1225 dictator

383 1241 576 1355 {⁸³5⁰
709 1261 968 1314 voverat
984 1247 1246 1313 Veienti
1269 1247 1454 1313 belle.
1549 1246 1798 1311 Eodem
1816 1270 1987 1312 anno
2004 1248 2197 1313 aedes
2212 1246 2480 1313 Iunonis
2500 1246 2825 1333 Reginae,

429 1320 521 1354 ⁰⁸⁵
711 1337 792 1403 ab
821 1334 1048 1401 eodem
1081 1334 1390 1399 dictatore
1431 1332 1789 1420 eodemque
1830 1334 1999 1399 bello
2028 1348 2194 1412 vota,
2224 1333 2563 1399 dedicatur
2583 1358 2603 1397 t
2650 1332 2829 1397 cele-

709 1423 1079 1507 bratamque
1099 1420 1565 1485 dedicationem
1587 1420 1833 1507 ingenti
1854 1434 2283 1485 matronarum
2300 1420 2515 1485 studio
2532 1418 2823 1484 tradunt.

711 1506 968 1573 Bellum
1012 1507 1185 1572 haud
1229 1506 1637 1571 memorabile
1684 1508 1751 1571 in
1800 1506 2041 1594 Algido
2076 1530 2226 1571 cum
2271 1506 2521 1592 Aequis
2564 1518 2825 1592 gestum

709 1606 826 1670 est,
867 1593 1020 1657 fusis
1064 1593 1350 1657 hostibus
1391 1593 1568 1680 prius
1612 1616 1836 1680 paene,
1925 1614 2071 1659 uam
2118 1616 2343 1657 manus
2386 1606 2821 1657 consererent.

710 1678 990 1755 Valeri0,
1023 1680 1198 1765 quod
1227 1680 1729 1765 pemeverantior
1757 1703 1869 1745 cae
1918 1680 2102 1744 endis
2132 1680 2203 1743 in
2230 1680 2384 1765 fuga
2410 1678 2557 1755 fuit,
2592 1681 2827 1742 trium-

755 1764 912 1841 hus3
960 1765 1228 1842 Manli0,
1261 1778 1334 1829 ut
1363 1788 1559 1831 ovans
1588 1766 2029 1853 ingrederetur
2058 1768 2303 1843 urbem,
2334 1766 2671 1831 decretum
2704 1777 2821 1829 est.

773 1850 962 1915 odem
999 1874 1168 1915 anno
1197 1874 1434 1915 novum
1475 1852 1715 1917 bellum
1746 1876 1895 1917 cum
1924 1852 2435 1917 Volsiniensibus
2472 1864 2821 1917 exortum:

711 1960 841 2023 quo
887 1951 1144 2023 propter
1186 1938 1421 2002 famem
1463 1939 2019 2026 pestilentiamque
2066 1939 2135 2002 in
2172 1961 2323 2025 agro
2369 1938 2691 2013 Romarm,
2740 1960 2823 2001 ex

709 2023 990 2089 siccitate
1015 2024 1452 2110 caloribusque
1483 2025 1695 2089 nimiis
1724 2039 1945 2101 ortam,
1972 2026 2289 2090 exercitus
2316 2024 2468 2089 duci
2492 2024 2819 2110 nequivit:
2854 2046 2873 2077 ι
2953 2088 2954 2097 ,

384 2113 697 2164 Volsiniense
711 2110 794 2175 ob
817 2134 982 2197 quae
1014 2108 1466 2188 Volsinienses
1495 2110 1927 2198 Salpinatibus
1958 2112 2293 2188 adiunctis,
2316 2111 2617 2198 superbia
2644 2110 2822 2179 elati,
2848 2130 2875 2161 2
2952 2122 2954 2153 ἐ

383 2179 585 2229 benum.
711 2196 878 2261 ultro
939 2220 1119 2298 agros
1174 2198 1500 2262 Romanos
1546 2198 1962 2263 incursavere.
2056 2197 2312 2263 Bellum
2360 2196 2512 2261 inde
2564 2197 2825 2261 duobus

383 2290 457 2367 M·
481 2291 663 2341 Corne-
709 2284 962 2434 ffipuus
991 2284 1322 2349 indictum.
1403 2283 1481 2347 C.
1510 2283 1715 2349 Iulius
1744 2307 1967 2349 censor
1996 2284 2299 2349 decessit:
2344 2284 2415 2347 in
2444 2284 2583 2349 eius
2603 2282 2821 2349 locum
2842 2302 2873 2347 3

382 2356 670 2469 auffeffiunffr
828 2369 1166 2435 Cornelius
1195 2370 1527 2435 suffectus:
1579 2393 1743 2456 quae
1764 2393 1867 2437 res
2012 2384 2115 2435 tea
2143 2371 2254 2435 rel'
2306 2371 2437 2435 ioni
2456 2370 2617 2445 fuit3
2662 2369 2825 2469 quia

709 2479 789 2522 eo
854 2457 1052 2523 lustro
1113 2457 1324 2523 Roma
1395 2470 1492 2521 est
1564 2470 1767 2543 capta.
1958 2480 2033 2522 ec
2092 2456 2246 2521 dein
2292 2480 2329 2521 e
2400 2479 2689 2543 unquam
2750 2478 2819 2519 in

709 2543 1030 2609 demortui
1070 2542 1283 2609 locum
1331 2566 1557 2608 censor
1600 2544 1925 2609 sufficitur.
2021 2542 2539 2629 Consulibusque
2594 2543 2823 2608 morbo

709 2630 1030 2717 implicitis
1101 2630 1360 2717 placuit,
1433 2652 1549 2717 per
1628 2631 2069 2718 interregnum
2140 2629 2430 2693 renovari
2512 2629 2817 2716 auspicia.

711 2714 958 2801 Itaque,
1004 2739 1202 2802 quum
1249 2738 1330 2781 ex
1383 2716 1929 2781 senatusconsulto
1980 2715 2269 2781 consules
2321 2716 2693 2801 magistratu
2752 2738 2821 2779 se

779 2890 808 2936 8
849 2892 961 2939 Um
989 2892 1184 2951 plures]
1229 2892 1430 2941 Scilicet
1461 2906 1524 2941 ex
1558 2893 1726 2955 viginti
1795 2894 1869 2943 M.
1894 2894 2141 2943 Manlium
2176 2908 2445 2955 cognomen
2480 2894 2593 2952 hoc,
2622 2893 2820 2943 maiori-

712 2958 762 3000 et
784 2968 883 2999 una
903 2953 1126 3000 tribubus
1152 2954 1378 3002 undecim
1413 2956 1569 3019 legem
1604 2958 1727 3005 anti-

714 3016 947 3075 quabmt,
969 3031 1034 3063 sc.
1059 3031 1156 3064 non
1180 3016 1503 3079 accipiebant.

778 3094 810 3143 9
843 3080 938 3129 Oui
961 3080 1236 3142 Capitolino
1259 3088 1427 3145 postea
1447 3085 1585 3143 suit]
1620 3086 1727 3133 Eti-

714 3145 912 3203 amsuz't
929 3145 1096 3206 plures
1113 3146 1252 3195 codd.
1272 3146 1472 3206 habent,
1481 3149 1567 3196 sed
1584 3151 1731 3198 etiam

717 3207 850 3256 delet
873 3208 1086 3261 Bekker.
1146 3210 1298 3267 Quod
1321 3210 1360 3259 si
1383 3210 1507 3259 haec
1531 3227 1623 3259 vox
1646 3213 1727 3261 ad-

716 3272 957 3321 mittenda
999 3274 1080 3333 sit,
1115 3274 1376 3324 verisimile
1419 3282 1491 3324 est
1532 3275 1729 3323 Livium

717 3350 776 3383 eu
803 3336 1017 3385 indicare
1041 3338 1264 3398 voluisse,
1289 3340 1363 3388 M.
1389 3339 1579 3387 Manlio
1602 3346 1729 3401 post-

717 3414 778 3447 ea
807 3400 944 3448 uliud
978 3416 1264 3464 cognomen,
1285 3410 1336 3451 et
1357 3404 1555 3465 quidem
1584 3406 1727 3466 Capi-

717 3464 875 3523 nonni,
903 3464 1208 3526 impositum,
1229 3473 1286 3514 ut
1306 3482 1438 3530 supr.
1461 3468 1525 3517 iv.
1550 3466 1626 3517 26.
1676 3470 1727 3517 T.

719 3528 996 3588 Quinctius,
1017 3532 1072 3577 L.
1105 3532 1164 3579 F.
1200 3530 1543 3591 Oine-innatus,
1578 3534 1726 3582 eidem

717 3596 765 3637 et
795 3592 972 3641 Penne
1004 3609 1260 3655 menomen
1297 3597 1512 3645 additur.
1553 3596 1727 3646 Drux.

718 3652 925 3701 Constat
966 3660 1132 3703 tamen
1176 3657 1270 3707 hoc
1315 3675 1372 3707 co
1438 3675 1585 3709 omen
1630 3674 1727 3707 non

715 3716 1159 3830 ggivgmintffipisulse
1179 3723 1243 3769 ab
1267 3722 1360 3795 hoc
1441 3723 1590 3798 sulio.
1642 3722 1728 3837 ξι-

932 3814 942 3827 .
1041 3798 1104 3829 an
1125 3798 1220 3841 ius,
1291 3800 1342 3833 ui
1379 3801 1437 3833 su
1473 3803 1511 3835 r.
1550 3802 1613 3835 iv.
1688 3802 1726 3837 1.

717 3858 760 3891 v.
776 3843 821 3890 8.
839 3842 1064 3891 tribunus
1077 3800 1294 3894 militmii
1311 3802 1518 3908 crestiir,
1529 3850 1581 3898 in
1596 3850 1725 3899 Fest.

715 3906 879 3969 Capit.
903 3914 1120 3969 vocatur,
1143 3910 1202 3957 A.
1220 3911 1460 3961 Max-smus
1476 3915 1538 3962 A.
1558 3914 1614 3963 F.
1634 3915 1726 3964 Os.

715 3970 783 4020 N.
797 3970 983 4020 Vunso.
995 3972 1354 4025 Cum-omnus:
1388 3982 1438 4025 et
1455 3977 1571 4025 hinc
1586 3978 1725 4026 Men-

713 4034 782 4083 lio
803 4034 902 4084 ium
924 4037 1112 4085 consuli
1135 4052 1402 4101 cognomen
1434 4041 1529 4089 hoc
1558 4041 1727 4090 tribuit

713 4098 922 4163 Dionys.
990 4100 1169 4163 Itaque
1193 4104 1369 4153 Manlii
1400 4105 1557 4165 primo
1580 4106 1724 4167 Cepi-

711 4163 852 4211 tolini
875 4164 994 4212 dicti
1016 4172 1148 4226 sunt,
1169 4174 1224 4215 ut
1247 4168 1470 4229 Sigonius
1485 4169 1723 4229 observat,

1794 2958 1885 3005 bus
1917 2958 2016 3006 suis
2047 2958 2277 3015 inditum,
2295 2962 2464 3018 erepto
2486 2973 2517 3005 a.
2538 2957 2702 3006 Gallis
2722 2960 2819 3009 Ca·

1796 3022 1985 3083 pitolio,
2022 3022 2097 3070 vel
2132 3022 2292 3071 multo
2326 3021 2626 3083 praeclarius
2658 3022 2817 3071 reddi-

1795 3085 1939 3144 disse,
1960 3092 2017 3133 ut
2042 3086 2246 3148 Pighius
2266 3085 2483 3142 coniicit,
2498 3086 2577 3133 vel
2598 3085 2705 3133 iure
2726 3101 2819 3133 suo

1794 3149 1886 3197 sibi
1910 3150 2193 3199 vindicasse.
2230 3151 2291 3197 cf.
2314 3149 2425 3197 inst.
2449 3149 2516 3197 ix.
2550 3146 2619 3197 ι6.

1865 3228 1885 3260 1
1922 3214 2174 3273 Siccitate]
2215 3212 2405 3262 Eadem
2439 3228 2515 3261 res
2546 3228 2627 3274 ap.
2664 3212 2815 3261 Dion.

1800 3276 1921 3325 Exc.
1947 3277 2063 3327 Vnt.
2088 3277 2171 3325 xii.
2202 3278 2273 3325 18.
2296 3283 2533 3325 narratur.

1862 3355 1888 3388 α
1922 3342 2286 3403 Salpimtibm]
2342 3342 2405 3389 In
2436 3342 2645 3402 Salpina
2682 3343 2815 3389 urbis

1792 3404 1927 3453 illius
1948 3406 2140 3465 veteris,
2160 3420 2287 3467 quse
2310 3403 2457 3454 hodie
2480 3406 2696 3465 Orm‘eeo,
2709 3405 2757 3453 h.
2768 3422 2809 3453 e.

1800 3471 1926 3519 Urbs
1972 3471 2133 3527 Vetus,
2172 3474 2389 3526 voca-tur,
2432 3482 2613 3516 nomen
2660 3469 2813 3517 latere

1796 3538 1937 3595 putat
1974 3533 2024 3581 N
2028 3533 2179 3581 iebhr.
2214 3532 2266 3580 ii.
2302 3548 2350 3581 n.
2393 3532 2535 3587 1088,
2570 3533 2659 3581 sed
2694 3534 2810 3582 Om-

1792 3596 1945 3645 merio
1966 3597 2111 3646 aliter
2142 3597 2361 3658 placuit3
2392 3595 2476 3656 qui
2500 3598 2703 3647 Onn'm
2728 3613 2807 3645 an·

1794 3660 1999 3722 tiquitus
2018 3662 2311 3709 Hor-bunum
2330 3660 2497 3718 fiune,
2524 3666 2577 3707 et
2612 3660 2813 3723 vestigia

1790 3726 1986 3787 Salpini
2012 3724 2160 3773 hodie
2192 3738 2443 3785 superesse
2476 3722 2729 3774 existimat
2762 3726 2809 3772 in

1794 3795 1956 3837 vetere
1998 3788 2087 3837 ills
2128 3787 2354 3846 ecclesis,
2384 3789 2435 3836 S.
2462 3789 2715 3837 Giouoemu‘
2756 3791 2809 3836 ὲκ

1792 3854 1978 3912 Setina,
2010 3852 2145 3901 haud
2186 3852 2363 3915 procul
2396 3856 2587 3899 remoto.
2628 3867 2661 3900 a
2698 3853 2809 3903 &no

1794 3914 2113 3975 Voltumnae,
2144 3916 2261 3964 hod.
2306 3916 2509 3964 Vita-bo.
2592 3914 2675 3963 De
2708 3916 2808 3965 Sel-

1794 3978 2042 4041 pinstibus
2074 3980 2223 4028 unica
2256 3978 2445 4027 mentio
2482 3978 2615 4027 faeta
2644 3986 2723 4027 est
2758 3981 2805 4029 in

1792 4042 1985 4153 {roga
2006 4043 2145 4091 Fabii
2166 4042 2347 4092 Pictor.
2387 4042 2449 4091 cf.
2472 4042 2674 4093 Cluver.
2695 4044 2803 4093 Ital.

1839 4112 1908 4154 nt.
1934 4106 2000 4155 ii:
2042 4144 2054 4155 .

1854 4185 1881 4232 3
1918 4172 1970 4219 G.
2004 4122 2170 4219 {alim
2206 4173 2399 4230 emor]
2455 4168 2627 4219 Huius
2664 4172 2801 4220 colle-

711 4228 843 4287 quod
875 4228 925 4275 in
953 4228 1203 4290 Capitolio
1235 4230 1525 4280 habitarent.
1592 4232 1721 4281 Fieri
1786 4249 1898 4295 gam
1918 4233 2067 4283 fixisse
2086 4234 2144 4283 L.
2162 4233 2415 4295 Papirium
2434 4234 2699 4283 Cursorem
2716 4236 2799 4283 dis—

709 4294 875 4337 tamen
893 4296 1053 4350 potest
1070 4300 1126 4341 ut
1141 4293 1310 4341 Livius
1323 4294 1483 4342 dicere
1497 4296 1722 4355 voluerit,
1788 4296 1943 4345 cimus
1964 4298 2073 4348 inst.
2097 4298 2166 4346 ix.
2190 4312 2265 4359 34.
2297 4298 2459 4345 cuv.
