3000 4784
700 214 823 275 152
1464 203 1692 272 TITI
1749 203 2024 272 LIVII
2081 213 2092 222 ’

371 359 439 410 U.
462 361 521 418 Q.
546 375 657 426 0290.
694 341 1153 412 cumstantibus
1194 353 1467 428 ereptus,
1498 353 1568 406 et
1609 364 1868 407 suorum
1910 341 2154 408 animos
2195 340 2492 418 turbavit,
2525 353 2592 406 et
2624 339 2792 404 fero-

366 424 431 476 A.
464 427 522 476 Ο·
546 425 657 487 4⁶²·
694 431 895 496 ciores
938 431 1153 494 hostes
1190 428 1355 492 fecit.
1452 427 1608 506 Qui,
1639 427 1834 492 caede
1878 428 2071 516 legati
2115 440 2182 492 et
2222 427 2498 492 consulis
2525 426 2790 492 vulnere

695 516 963 594 accensi,
996 515 1172 580 nulla
1208 513 1443 578 deinde
1483 514 1546 577 vi
1585 514 1878 578 sustineri
1918 527 2204 601 potuere,
2237 537 2438 600 quum
2475 513 2792 600 compulsi
2815 541 2836 574 1

694 603 763 666 in
794 615 995 666 castra
1025 600 1303 666 Romani
1342 622 1557 664 rursus
1596 599 2056 679 obsiderentur,
2087 623 2208 664 nec
2247 623 2358 687 spe
2398 623 2521 666 nec
2551 599 2794 664 viribus

368 702 499 777 Ajr.
514 703 679 778 §zuin-
693 711 915 776 pares:
984 688 1386 772 venissetque
1444 687 1516 748 in
1573 685 1926 772 periculum
1983 709 2232 751 summa
2287 709 2520 762 rerum,
2581 687 2653 750 ni
2707 684 2786 750 T.

370 771 467 877 ξω)
490 768 663 817 libera-
700 774 1045 850 Quinctius
1089 772 1440 859 peregrinis
1486 772 1704 872 copiis,
1751 795 1898 836 cum
1943 773 2176 837 Latino
2219 772 2466 837 Hernic
2553 795 2636 836 ue
2677 794 2794 836 ex-

394 845 465 879 ur.
696 861 917 938 ercitu,
948 859 1357 924 subvenisset.
1440 857 1526 935 Is,
1557 871 1837 922 mtentos
1867 859 1935 922 in
1965 873 2168 924 castra
2197 796 2792 944 Romanffiequos

694 947 1015 1034 legatique
1074 958 1267 1032 caput
1322 944 1617 1008 ferociter
1673 957 2062 1010 ostentantes
2127 946 2208 1009 ab
2267 959 2448 1032 tergo
2507 944 2790 1022 adortus,

694 1032 883 1098 simul
922 1032 1005 1096 ad
1044 1032 1297 1118 signum
1332 1054 1371 1095 a
1408 1053 1475 1094 se
1521 1029 1742 1117 procul
1783 1030 2028 1094 editum
2073 1055 2156 1096 ex
2197 1032 2412 1096 castris
2451 1031 2792 1117 eruptione

694 1120 879 1196 facta,
921 1141 1215 1204 magnam
1256 1117 1383 1182 vim
1426 1117 1706 1182 hostium
1749 1117 2180 1182 circumvenit.
2274 1117 2495 1182 Minor
2539 1116 2790 1194 caedes,

694 1205 845 1356 ᾖξε
894 1205 1151 1272 effusior
1195 1204 1572 1289 Aequorum
1623 1202 1690 1266 in
1745 1225 1896 1290 agro
1948 1203 2071 1268 fuit
2117 1204 2450 1268 Romano:
2503 1205 2574 1268 in
2675 1225 2794 1268 uos

694 1313 739 1378 p
800 1305 955 1369 atos,
992 1291 1294 1377 praedam
1339 1305 1618 1376 agenteS,
1652 1288 2015 1354 Postumius
2059 1290 2302 1376 aliquot
2343 1289 2516 1366 locis,
2555 1291 2672 1374 qui
2717 1311 2794 1353 us

694 1392 1053 1478 opportuna
1096 1377 1481 1476 imposuerat
1523 1375 1855 1462 praesidia,
1886 1375 2198 1462 impetum
2233 1375 2430 1440 dedit.
2521 1375 2582 1439 Ii
2623 1376 2792 1462 vagi,

694 1463 997 1564 dissipato
1045 1485 1299 1549 agmine
1344 1463 1682 1549 fugientes,
1727 1460 1798 1524 in
1843 1460 2222 1536 Quinctium
2267 1462 2592 1538 victorem,
2639 1485 2793 1526 cum

694 1571 909 1613 saucio
966 1548 1225 1613 consule
1284 1561 1726 1624 revertentem,
1786 1547 2091 1613 incidere.
2211 1549 2384 1612 Tum
2443 1547 2794 1613 consularis

694 1635 1009 1699 exercitus
1052 1634 1307 1721 egregia
1394 1655 1565 1720 ugna
1609 1634 1881 1698 consulis
1923 1634 2174 1712 vulnuS,
2215 1634 2408 1722 legati
2453 1647 2518 1698 et
2561 1634 2796 1699 cohor-

692 1720 852 1784 tium
883 1720 1052 1784 ultus
1080 1733 1175 1784 est
1204 1742 1315 1784 cae
1363 1741 1485 1783 em.

780 1805 1060 1892 Magnae
1102 1805 1312 1869 clades
1352 1805 1522 1869 ultro
1569 1805 1856 1892 citroque
1904 1805 2029 1870 illis
2071 1805 2298 1870 diebus
2345 1819 2412 1870 et
2459 1806 2672 1870 illatae
2725 1819 2794 1871 et

692 1905 1007 1979 acceptae.
1120 1891 1399 1955 Difficile
1467 1891 1551 1955 ad
1615 1891 1810 1956 fidem
1883 1905 1980 1958 est
2049 1892 2118 1955 in
2179 1905 2310 1956 tam
2375 1893 2640 1978 antiqua
2697 1915 2792 1969 re,

692 1991 853 2064 quot
901 1977 1325 2065 pugnaverint
1362 1976 1805 2054 ceciderintve,
1851 1990 2074 2042 exacto
2117 1979 2426 2042 affirmare
2473 2001 2746 2042 numero
2769 2003 2788 2042 :

691 2064 887 2128 audet
944 2079 1157 2128 tamen
1218 2063 1451 2128 Antias
1512 2062 1805 2128 Valerius
1861 2065 2196 2163 concipere
2255 2086 2570 2128 summas:
2653 2065 2792 2129 Ro·
2811 2090 2840 2123 ι

692 2172 913 2215 manos
964 2150 1263 2215 cecidisse
1314 2150 1382 2213 in
1432 2148 1720 2214 Hernico
1766 2171 1916 2236 agro
1967 2173 2253 2236 qumque
2299 2150 2500 2214 millia
2544 2173 2618 2214 ac
2661 2164 2794 2216 tre-

668 2251 948 2301 ·centos:
996 2259 1078 2300 ex
1120 2235 1598 2323 praedatoribus
1635 2235 2030 2322 Aequorum,
2077 2237 2190 2323 qui
2233 2235 2676 2337 populabundi
2719 2239 2792 2301 in

691 2321 925 2387 finibus
957 2323 1263 2388 Romanis
1300 2323 1707 2408 vagabantur,
1750 2323 1829 2386 ab
1861 2323 1944 2388 A.
1980 2322 2309 2387 Postumio
2349 2322 2614 2388 consule
2655 2323 2792 2389 duo

690 2408 893 2473 millia
948 2422 1016 2473 et
1066 2408 1567 2496 quadringentos
1625 2431 1838 2474 caesos
1851 2433 1878 2478 0·
1947 2423 2222 2474 ceteram
2283 2409 2788 2487 multitudinem,

688 2495 989 2582 praedam
1121 2509 1355 2572 entem,
1404 2517 1570 2582 quae
1620 2494 1918 2560 inciderit
1966 2496 2034 2560 in
2091 2494 2493 2572 Quinctium,
2541 2518 2794 2582 nequa-

688 2604 883 2668 quam
912 2583 1051 2670 pari
1126 2583 1447 2649 efunctam
1474 2603 1612 2646 esse
1647 2581 1884 2645 caede:
1931 2580 2264 2646 interfecta
2299 2581 2452 2646 inde
2483 2594 2792 2666 quattuor

687 2668 924 2768 millia·
954 2681 1039 2746 et,
1088 2668 1502 2756 exsequendo
1549 2667 1864 2732 subtiliter
1907 2690 2266 2745 numerum,
2305 2668 2634 2744 ducentos,
2675 2670 2788 2745 ait,

684 2767 755 2819 et
782 2767 861 2818 tri
930 2767 1058 2819 nta-

776 2777 1177 2902 UtglRomam
1214 2837 1491 2902 reditum
1535 2852 1602 2903 et
1647 2838 1960 2903 iustitium
2007 2840 2338 2904 remissum
2384 2853 2500 2917 est,
2531 2838 2788 2906 eoelum

683 2923 890 2989 visum
954 2938 1052 2988 est
1116 2924 1335 2988 ardere
1397 2923 1673 3011 plurimo
1745 2925 1921 3011 igni3
1995 2938 2416 3012 portentaque
2480 2926 2606 2991 alia
2675 2941 2790 2992 aut

684 3009 1015 3074 obversata
1058 3009 1275 3086 oculis,
1332 3022 1441 3073 aut
1484 3032 1674 3073 vanas
1719 3011 2035 3074 exterritis
2078 3025 2470 3076 ostentavere
2517 3013 2782 3100 species

685 3093 811 3160 His
854 3095 1211 3160 avertendis
1256 3095 1596 3160 terroribus
1639 3095 1709 3159 in
1755 3096 2038 3162 triduum
2081 3098 2275 3162 feriae
2321 3098 2619 3176 indictae,
2665 3122 2788 3186 per

684 3203 842 3268 quas
888 3182 1104 3246 omnia
1148 3181 1415 3246 delubra
1462 3204 1686 3268 pacem
1731 3182 1924 3246 deum
1972 3185 2453 3332 exposcentium
2497 3185 2783 3250 virorum

681 3268 1150 3356 mulierumque
1192 3269 1377 3334 turba
1413 3268 1857 3355 implebantur.
1953 3268 2054 3332 Co
2101 3285 2269 3334 ortes
2311 3271 2462 3335 inde
2509 3270 2782 3335 Latinae

682 3352 1005 3419 Hernicae
1054 3377 1135 3418 ue
1166 3355 1245 3419 ab
1274 3370 1519 3431 senatu,
1550 3355 1767 3441 gratiis
1797 3356 1880 3419 ob
1911 3354 1996 3418 im
2047 3357 2244 3442 igram
2277 3357 2568 3422 militiam
2599 3359 2780 3435 actis,

679 3440 973 3504 remissae
1051 3462 1245 3505 omos.
1337 3441 1652 3518 AntiateS,
1683 3440 1857 3504 mille
1899 3442 1986 3505 mi
2015 3456 2150 3519 iteS,
2183 3444 2335 3530 quia
2371 3467 2582 3508 serum
2619 3457 2824 3507 aux-3

758 3699 777 3732 1
825 3687 986 3743 Quum
1028 3685 1285 3747 compulsi]
1346 3683 1494 3741 Quin.
1534 3681 1692 3730 Cana.
1757 3679 1978 3742 scriptor,
2001 3679 2233 3729 Sisennae
2255 3681 2494 3743 aequalis,
2513 3689 2637 3731 teste
2658 3684 2776 3733 Vel·

677 3753 729 3796 et
768 3749 929 3796 Caav.
1002 3750 1136 3805 Quin
1171 3750 1321 3810 pulei.
1368 3747 1478 3795 MS.
1525 3743 1692 3795 veith.
1757 3744 1873 3803 lein,
1899 3743 1948 3792 ii.
1971 3759 2019 3808 9.
2085 3745 2230 3792 Vixit
2261 3761 2373 3808 ergo
2406 3747 2621 3807 Syllanis
2651 3753 2776 3796 tem-

677 3811 927 3860 Gronovio
948 3827 1142 3873 quoque
1172 3827 1261 3874 pro
1288 3827 1439 3873 quum
1472 3807 1595 3856 ratio
1623 3809 1691 3856 lo-
1757 3808 1966 3870 poribus.
2049 3807 2172 3856 Eius
2215 3825 2339 3870 opus
2381 3825 2588 3872 magnae
2631 3811 2780 3860 molis

676 3876 858 3936 quendi
896 3882 947 3924 et
984 3875 1215 3924 orationis
1253 3889 1409 3923 nexus
1450 3873 1693 3934 imperare
1755 3871 1866 3932 fuit,
1883 3871 2020 3920 cuius
2043 3873 2220 3920 librum
2241 3873 2376 3922 lxxv.
2399 3881 2640 3922 memorat
2657 3875 2775 3924 Gel-

678 3939 932 3988 videbatur
956 3942 1095 4002 quin,
1116 3939 1201 3988 sed
1222 3937 1281 3985 τὸ
1300 3955 1451 4002 quum
1484 3939 1608 3985 bene
1641 3951 1692 3984 se
1757 3936 1868 3994 lius,
1903 3936 1980 3986 vii.
2009 3951 2056 3999 9.
2122 3937 2362 4000 Suspecta
2398 3938 2504 3986 eius
2541 3938 2666 3988 fides
2703 3947 2778 3988 est

674 4003 857 4060 habet;
900 4005 1083 4065 pendet
1121 4003 1249 4052 enim
1288 4019 1323 4050 a
1358 4003 1564 4058 deinde‚·
1614 4015 1692 4048 ac-
1759 3999 1918 4058 Livio,
1963 4001 2046 4062 qui
2089 4016 2201 4048 eum
2245 4001 2405 4064 arguit
2459 4001 2509 4049 in
2559 4004 2780 4052 numeris

676 4068 808 4116 censi
848 4067 1010 4116 hostes
1040 4069 1228 4126 deinde,
1260 4083 1409 4130 quum
1446 4079 1610 4112 rursus
1640 4065 1692 4112 in
1755 4065 1990 4126 augendis
2025 4064 2574 4126 intemperantissimum
2609 4067 2778 4126 frume,

674 4138 833 4181 castra
850 4131 1088 4194 compulsi
1108 4131 1321 4178 Romani
1343 4128 1695 4187 obsiderentur,
1757 4128 1924 4176 xxxvi.
1941 4129 2015 4189 38.
2034 4134 2181 4190 atque
2199 4129 2346 4176 etiam
2365 4129 2608 4178 mendacii
2627 4132 2777 4192 plane

675 4197 815 4243 nulla
853 4196 899 4242 vi
938 4193 1160 4242 sustineri
1199 4195 1477 4254 potuerunt.
1519 4191 1687 4240 Dosa.
1751 4193 1965 4250 arcessit,
1987 4193 2120 4240 xxvi.
2144 4207 2220 4256 49.
2256 4195 2418 4242 (ἷκεν.

676 4260 809 4314 Quin
832 4259 881 4305 in
906 4263 1096 4306 textum
1118 4257 1333 4318 reposuit
1356 4255 1569 4303 Bekker.
1819 4269 1848 4316 3
1881 4257 2126 4316 Antiates,
2147 4259 2276 4306 mille
2297 4257 2496 4316 milites]
2533 4273 2600 4305 sc.
2627 4259 2772 4308 Colo-

750 4335 779 4368 α
818 4323 1001 4369 Antias
1044 4320 1291 4378 Valerius]
1360 4317 1688 4367 Historiarum
1751 4333 1841 4368 nos
1871 4319 2074 4368 Antium
2113 4335 2271 4382 nuper
2307 4319 2494 4380 missoe,
2527 4326 2774 4372 trecentos
