3000 4784
806 242 998 308 LIB.
1048 242 1235 309 VIII.
1296 242 1520 311 CAP.
1569 250 1629 309 8.
2125 248 2256 309 459

32 390 51 435 3
81 376 275 439 hos
316 378 793 479 sequebantm,
794 380 1025 443 scutati
1062 402 1302 456 omnes,
1334 379 1688 479 insignibus
1725 378 2002 443 maxime
2045 378 2250 443 armis.
2275 394 2562 457 U.c.415.

32 483 61 530 >
94 461 311 525 Hoc
342 475 601 563 tngmta
626 464 1125 565 manipulorum
1280 488 1363 529 en
1402 464 1798 565 antepilanos
1831 462 2254 551 appellabant,
2272 460 2335 509 A.
2369 460 2428 509 C·
2453 471 2563 521 337·

32 576 49 607 ι
90 547 315 647 quia
340 475 535 613 subsi
718 550 847 613 iam
878 550 989 615 alii
1016 550 1258 637 quine
1220 551 1386 615 ecim
1422 550 1680 615 ordines
1715 549 2126 615 locabantur:
2174 572 2258 613 ex

32 661 73 833 Ξ
96 633 395 784 (ἐὲιὶιιιι
452 658 491 699 o
568 639 1105 735 ounusquiaque
1165 650 1289 701 tres
1344 648 1558 723 partes
1615 636 1902 701 habebat.
2018 634 2260 699 Earum

402 744 677 808 namque
700 722 983 821 primum
1010 722 1215 808 pilum
1242 722 1572 787 vocabant.
1639 722 1874 786 Tribus
1900 744 1982 785 ex
2012 720 2262 785 vexillis

32 792 383 899 *consta-1,
462 820 526 871 t.
573 806 876 871 vexrllum
917 821 1177 873 centum
1214 809 1538 895 octoginta
1575 830 1687 871 aex
1727 808 2017 872 homines
2057 818 2256 871 erant.

33 900 81 1027 ξ
108 892 451 957 Ριιιιιιιιιι
479 892 783 957 vexillum
812 894 1057 959 trial-ios
1084 893 1378 971 ducebat,
1409 912 1780 959 veteranum
1818 892 2086 958 militem
2117 915 2261 980 spe-

217 1086 253 1133 8
275 1087 785 1159 Iroeiynibmmoeaeime
800 1088 977 1163 omis]
1004 1087 1079 1137 Ut
1096 1086 1179 1147 qui
1247 1088 1307 1137 cf
1334 1088 1541 1137 Niebhr.
1565 1087 1630 1137 iii.
1649 1104 1696 1137 n.
1721 1090 1824 1151 185.

118 1165 213 1197 εκ
266 1149 431 1211 prima
464 1151 619 1199 classe
652 1150 943 1212 conscripti.
984 1150 1037 1197 hi
1069 1166 1181 1199 vero

114 1214 381 1273 yladmm
403 1214 681 1275 portabant,
702 1216 883 1263 hastati
904 1220 1072 1262 autem
1094 1214 1178 1263 ad-

124 1276 256 1324 huc
279 1278 496 1325 cultrum
518 1277 805 1327 retinebant.

216 1354 255 1403 9
290 1342 643 1403 Anceps‘lanos]
691 1342 897 1403 Quippe
928 1341 1025 1389 hoc
1056 1346 1179 1389 tem-

128 1418 281 1465 pore
298 1406 467 1452 triarii
488 1404 603 1465 pilis
616 1405 709 1453 soli
724 1406 999 1454 utebantur.
1045 1406 1183 1454 Cave

128 1474 353 1525 autem,
401 1468 571 1517 credas
614 1468 812 1517 omnino
851 1467 979 1517 Livii
1024 1468 1181 1516 verbis

130 1530 201 1577 in
254 1530 357 1579 hoc
394 1530 575 1593 capite,
612 1533 697 1593 qui
730 1548 831 1580 non
868 1532 990 1581 vidit
1030 1531 1181 1579 aliam

134 1595 261 1642 alio
296 1599 521 1657 tempore
542 1596 752 1643 formam
773 1598 977 1657 baianis
998 1596 1181 1643 Rom

136 1655 267 1706 nae·
296 1657 465 1719 fuisse,
504 1666 555 1707 et
588 1660 683 1707 hoc
721 1665 941 1721 tempore
974 1659 1183 1721 primam

138 1720 395 1771 ordinum
454 1723 777 1771 mutationem
842 1722 1184 1771 tantummodo

138 1786 352 1833 fictam
396 1800 517 1835 esse.
565 1787 741 1861 Polyb.
780 1786 843 1835 vi.
881 1800 961 1845 ιι,
1000 1799 1076 1835 22.
1122 1787 1185 1834 de

1849 1088 1954 1153 r.96
1973 1088 2052 1139 cui
2073 1090 2172 1139 alia
2187 1106 2260 1139 ra-

1245 1152 1315 1201 tio
1344 1152 1477 1201 hunc
1505 1154 1690 1201 nodum
1723 1154 2016 1213 expediendi
2045 1154 2097 1203 in
2125 1170 2262 1203 men-

1244 1221 1347 1265 tem
1370 1216 1623 1273 succurrit.

1309 1294 1338 1342 3
1370 1282 1568 1339 Pilum]
1619 1280 1787 1328 Pilum
1820 1278 2070 1342 proprium
2101 1280 2260 1329 fuerat

1244 1343 1403 1405 primo
1446 1343 1602 1391 telum
1647 1343 1976 1393 Τιιιιιοιιιιιιι
2033 1344 2167 1392 unde
2207 1348 2262 1392 et

1242 1408 1451 1457 Pilum·
1475 1422 1576 1465 eos,
1597 1412 1648 1455 et
1672 1412 1832 1455 totum
1865 1406 2009 1456 illum
2039 1406 2260 1455 ordinem

1242 1473 1413 1519 Pilum
1430 1472 1766 1533 appellabant.
1831 1471 2014 1519 Postea
2033 1470 2136 1533 pilo
2155 1470 2260 1519 Ha-

1244 1534 1357 1583 stati
1374 1539 1425 1582 et
1444 1534 1699 1596 Principes
1717 1532 1818 1583 usi:
1851 1533 2026 1583 Triarii
2045 1550 2158 1581 vero
2175 1550 2264 1597 pro

1246 1598 1361 1660 pilis
1374 1602 1742 1659 asumpserunt
1757 1597 1933 1647 hastas.
1959 1598 2076 1647 vid.
2087 1598 2263 1660 Polyb.

1248 1662 1309 1710 vi.
1335 1676 1411 1723 23.
1479 1662 1632 1711 Porro
1665 1661 1755 1724 pili
1787 1662 2090 1710 hastileerat
2113 1662 2264 1709 trium

1248 1725 1556 1775 cubitorum:
1591 1726 1772 1773 ferrum
1799 1727 2002 1774 extabat
2033 1725 2098 1773 ad
2131 1724 2264 1773 cubi-

1248 1794 1355 1837 tum
1379 1794 1431 1836 et
1451 1788 1713 1838 semissem.
1766 1790 1943 1851 Itaque
1965 1788 2091 1837 iusta
2111 1788 2264 1851 longi-

142 1850 327 1897 forma
361 1849 569 1911 legionis
600 1864 676 1899 ιιιι
708 1848 943 1912 temporis
972 1850 1187 1898 multum

144 1912 361 1961 diversa
380 1914 610 1991 loquitur.

234 1992 255 2024 1
286 1978 391 2026 Sub
411 1980 566 2039 siquis
586 1980 686 2026 iam
706 1979 797 2026 alin·
818 1978 1091 2041 quindecim
1112 1994 1185 2026 or-

148 2042 345 2089 dines.
408 2058 507 2091 ,0ae
526 2043 703 2105 quibus
722 2040 862 2102 ὸνιὶο]
914 2042 1076 2090 Locus
1096 2040 1185 2089 dif-

154 2104 485 2153 ficillimuset
498 2120 653 2167 prope
667 2106 1023 2154 conclamatum
1046 2104 1187 2166 quip-

156 2168 549 2281 ῗέξὲοξὶωρέῗ
562 2168 1189 2280 ssssrsszsffiffiffl

160 2310 283 2343 rum
306 2294 515 2355 ordines,
534 2310 602 2345 sc.
628 2295 951 2358 quadraginta
976 2295 1192 2369 quinque

162 2358 439 2421 manipuli,
474 2359 578 2409 sive
618 2359 885 2422 nonaginta
928 2358 1189 2408 centuriae.

168 2422 311 2471 Fieri
332 2430 499 2471 tamen
522 2428 701 2485 potest,
716 2429 773 2472 ut
791 2425 974 2473 rorarii
990 2422 1192 2471 minime

166 2484 223 2533 in
278 2486 387 2534 acie
430 2487 660 2535 confertis
702 2486 949 2535 ordinibus
991 2490 1191 2544 starent,

166 2550 365 2623 quippe
392 2550 495 2611 qui,
526 2550 648 2599 levis
683 2556 959 2599 armaturae
990 2548 1195 2608 milites,

168 2612 1195 2739 33¹5¹3¹¹23132322²33⁶5ffi¹032¹¹100203

172 2747 229 2790 et
262 2756 403 2789 arma
435 2748 737 2791 mortuorum
771 2742 1103 2798 succederent,
1134 2740 1194 2787 ιι-

172 2804 365 2853 militer
405 2806 539 2855 haud
588 2805 931 2867 manipulatim
972 2802 1197 2853 instructi

176 2874 343 2917 essent
356 2886 371 2917 ι
406 2870 539 2917 unde
568 2870 747 2927 evenit,
768 2874 825 2917 ut
852 2869 915 2918 de
946 2868 1197 2917 ordinibus

176 2932 469 2981 rotariorum
508 2938 559 2983 et
593 2948 909 2983 accensorum
946 2946 1197 2992 nunquam

178 3012 340 3045 sermo
370 3003 513 3056 esset,
535 2998 621 3045 sed
643 2998 707 3045 de
727 2998 921 3046 ves-Ulia
946 3010 1115 3044 eorum
1141 3000 1198 3042 ut

178 3059 285 3121 qui,
304 3066 541 3122 tanquam
572 3060 829 3119 vexillarii,
858 3060 1039 3107 leviore
1070 3058 1197 3106 mili-

178 3124 253 3173 tia
274 3124 363 3173 usi.
420 3126 653 3174 Ceterum
676 3140 765 3199 pro
786 3094 985 3187 vulgato
1006 3124 1199 3171 ordines

179 3189 353 3237 ordine
374 3188 569 3251 reponit
590 3187 801 3263 Lipsius,
822 3193 911 3236 aut
932 3186 1095 3249 potius
1118 3201 1197 3233 vo-

182 3266 289 3300 cem
308 3254 503 3302 ordines
517 3252 717 3301 omnino
732 3252 995 3299 delendam
1011 3250 1201 3308 suadet,

182 3322 233 3365 et
262 3317 387 3365 alios
414 3317 687 3389 quindecim
714 3314 991 3377 manipulos
1020 3313 1200 3362 intelli-

180 3378 281 3441 git.
314 3381 404 3428 sed
438 3382 631 3429 ordines
660 3378 735 3427 illi
762 3380 853 3427 sub
880 3380 1033 3441 eiynis
1066 3377 1201 3425 haud

183 3443 333 3492 dubie
366 3444 516 3506 triplo
548 3444 661 3518 plus
692 3442 1026 3501 continebant,
1052 3454 1201 3503 quam

184 3508 381 3556 ordines
400 3508 810 3569 antepilanorum.

248 3586 277 3619 a
314 3574 511 3621 Earum
535 3586 928 3635 unamquamque
955 3570 1197 3633 primum]

186 3636 427 3694 Primam,
463 3636 595 3697 quod
629 3635 825 3697 Lipsius
866 3634 1203 3707 reponendum

186 3700 379 3759 suadet,
423 3698 671 3749 Crevierio
714 3698 837 3757 iure,
877 3704 934 3745 ut
977 3697 1100 3745 mihi
1136 3695 1201 3743 vi-

188 3764 347 3821 detur,
366 3764 579 3812 arridet:
615 3763 748 3824 quod
776 3762 817 3811 si
844 3761 917 3810 ita
940 3762 1204 3810 emendata

188 3828 251 3875 sit
270 3828 437 3884 lectio,
453 3828 639 3889 quippe
658 3832 852 3875 tantum
874 3840 972 3873 non
994 3825 1205 3873 absurda

189 3896 239 3941 et
262 3890 474 3939 ridicula
498 3892 697 3953 vulgata
717 3895 807 3948 est,
829 3904 956 3965 quae
982 3890 1204 3950 sinyulas

184 3963 353 4017 partes
382 3970 543 4005 omnes
569 3958 760 4018 primas
786 3952 935 4001 fixisse
956 3952 1145 4027 dictas
1131 3966 1202 3998 ιιι-

191 4019 384 4094 telligit,
412 4018 483 4068 sic
518 4024 702 4068 vertas·
738 4017 949 4077 ordines,
980 4014 1065 4077 qui
1097 4019 1209 4077 poet

191 4083 325 4145 signa
362 4084 577 4141 stabant,
612 4082 789 4144 singuli
820 4082 870 4129 in
908 4088 1009 4129 tres
1045 4086 1209 4141 partes

192 4147 331 4196 divisi
352 4152 492 4196 sunt:
516 4162 722 4209 quarum
746 4159 1068 4207 unaquaeque
1083 4159 1207 4206 pars

190 4214 351 4273 prima
372 4212 535 4273 pilum
556 4212 850 4261 vocabatur.
886 4208 1101 4257 secunda
1121 4222 1205 4254 au·

196 4282 291 4323 tem
312 4282 363 4324 et
384 4274 530 4325 tertia
550 4280 715 4339 partes
729 4274 910 4324 vexilla
926 4272 1059 4321 (licta
1078 4276 1205 4320 sunt.

1250 1854 1371 1901 tudo
1400 1852 1552 1901 totius
1583 1854 1673 1916 pili
1703 1858 1808 1901 erut
1827 1858 2060 1915 quattuor
2080 1852 2266 1901 cubito-

1250 1932 1359 1965 rum
1398 1932 1512 1965 eum
1551 1917 1765 1977 sentisse,
1797 1918 1900 1965 sive
1937 1922 2140 1992 septem
2165 1916 2268 1965 fere

1252 1980 1451 2042 pedum.
1495 1981 1864 2029 Accuratiotem
1881 1980 1970 2042 pili
1986 1979 2268 2041 descriptio-

1252 2058 1365 2091 nem
1390 2044 1499 2091 vide
1525 2046 1660 2105 apud
1686 2045 1860 2105 Polyb.
1885 2048 1936 2091 et
1956 2044 2020 2091 ad
2043 2058 2152 2091 earn
2181 2058 2266 2091 no-

1252 2112 1329 2155 tas
1350 2106 1526 2167 Lipsii‚
1545 2107 1610 2155 de
1631 2106 1743 2155 Mil.
1767 2107 1916 2155 Rom.
1937 2106 2006 2155 ιιι.
2023 2124 2070 2167 4.
2105 2107 2268 2156 Cur.

1316 2188 1348 2230 4
1374 2172 1550 2217 Tribus
1570 2186 1632 2218 ea·
1653 2171 1844 2219 vexillis
1863 2172 2136 2230 cantabat]
2167 2170 2268 2219 Sei·-

1253 2232 1371 2281 licet
1404 2234 1522 2281 ordo
1559 2232 1923 2293 unusquisque:
1972 2232 2158 2294 quippe
2191 2234 2270 2294 pi-

1254 2298 1357 2345 lum
1390 2295 1471 2344 hic
1507 2296 1638 2344 inter
1669 2296 1850 2343 vexilla
1887 2302 2268 2345 annumeratur:

1255 2362 1370 2409 ordo
1394 2366 1562 2409 autem
1599 2359 1948 2433 unusquisque,
1981 2374 2080 2408 non
2119 2359 2272 2408 vexil-

1256 2424 1379 2482 lum,
1412 2429 1611 2473 centum
1643 2423 1892 2485 octoginta
1927 2439 2013 2473 sex
2049 2423 2274 2473 homines

1256 2488 1556 2548 continebat,
1569 2488 1754 2549 quippe
1773 2486 1824 2534 hi
1846 2486 2040 2535 ordines
2054 2486 2137 2548 qui
2160 2492 2272 2549 post

1256 2550 1393 2613 sig-na
1422 2552 1637 2609 stabant,
1663 2556 1761 2598 tres
1791 2550 2072 2611 manipulos
2103 2556 2154 2598 et
2184 2564 2272 2597 sex

1258 2613 1565 2663 centuriones
1582 2614 1846 2672 habebant,
1857 2628 2066 2675 quorum
2087 2614 2274 2676 primus

1258 2678 1542 2753 manipulus
1564 2677 1856 2738 triariorum,
1876 2677 2118 2726 secundus
2143 2692 2272 2725 rora-

1258 2740 1456 2800 riorum,
1477 2741 1650 2789 tertius
1670 2755 1998 2789 accensorum.

1326 2818 1353 2868 5
1386 2807 1485 2855 Sca·
1504 2807 1718 2855 homines
1739 2807 1907 2864 nant]
1951 2804 2114 2853 Voces
2134 2820 2166 2853 a
2186 2806 2273 2853 tri-

1261 2870 1349 2918 bus
1364 2886 1427 2919 ea·
1448 2870 1638 2918 ves-illis
1659 2884 1812 2931 usque
1828 2870 1894 2917 ad
1907 2875 2052 2918 erant
2067 2868 2278 2917 unciolis

1260 2933 1459 2981 inclusit
1481 2933 1663 2981 Stroth.
1733 2932 1888 2981 Haud
1916 2932 2064 2981 dubie
2087 2933 2276 2994 aliquid

1260 2998 1548 3045 mendosum
1582 2996 1664 3045 hic
1699 2998 1820 3045 latet
1851 2997 1952 3045 sive
1989 3012 2052 3045 ex
2088 2996 2278 3045 incuria

1264 3059 1389 3109 Livii
1434 3060 1727 3122 profectum,
1761 3060 1842 3123 qui
1887 3062 2090 3109 annales
2129 3062 2278 3109 libros

1261 3140 1518 3186 perperam
1561 3124 1910 3186 interpretatus
1947 3130 2038 3181 est,
2075 3124 2176 3172 sive
2213 3138 2276 3171 ex

1262 3188 1415 3236 nimia
1458 3187 1761 3235 librariorum
1797 3202 1930 3245 cura,
1964 3187 2046 3247 qui
2090 3187 2278 3247 aliquid

1264 3251 1428 3299 aliena
1457 3266 1608 3298 manu
1641 3250 1876 3312 scriptum
1907 3250 1956 3296 ιιι
1987 3254 2180 3297 textum
2205 3249 2278 3297 in-

1265 3314 1540 3363 fercierunt.

1329 3376 1360 3427 6
1397 3380 1637 3438 Triarius]
1677 3376 1757 3426 Sic
1790 3376 1964 3436 dictos,
1995 3382 2121 3425 teste
2154 3377 2278 3425 Var-

1264 3456 1398 3501 rone,
1420 3441 1551 3503 quod
1585 3442 1636 3515 in
1669 3441 1774 3489 acie
1796 3442 1938 3489 tertio
1959 3440 2128 3489 ordine
2149 3442 2279 3489 loca-

1262 3508 1463 3554 bantur·
1499 3505 1576 3553 vel
1595 3504 1632 3553 si
1654 3502 1928 3553 Niebuhr-io
1943 3504 2280 3564 assentiamur,

1266 3570 1397 3631 quod
1436 3584 1464 3617 e
1503 3568 1704 3631 singulis
1737 3569 1894 3616 tribus
1926 3569 2160 3616 alaeam
2197 3569 2280 3616 de-

1268 3649 1373 3682 cem
1414 3632 1656 3681 centurias
1689 3630 1987 3694 conscriptas
2018 3631 2279 3682 habebant.

1272 3698 1545 3771 Tereum-ioe-
1587 3695 1768 3757 alioqui
1825 3697 2069 3745 vocandos
2115 3702 2281 3745 censet

1268 3760 1471 3810 Niebhr.
1494 3758 1563 3809 ιιι.
1586 3776 1636 3809 ιι,
1665 3774 1769 3824 195.

1342 3837 1368 3887 7
1412 3826 1702 3874 Veteranum
1739 3826 1962 3883 militm]
2035 3825 2112 3874 Ut
2148 3840 2204 3873 su
2209 3841 2281 3888 p.r

1266 3890 1497 3939 iuvenum
1513 3890 1896 3963 pubescentium.
1935 3890 2033 3937 Sed
2049 3889 2130 3937 hic
2147 3890 2282 3937 haud

1267 3952 1415 4006 dubie
1445 3950 1724 4015 posterioris
1747 3953 1982 4014 temporis
2001 3966 2186 4000 morem
2209 3966 2280 3999 re-

1270 4016 1413 4079 spicit
1466 4022 1648 4074 noster,
1689 4016 1874 4077 quippe
1924 4016 2018 4063 hoc
2059 4020 2282 4075 tempore

1270 4082 1485 4129 iuniores
1508 4094 1676 4128 omnes
1707 4079 1758 4127 in
1792 4080 1956 4126 hostes
1983 4078 2118 4126 ducti
2150 4082 2282 4136 sunt,

1267 4146 1479 4194 seniores
1521 4144 1584 4191 ad
1629 4144 1790 4191 subita
1832 4142 1946 4189 belli
1999 4138 2283 4197 ministeria,

1269 4213 1504 4268 tanquam
1537 4206 1718 4255 milites
1744 4204 2034 4263 subsidiarii,
2055 4202 2188 4251 domi
2209 4218 2283 4251 as-

1270 4272 1598 4320 servabantur.
