3000 4784
848 219 1038 287 LIB.
1096 222 1184 288 II.
1248 222 1469 291 CAP.
1526 235 1632 293 40.
2169 226 2286 291 117

180 356 385 421 matri
414 356 638 423 obviae
668 358 1093 447 complexum,
1116 359 1346 425 mulier
1373 362 1441 426 in
1470 362 1630 426 iram
1659 382 1740 426 ex
1771 361 2062 449 precibus
2089 380 2286 436 versa,
2309 372 2376 421 U.
2399 370 2458 420 c.
2483 366 2592 417 266.

132 458 167 504 8
184 452 207 480 ‘
234 442 417 521 Sine,
447 444 819 531 priusquam
864 446 1267 533 complexum
1308 448 1571 536 accipie,
1617 448 1850 524 sciam,’
1888 446 2117 547 inquit,
2165 454 2185 484 ‘
2206 437 2366 510 adA-
2401 436 2460 485 C.
2482 430 2594 495 ⁴⁸⁶·

186 540 207 566 ‘
226 530 504 607 hostem,
536 554 621 595 an
648 532 731 595 ad
758 531 984 609 filium,
1014 534 1331 598 venerim:
1378 536 1628 621 captiva
1663 547 1946 599 materne
1977 557 2046 598 m
2073 533 2290 597 castris

186 616 363 680 ‘tuis
400 617 567 681 sim?
653 617 733 682 In
764 618 884 683 hoc
916 642 1017 683 me
1047 619 1241 707 longa
1265 621 1397 686 vita
1430 634 1497 685 et
1533 620 1757 686 infelix
1792 633 2049 686 senecta
2075 619 2288 696 traxit,

186 711 207 739 ‘
227 715 307 767 ut
336 702 625 768 exsulem
656 722 741 781 te,
764 705 999 771 deinde
1030 706 1277 771 hostem
1306 707 1590 773 viderem
1607 710 1637 771 Ρ
1694 706 1969 773 Potuisti
2083 705 2289 793 pulari

188 796 207 825 ‘
224 788 403 854 hanc
460 802 711 867 tem,
764 814 929 879 quae
988 804 1053 857 te
1111 793 1335 879 genuit
1390 806 1584 881 atque
1642 793 1849 859 aluit?
1936 729 2090 858 Ngg
2149 791 2286 869 tibi,

186 884 209 912 ‘
226 876 523 1026 gigamvis
568 876 797 942 infesto
841 878 1053 943 animo
1098 893 1163 944 et
1206 880 1439 945 minaci
1477 903 1872 968 perveneraS,
1903 878 2288 967 ingredienti

188 970 211 998 ‘
326 985 397 1027 es
447 964 541 1028 ira
590 965 865 1029 cecidit?
916 988 1067 1043 non,
1120 988 1321 1053 quum
1371 969 1439 1031 in
1490 980 1838 1055 conspectu
1888 966 2110 1030 Roma·
2145 964 2284 1041 fuit,

188 1050 577 1114 ‘succurritz
624 1050 793 1115 intra
829 1050 939 1116 illa
975 1054 1229 1118 moenia
1263 1053 1491 1118 domus
1536 1078 1610 1118 ac
1645 1066 1908 1141 penates
1947 1052 2074 1115 mei
2116 1064 2286 1128 sunt,

188 1144 456 1212 ‘mater,
517 1138 773 1214 coniux,
806 1136 1185 1226 liberique?
1274 1139 1447 1227 Ergo
1509 1164 1628 1227 ego
1693 1140 1815 1203 nisi
1879 1162 1960 1226 pe
2047 1138 2282 1214 rissem,

190 1232 209 1259 ‘
230 1222 449 1286 Roma
486 1246 618 1288 non
656 1238 1167 1313 oppugnaretur3
1216 1226 1336 1289 nisi
1380 1226 1582 1290 filium
1626 1226 1944 1301 haberem,
1999 1226 2176 1289 ibera
2215 1224 2284 1287 in

192 1317 211 1345 ‘
228 1308 435 1373 libera
486 1310 719 1410 patria*
748 1324 999 1376 mortua
1054 1334 1273 1377 essem.
1397 1312 1528 1377 Sed
1570 1335 1692 1399 ego
1748 1312 1910 1376 nihil
1955 1312 2080 1375 iam
2129 1310 2284 1398 pati,

188 1404 211 1433 ‘
228 1418 355 1459 nec
398 1395 515 1461 tib1
560 1397 805 1484 turpius
849 1420 1041 1498 quam
1096 1399 1253 1463 mihi
1299 1399 1607 1476 miseriae,
1745 1420 1949 1463 ssum:
2010 1420 2151 1474 nec,
2211 1410 2286 1460 ut

190 1492 212 1519 ‘
230 1483 352 1582 sim
403 1483 773 1561 miserrima,
819 1483 935 1549 diu
990 1484 1203 1550 futura
1248 1508 1405 1550 sum.
1498 1485 1603 1551 De
1645 1422 1744 1551 ἐξ
1789 1481 2052 1549 videris:
2101 1506 2280 1572 quos,

192 1576 285 1631 ‘si
328 1570 558 1656 pergiS,
590 1582 703 1635 aut
738 1571 1075 1635 immatura
1116 1594 1302 1651 more,
1344 1585 1453 1637 aut
1496 1573 1687 1659 longa
1725 1571 1988 1636 servitus
2029 1571 2284 1635 manet?

194 1654 383 1719 Uxor
410 1655 645 1721 deinde
686 1680 759 1722 ac
801 1656 985 1723 liberi
1031 1682 1131 1722 am
1178 1659 1345 1723 lexi:
1392 1660 1705 1747 fletusque
1752 1660 1832 1723 ab
1879 1658 2054 1723 omni
2100 1658 2284 1721 turba

192 1742 535 1805 mulierum
594 1756 785 1822 ortus,
846 1756 914 1808 et
969 1766 1155 1833 comp
1180 1746 1379 1811 oratio
1433 1746 1534 1810 sui
1591 1746 1978 1832 patriaeque,
2036 1743 2280 1831 {regere

194 1828 457 1893 tandem
484 1830 709 1895 virum.
804 1829 1215 1918 Complexus·
1234 1832 1385 1897 inde
1423 1855 1571 1897 suos
1599 1832 1896 1896 dimittit:
1947 1831 2082 1917 ipse
2110 1843 2280 1895 retro

188 1916 273 1979 ab
304 1916 461 1980 urbe
491 1930 695 1981 castra
720 1918 934 1982 movit.
1026 1918 1341 1984 Abductis
1370 1919 1605 1984 deinde
1635 1918 1992 2006 legionibus
2019 1939 2102 1981 ex
2131 1940 2282 2004 agro

138 2028 175 2077 9
196 2001 510 2079 Romano,
542 2002 781 2068 invidia
824 2004 915 2068 rei
964 2026 1329 2092 oppressum
1368 2006 1626 2093 periisse
1667 2005 1964 2081 tradunt3
2011 2004 2119 2068 alii
2157 2004 2282 2068 alio

148 2121 169 2154 1
192 2088 343 2153 leto.
435 2087 632 2177 Apud
663 2089 951 2168 Fabium,
973 2090 1161 2179 longe
1184 2092 1690 2178 antiquissimum
1713 2106 2056 2168 auctorem,
2079 2113 2282 2177 usque

144 2203 173 2235 -ι
192 2174 279 2239 ad
306 2190 697 2241 senectutem
726 2177 955 2241 vixisse
985 2178 1263 2242 eundem
1291 2179 1566 2243 invenio.
1646 2177 1870 2242 Refert
1897 2190 2090 2253 certe,
2119 2177 2284 2241 hanc

190 2284 381 2349 saepe
412 2284 561 2326 eum
591 2276 813 2327 exacta
840 2276 1045 2328 aetate
1077 2286 1402 2353 usurpasse
1432 2288 1673 2341 vocem,
1715 2274 1736 2303 ⁴
1756 2264 1971 2328 Multo
2001 2264 2286 2329 miserius

197 2358 217 2385 ‘
232 2349 371 2412 seni
400 2347 692 2413 exsilium
723 2350 898 2415 esse.’
987 2350 1141 2416 Non
1172 2352 1538 2416 inviderunt
1575 2351 1794 2415 laudes
1833 2373 1975 2415 suas
2005 2350 2286 2415 mulieri-

194 2435 315 2499 bus
352 2436 473 2499 viri
515 2435 829 2500 Romani:
878 2436 1038 2503 adeo
1081 2439 1217 2502 sine
1262 2438 1718 2502 obtrectatione
1759 2436 1996 2523 gloriae
2041 2436 2284 2501 alienae

146 2545 177 2591 3
196 2522 539 2588 vivebatur.
662 2522 1091 2589 Monumento
1157 2546 1412 2611 quoque
1478 2524 1654 2610 quod
1728 2536 1910 2600 esset,
1977 2522 2284 2609 templum

144 2634 179 2675 4
198 2606 515 2675 Fortunae
546 2602 853 2677 Muliebri
882 2610 1283 2675 aedificatum
1312 2610 1806 2695 dedicatumque
1835 2620 1948 2673 est.

260 2832 293 2880 8
322 2832 467 2891 Sne]
506 2830 700 2894 Operae
736 2830 947 2893 pretium
986 2836 1061 2879 est
1098 2844 1211 2878 con-

1276 2828 1481 2878 discedit
1507 2828 1709 2877 Niebhr.
1733 2826 1781 2876 ii.
1805 2843 1853 2891 p.
1879 2842 1973 2889 ¹240

194 2897 319 2945 ferre
350 2896 479 2943 inter
514 2910 567 2944 se
597 2901 697 2944 tres
728 2893 1079 2958 pulcherrimas
1108 2909 1213 2942 orar-

1343 2908 1371 2955 3
1412 2895 1700 2952 Vivebatur]
1725 2891 1954 2941 Cuiacius
1968 2863 2166 2941 bbsen.
2183 2890 2286 2941 lxii.

192 2960 371 3019 tiones,
403 2974 525 3021 quas
558 2966 657 3008 tres
692 2959 948 3026 scripmres
978 2960 1209 3021 eloquen-

194 3024 369 3071 tissimi
383 3024 445 3072 de
462 3024 555 3072 hoc
572 3025 745 3072 eodem
760 3030 1045 3085 argumento
1061 3023 1208 3085 scrip-

196 3092 383 3146 serunt,
420 3092 653 3149 tanquam
694 3104 725 3137 a
768 3092 923 3136 matre
960 3086 1209 3137 Coriolani

198 3152 417 3200 habitas:
452 3152 581 3200 hanc
606 3152 751 3211 Livii,
784 3151 1209 3201 concitatissimam

196 3222 247 3265 et
262 3214 498 3279 tragicum
518 3230 645 3278 pene
658 3216 947 3277 spirantem3
969 3214 1213 3277 Dionysii,

198 3279 547 3343 placidiorem
595 3279 866 3337 Plutarchi,
900 3294 963 3328 ex
1006 3288 1213 3340 utroque

196 3344 381 3393 affeetu
397 3346 533 3393 velut
552 3349 889 3407 temperatam.
948 3344 1061 3391 Hae
1083 3348 1213 3405 post-

198 3423 363 3457 remae
392 3410 521 3457 duae
539 3408 801 3470 quemdam
828 3406 1057 3455 historiae
1076 3406 1213 3468 quasi

198 3474 413 3521 colorem
446 3473 653 3521 retinere
684 3470 837 3535 magis
858 3472 1059 3520 fortasse
1084 3470 1210 3519 vide-

200 3538 405 3585 buntur:
442 3536 647 3585 nviann
668 3537 904 3585 excelsior
923 3550 1026 3584 esse
1042 3541 1093 3583 et
1111 3534 1211 3583 Ro-

198 3616 349 3649 mana
378 3606 536 3649 matre
564 3599 765 3663 dignior.
798 3600 960 3649 Cium.
1006 3600 1067 3648 cf.
1093 3599 1211 3647 Bre-

200 3665 273 3713 vis
310 3666 403 3713 illa
438 3664 590 3713 oratio
629 3680 661 3713 a
696 3699 711 3712 .
746 3664 987 3713 Zonaram
1022 3662 1101 3712 vii.
1139 3660 1211 3712 16.

199 3744 348 3792 quam
373 3728 645 3777 W‘achsmu
704 3764 717 3777 .
746 3728 919 3777 merito
954 3728 1139 3787 laudat,
1162 3742 1210 3789 p.

202 3808 308 3857 3¹²·

264 3873 296 3921 9
330 3859 627 3932 Oppressum
648 3858 877 3921 periisse]
914 3858 948 3883 ‘⁶
965 3857 1210 3906 conatum

201 3922 481 3971 iracundiae
512 3936 629 3969 suae
660 3928 817 3970 morte
836 3921 1074 3969 sedavit.”
1104 3918 1210 3970 Cic.

205 3988 344 4035 Brut.
374 4000 445 4035 10.
478 3986 611 4034 idem
644 3992 807 4033 narrat
840 3984 988 4033 Dion.
1012 3984 1110 4034 viii.
1134 3994 1211 4047 59.

204 4052 339 4099 Plut.
362 4049 545 4099 Coriol.
580 4050 926 4098 Wachsmuth.
950 4064 997 4111 p.
1024 4063 1131 4111 313.

274 4130 293 4163 ι
330 4116 437 4162 Alii
459 4116 557 4163 alio
578 4116 695 4174 leto]
732 4115 945 4163 Mortem
978 4112 1069 4161 sibi
1101 4128 1212 4161 con-

202 4178 450 4292 εείγὶῗεό.
464 4177 665 4290 Ρεὲἱηεῗ
708 4184 773 4253 ut
815 4176 1215 4235 Themistoclem,

204 4256 295 4293 scri
328 4258 345 4289 ι
436 4256 497 4290 ιο.
554 4258 583 4291 e
653 4257 766 4291 mxc.
795 4257 866 4291 ια.
1160 4272 1169 4281 -

270 4323 299 4356 2
332 4309 417 4355 Ad
446 4314 734 4357 &nectutem
764 4308 967 4365 vit-isse]
1006 4306 1089 4353 Ita
1120 4304 1213 4352 Zo-

206 4387 363 4431 naras,
406 4370 485 4419 vii.
538 4369 609 4419 16.
657 4372 707 4419 in
753 4370 890 4420 cuius
925 4369 1215 4419 sententiam

1274 2971 1350 3019 24.
1396 2957 1490 3006 hoc
1535 2958 1643 3005 loco
1684 2956 1852 3005 inserit
1894 2958 2040 3004 verba
2080 2972 2211 3018 seqq.
2256 2972 2285 3004 e

1274 3023 1379 3070 cod.
1404 3037 1507 3071 suo.
1555 3024 1691 3070 Tune
1722 3023 1852 3070 enim
1875 3023 2092 3083 primum
2126 3022 2284 3069 ωπσό-

1273 3092 1378 3135 tum
1407 3094 1478 3135 est
1510 3092 1568 3134 ut
1595 3087 1878 3135 mulieribus
1903 3086 1964 3135 dc
1989 3087 2074 3133 via
2101 3086 2288 3135 oedere-

1273 3156 1375 3208 tur,
1394 3157 1453 3199 ut
1472 3152 1734 3199 inauribus
1753 3151 1936 3207 aureis,
1955 3156 2012 3196 ut
2027 3164 2289 3211 purpurea

1273 3220 1419 3272 veste,
1456 3220 1516 3261 ut
1557 3214 1724 3262 aureis
1761 3214 2034 3273 sementis,
2067 3219 2125 3261 ut
2165 3228 2289 3262 novo

1274 3280 1427 3327 vittae
1458 3278 1738 3325 discrimine
1767 3283 2040 3325 νωθείαν.
2105 3278 2288 3324 Morm-

1275 3349 1435 3391 memo
1464 3357 1669 3415 quoque,
1688 3347 1775 3390 ete.
1799 3340 1884 3388 sed
1915 3340 1980 3388 de
2011 3338 2287 3387 huiusmodi

1278 3405 1524 3467 praemiis,
1556 3420 1682 3465 quae
1714 3403 1920 3466 priscam
1956 3404 2128 3452 horum
2165 3409 2288 3451 tem-

1277 3484 1449 3531 porum
1493 3467 1858 3531 simplicitatem
2117 3482 2287 3530 sapere

1276 3534 1518 3592 videntur,
1543 3532 1690 3581 silent
1715 3530 1921 3593 Dionys.
1952 3537 2004 3580 et
2035 3531 2286 3581 Plutarch.

1276 3596 1710 3646 Drakenborchius
1722 3610 1918 3657 quoque
1935 3610 2046 3643 cum
2061 3611 2158 3657 quo
2175 3611 2286 3643 con-

1274 3662 1421 3710 sentit
1438 3660 1629 3709 Duker.
1647 3659 1894 3723 praeclare
1910 3666 2095 3717 monet,
2114 3662 2148 3687 ‘⁴
2165 3660 2288 3708 haee

1276 3726 1441 3774 omnia
1481 3724 1650 3774 addita
1693 3739 1726 3772 a
1761 3730 1936 3772 nasuto
1973 3725 2184 3786 quodam
2224 3740 2288 3773 ex

1276 3789 1478 3838 Valerio
1523 3788 1745 3837 Maximo
1786 3793 1837 3836 et
1887 3787 2043 3849 primo
2089 3788 2286 3851 quidem

1274 3860 1466 3902 tantum
1488 3853 1694 3916 margini
1714 3851 1957 3914 adscripta
1975 3853 2139 3910 fuisse,
2160 3858 2287 3914 post-

1274 3934 1335 3967 ea
1363 3934 1477 3967 vero
1507 3918 1558 3966 in
1592 3917 1737 3965 unius
1769 3918 1848 3964 vel
1881 3916 2080 3965 alterius
2111 3916 2290 3965 codicis

1278 3988 1562 4031 contextum
1583 3980 1881 4044 ineptiae-,³⁹

1342 4065 1372 4107 4
1403 4042 1656 4096 For-curiae
1676 4046 1940 4104 Muliebri]
1986 4045 2174 4093 Aedem
2208 4044 2288 4091 de·

1277 4111 1491 4159 dicatam
1539 4109 1699 4159 Nonis
1738 4108 2005 4165 Quinctilio
2047 4123 2160 4155 ann.
2199 4104 2291 4154 268

1282 4176 1349 4225 U.
1373 4176 1431 4225 C.
1462 4181 1515 4224 et
1549 4174 1798 4223 Valeriam
1834 4174 2041 4234 primam
2075 4170 2293 4217 sacerdo-

1280 4244 1380 4287 tem
1402 4240 1550 4288 fuisse
1572 4254 1651 4300 ap.
1679 4236 1826 4285 Dion.
1849 4236 1947 4284 viii.
1971 4234 2049 4295 65.
2073 4232 2293 4294 legimus.

1281 4304 1395 4352 lure
1412 4304 1610 4365 quidem
1631 4299 2002 4349 admirationem
2023 4296 2296 4343 Niebuhr-io

1280 4376 1461 4425 movet,
1476 4366 1517 4414 si
1539 4366 1687 4415 modo
1708 4364 1830 4410 haec
1850 4362 1996 4407 aedes
2017 4359 2079 4406 ad
2101 4358 2295 4407 felicem
