3000 4784
746 219 871 286 214
1520 218 1698 286 TIT
1711 218 1744 285 I
1796 218 1974 286 LIV
1987 219 2068 286 ΙΙ

426 371 492 423 U.
516 375 575 425 c.
601 376 707 437 306.
746 381 899 445 pum
927 380 1285 423 evocavere.
1378 356 1512 423 Ubi
1541 380 1742 445 quum
1771 357 1854 423 de
1881 360 2070 423 rebus
2097 359 2178 423 ab
2207 380 2276 423 se
2313 357 2504 445 gestis
2543 372 2850 446 agerent,

422 439 484 488 A.
517 440 577 489 0·
600 440 709 501 446·
747 445 953 531 questi
980 445 1284 533 primores
1304 444 1589 522 Patr-um,
1613 458 1904 510 senatum
1933 446 2102 510 inter
2127 445 2364 510 milites
2393 443 2609 509 dedita
2637 468 2855 545 opera

746 532 997 595 terroris
1040 554 1226 597 causa
1266 531 1502 597 haberi.
1595 532 1630 597 I
1741 556 1821 597 ue
1867 532 2020 597 inde
2067 532 2378 610 consules,
2405 554 2490 596 ne
2533 532 2855 597 crimina-

746 618 903 682 tioni
939 618 1115 689 locus
1152 632 1335 697 esset,
1366 619 1435 682 in
1472 632 1654 706 prata
1759 620 2010 696 aminia,
2041 620 2152 683 ubi
2193 642 2366 683 nunc
2405 618 2593 684 aedes
2623 618 2854 706 Apol-
2869 644 2900 686 4

744 704 889 768 linis
948 719 1061 783 est,
1115 706 1269 793 (iam
1322 719 1457 770 tum
1507 704 1944 807 Apollinarem
1997 704 2450 793 appellabang)
2491 728 2854 770 avocavere

424 809 639 882 Qonten-
746 805 1049 857 senatum.
1144 792 1277 858 Ubi
1322 814 1520 893 quum
1563 794 1807 880 lugenti
1847 814 2158 857 consensu
2187 793 2449 858 Pati-um
2491 814 2538 855 n
2745 806 2856 857 tur

422 873 663 985 39116ῡῖ8
747 878 1121 966 triumphuS,
1165 878 1239 943 L.
1268 878 1485 944 Icllius
1525 880 1814 944 tribunus
1851 880 2056 967 plebis
2093 879 2242 945 tulit
2277 880 2360 944 ad
2401 900 2528 967 pop
2599 902 2722 943 um
2765 880 2854 943 de

444 951 605 999 nump
640 952 670 985 ⁰
747 964 935 1029 trium
982 966 1069 1031 ho
1084 965 1431 1044 consulum,
1452 966 1670 1030 multis
1687 966 2034 1031 dissuasum
2057 966 2532 1053 prodeuntibus,
2553 967 2856 1030 maxime

752 1050 828 1116 C.
865 1050 921 1116 C
950 1052 1139 1117 audio
1184 1053 1583 1130 vociferante,
1655 1062 1674 1091 ‘
1697 1053 1800 1117 De
1853 1053 2167 1130 Patribus,
2209 1076 2340 1117 non
2389 1052 2470 1117 de
2521 1052 2851 1129 hostibus»,

748 1146 769 1177 ‘
789 1140 1077 1204 consules
1108 1141 1491 1227 triumphare
1521 1140 1720 1217 velle3
1762 1141 2154 1227 gratiamque
2183 1162 2300 1227 pro
2326 1141 2573 1240 privato
2601 1141 2856 1204 merito

748 1234 767 1265 ‘
788 1227 857 1290 in
893 1227 1235 1304 tribunum,
1266 1250 1397 1292 non
1437 1248 1551 1314 pro
1593 1227 1823 1291 virtute
1871 1227 2196 1304 honorem,
2233 1242 2383 1314 pen.
2476 1225 2850 1315 Nunquam

750 1322 769 1351 ‘
792 1326 938 1378 ante
976 1314 1057 1378 de
1095 1315 1413 1401 triumpho
1450 1336 1566 1401 per
1603 1311 1910 1413 populum
1951 1327 2200 1378 actum:
2247 1336 2497 1401 semper
2538 1313 2852 1378 aestima-

752 1409 771 1437 ‘
795 1400 1034 1466 tionem
1074 1402 1528 1487 arbitriumque
1567 1422 1706 1464 elus
1740 1399 1998 1464 honoris
2033 1422 2229 1488 penes
2265 1413 2554 1465 senatum
2595 1400 2844 1465 fuisse:

755 1496 775 1525 ‘
795 1510 876 1550 ne
921 1510 1099 1574 reges
1139 1488 1398 1574 quidem
1442 1488 1830 1552 maiestatem
1869 1487 2101 1551 summi
2139 1487 2378 1551 ordinis
2415 1487 2844 1552 imminuisse.

753 1578 773 1610 ‘
798 1572 901 1637 Ne
932 1574 1020 1637 ita
1048 1574 1260 1637 omnia
1288 1574 1524 1655 tribuni
1555 1574 1880 1659 potestatis
1907 1596 2056 1638 suae
2091 1575 2446 1661 implerent,
2478 1586 2552 1637 ut
2579 1574 2844 1638 nullum

752 1666 771 1697 ‘
792 1659 1117 1745 publicum
1162 1659 1493 1723 consilium
1545 1658 1825 1725 sinerent
1869 1682 2020 1725 esse.
2114 1660 2216 1725 Ita
2259 1660 2518 1724 demum
2563 1660 2845 1726 liberam

751 1753 772 1782 ‘
793 1745 1110 1809 civitatem
1138 1746 1290 1822 fore,
1314 1746 1404 1809 ita
1430 1759 1728 1833 aequatas
1754 1746 1947 1835 legeS,
1970 1748 2022 1811 si
2051 1770 2166 1812 sua
2185 1747 2452 1834 quisque
2482 1748 2624 1810 iura
2653 1748 2842 1823 ord0,

428 1848 572 1895 Iussu
594 1849 696 1909 ple-
752 1838 772 1867 ‘
793 1852 969 1894 suam
1006 1833 1391 1896 maiestatem
1426 1833 1681 1897 teneat?
1783 1832 1865 1896 In
1903 1833 2172 1898 eandem
2211 1834 2592 1899 sententiam
2629 1834 2844 1898 multa

426 1910 501 1959 Μ’
521 1910 688 1959 trium-
754 1924 773 1955 ‘
794 1929 859 1981 et
900 1940 939 1981 a
974 1917 1199 1982 ceteris
1236 1918 1586 1983 senioribus
1614 1919 1878 1985 Patr-um
1907 1943 2106 2006 quum
2145 1934 2356 1985 essent
2389 1920 2577 1997 dicta,
2609 1943 2844 1985 omnes

428 1991 462 2037 P
463 1975 600 2024 hant.
752 2012 773 2042 ‘
794 2004 992 2068 tribus
1035 2026 1174 2068 eam
1218 2006 1608 2091 rogationem
1656 2020 2052 2095 acceperunt.
2145 2007 2316 2071 Tum
2355 2007 2652 2094 primum,
2697 2008 2838 2073 sine

752 2099 774 2128 ‘
796 2091 1161 2156 auctoritate
1194 2104 1465 2169 senatus,
1496 2093 1718 2180 populi
1744 2094 1918 2157 iussu
1947 2094 2404 2181 triumphatum
2433 2107 2546 2158 est.
2857 2118 2884 2168 5

532 2184 633 2245 64.
838 2177 1019 2242 Haec
1048 2178 1311 2242 victoria
1336 2178 1750 2280 tribunorum·
1768 2180 2096 2267 plebisque
2131 2204 2326 2268 prope
2361 2181 2431 2243 in
2461 2179 2633 2245 haud
2663 2180 2836 2245 salu-

428 2266 659 2343 Tribuni·
747 2266 925 2328 brem
954 2265 1270 2329 luxuriam
1300 2266 1507 2343 vertit,
1539 2266 1997 2353 consplratione
2029 2268 2196 2331 inter
2224 2268 2510 2331 tribunos
2537 2266 2726 2344 faeta,
2761 2278 2838 2330 ut

428 2332 661 2447 {qu'ffim
747 2350 943 2416 iidem
994 2351 1231 2416 tribuni
1280 2352 1707 2429 reficerentur,
1769 2365 1855 2430 et,
1915 2376 2042 2440 quo
2093 2374 2208 2417 sua
2255 2354 2467 2417 minus
2517 2352 2833 2440 cupiditas

748 2439 1074 2516 emineret,
1134 2436 1496 2503 consulibus
1555 2462 1810 2527 quoque
1877 2440 2318 2504 continuarent
2372 2440 2828 2527 magistratum.

752 2523 1151 2591 Consensum
1210 2526 1471 2591 Patrum
1532 2528 1964 2604 causabantur,
2025 2548 2152 2612 quo
2208 2548 2325 2613 per
2377 2526 2832 2591 contumeliam

747 2613 1076 2677 consulum
1134 2613 1271 2677 iura
1324 2612 1528 2714 plebis
1574 2611 1877 2677 labefacta
1919 2626 2144 2679 essent.
2255 2622 2276 2651 ‘
2298 2611 2476 2688 Quid
2519 2613 2828 2689 futurum,

750 2706 769 2737 ‘
791 2699 1075 2764 nondum
1116 2699 1376 2764 firmans
1418 2697 1684 2800 legibue„
1713 2700 1767 2764 si
1809 2722 2006 2763 novos
2049 2700 2330 2764 tribunos
2373 2720 2488 2787 per
2523 2700 2830 2765 factiones

756 2794 777 2822 ‘
796 2808 936 2849 suas
983 2785 1269 2850 consules
1313 2786 1518 2850 adom
1562 2786 1816 2851 essent?
1857 2810 1990 2850 non
2033 2787 2204 2850 enim
2249 2808 2496 2886 semper
2539 2786 2828 2851 Valerios

752 2878 772 2909 ⁶
795 2871 1219 2957 Horatiosque
1264 2872 1551 2936 consules
1593 2873 1746 2950 fore,
1779 2874 1890 2961 qui
1934 2872 2206 2940 libertati
2249 2872 2452 2960 plebis
2487 2896 2628 2938 suas
2668 2894 2828 2960 opes

426 2970 579 3019 vetat
750 2964 771 2995 ‘
792 2958 1205 3043 postferrent’
1292 2956 1479 3023 Forte
1563 2959 1791 3023 uadam
1831 2960 1972 3023 utili
2016 2960 2098 3025 ad
2141 2972 2408 3046 tempuS,
2447 2973 2520 3025 ut
2553 2959 2828 3024 comitiis

426 3034 640 3085 Duilius.
747 3055 1078 3129 praeesset,
1102 3042 1497 3143 potissimum
1603 3094 1618 3109 .
1641 3046 1864 3111 Duilio
1895 3060 2060 3111 sorte
2083 3047 2314 3124 evenit,
2342 3047 2473 3111 viro
2503 3045 2825 3134 prudenti,

747 3142 813 3194 et
842 3152 921 3196 ex
952 3130 1425 3195 continuatione
1456 3133 1854 3219 magistratus
1889 3133 2190 3198 invidiam
2220 3132 2658 3198 imminentem
2689 3154 2826 3198 cer-

745 3217 944 3283 nenti.
1042 3217 1174 3293 Qui
1214 3240 1412 3305 quum
1448 3242 1531 3284 ex
1567 3221 1882 3285 veteribus
1919 3220 2184 3301 tribunis
2219 3234 2482 3307 negaret
2523 3218 2716 3283 ullius
2759 3240 2822 3283 se

743 3306 1051 3371 rationem
1116 3305 1498 3383 habiturum,
1559 3320 2044 3395 pugnarentque
2105 3306 2402 3393 collegae,
2461 3320 2536 3371 ut
2597 3304 2824 3371 liberas

744 3485 873 3534 απ.
926 3472 1027 3523 Hic
1049 3488 1241 3535 quoque
1256 3490 1479 3535 campum
1492 3476 1752 3524 Coelimon·
1817 3473 1897 3533 tis,
1907 3474 2139 3534 Vulcani,
2149 3482 2297 3524 erant.
2334 3476 2416 3525 De
2429 3475 2674 3539 Apollinis
2685 3478 2822 3534 aede,

744 3545 931 3597 tanum,
960 3538 1059 3587 sive
1082 3538 1316 3600 Campum
1338 3541 1624 3589 Martialem
1653 3554 1752 3586 me·
1815 3555 1942 3599 quae
1961 3546 2072 3587 vota
2093 3540 2308 3589 infr.iv.2
2315 3553 2362 3601 5,
2375 3540 2600 3589 dedicata
2614 3540 2733 3589 ibid.
2747 3556 2819 3605 ²9·

744 3602 839 3650 lius
860 3602 1097 3665 scripserit
1122 3602 1300 3651 Livius.
1329 3602 1390 3651 cf.
1406 3604 1595 3662 Festus,
1608 3606 1748 3651 Mar-
1814 3610 2125 3662 memoratur,
2147 3604 2206 3653 cf.
2227 3604 2403 3654 Ascon.
2425 3604 2476 3653 in
2501 3606 2690 3667 Fragm.
2717 3605 2820 3654 cic.

745 3668 877 3714 [iulis
898 3684 1097 3729 campus
1117 3670 1172 3714 in
1195 3668 1352 3716 Coelio
1376 3675 1534 3716 monte
1553 3668 1750 3726 dicitur,
1815 3668 1952 3715 Orat.
1987 3668 2050 3717 vi.
2084 3682 2131 3730 p.
2165 3667 2276 3717 600.
2312 3674 2364 3716 et
2393 3668 2501 3719 infr.
2541 3670 2706 3718 xxxiv.
2745 3683 2817 3730 43.

742 3732 871 3792 quod
903 3733 959 3779 in
990 3748 1045 3781 eo
1076 3733 1291 3794 Equiria
1321 3733 1536 3781 solebam
1547 3733 1687 3793 fieri,
1707 3734 1750 3781 εἰ
1815 3732 1982 3781 xxxix.
2007 3751 2052 3793 4.
2122 3733 2184 3781 In
2205 3733 2282 3781 his
2301 3733 2453 3794 pratis
2487 3733 2592 3781 ludi
2623 3732 2817 3795 plebeii,

742 3796 934 3857 quando
967 3811 1097 3857 aqua
1137 3797 1319 3845 Tiberis
1354 3811 1576 3855 campum
1605 3798 1746 3843 Mar-
1813 3796 1896 3857 qui
1933 3802 2104 3858 postea
2137 3797 2186 3846 in
2218 3797 2360 3846 Circo
2397 3795 2658 3857 Flaminio,
2696 3798 2816 3845 cele-

743 3860 864 3907 tium
899 3867 1219 3922 occupassent.
1291 3860 1351 3907 In
1386 3874 1560 3921 campo
1588 3859 1747 3908 Coeli·
1811 3860 2086 3909 brabantur.
2132 3862 2192 3909 cf.
2217 3876 2346 3923 supr.
2373 3876 2448 3923 54.

742 3928 973 3972 montano
1004 3925 1147 3971 aedes
1174 3924 1347 3972 Martis
1380 3928 1602 3971 extmcta
1631 3928 1749 3983 erat,
1878 3937 1904 3986 5
1939 3926 2123 3986 Populi
2155 3928 2292 3974 iussu
2327 3927 2704 3988 triumphatum}
2749 3942 2812 3974 sc.

743 3988 804 4035 cf.
840 3988 947 4037 infr.
976 3988 1036 4037 vi.
1062 4001 1105 4049 5.
1148 3988 1200 4036 in
1234 4004 1331 4048 qua
1364 3988 1586 4035 consules
1617 3989 1748 4035 bello
1815 3988 1944 4051 Lege
1987 3990 2050 4037 ad
2094 3990 2292 4037 comitia
2333 3990 2514 4038 tributa
2556 3992 2674 4048 lata,
2713 3991 2814 4037 sinc

740 4054 941 4103 reduces
956 4052 1147 4115 saepius
1160 4056 1379 4099 senatum
1398 4053 1748 4111 convocabant,
1811 4054 2098 4101 auctoritate
2119 4060 2327 4105 senatus.
2385 4054 2584 4104 Etenim
2606 4070 2732 4115 quae
2753 4054 2814 4101 ad

739 4122 912 4179 utpote
945 4124 1329 4173 extramuraneo,
1356 4118 1413 4162 ut
1446 4114 1746 4177 triumphum
1811 4116 1996 4165 bellum
2034 4124 2085 4165 et
2119 4134 2194 4166 res
2227 4125 2453 4167 externas
2493 4119 2811 4181 pertinebant,

742 4182 1055 4241 postularent.
1092 4180 1151 4227 cf.
1178 4180 1382 4227 Niebhr.
1406 4177 1453 4225 ii.
1478 4194 1527 4226 n.
1551 4181 1658 4240 827.
1811 4196 1872 4228 ex
1894 4182 1987 4229 hoc
2009 4188 2229 4245 tempore
2259 4198 2292 4230 a
2322 4188 2494 4231 senatu
2524 4184 2586 4230 ad
2619 4182 2812 4231 comitia

804 4262 833 4305 4
866 4246 1025 4292 Prata
1047 4245 1318 4301 Flaminia]
1374 4244 1572 4291 Partem
1595 4258 1744 4304 quan·
1808 4245 1990 4294 tributa
2027 4247 2328 4309 pedetentim
2367 4247 2604 4297 translata
2638 4246 2808 4299 videbi·

740 4306 853 4355 dam
898 4308 1017 4356 Cam
1025 4307 1074 4369 pi
1119 4306 1303 4364 Martii,
1346 4306 1394 4354 in
1439 4322 1536 4367 qua
1581 4308 1745 4369 plures
1807 4322 1929 4359 mus.

739 4368 900 4427 aedes,
922 4384 963 4417 e.
985 4384 1031 4430 g.
1056 4368 1316 4431 Apollinis,
1344 4370 1586 4431 Neptuni,
1613 4372 1741 4420 Mar-
