3000 4784
818 242 1011 311 LIB.
1075 242 1197 311 111.
1263 242 1489 310 cAP.
1556 246 1654 309 16.
2161 246 2283 309 163

170 378 431 445 bellum
479 378 855 447 timebatur:
946 380 1289 469 ropiusque
1342 378 1518 447 aliud
1556 402 1794 447 novum
1841 378 2076 446 malum
2127 402 2282 445 nec-
2302 391 2371 441 U,
2393 390 2453 441 G.
2477 404 2587 457 ²94·

118 486 151 520 ἰ
172 466 452 553 opinato
480 478 791 531 exortum.
946 467 1156 533 xsules
1178 467 1489 554 servique,
1510 466 1595 531 ad
1623 478 1924 552 quattuor
1951 464 2150 531 millia
2164 465 2282 531 ho-
2297 457 2359 507 A·
2391 456 2452 505 ⁰·
2476 457 2590 517 4⁵⁸·

170 552 435 617 minum
488 562 557 615 et
602 553 957 639 quingenti,
1003 553 1166 619 duce
1220 552 1346 640 Ap.
1396 550 1732 618 Herdonio
1785 551 2040 629 Sabine,
2091 564 2282 617 nocte
2300 568 2586 617 Hemoniae

120 646 153 693 3
176 634 588 724 Capitolium
632 650 823 725 atque
866 660 1077 703 arcem
1128 659 1533 725 occupavere.
1629 636 1988 703 Confestim
2029 637 2098 701 in
2137 661 2280 703 arce
2298 632 2608 695 Capitolium

168 723 355 787 fincta
396 722 625 788 caedes
666 746 906 800 eorum,
954 723 1067 811 qui
1112 724 1440 789 coniurare
1474 732 1560 787 'et
1609 723 1797 787 simul
1839 746 2064 811 capere
2107 746 2284 789 arma
2297 702 2523 759 ⁰⁰⁰¹¹P⁸¹²⁹

170 809 565 875 noluerant:
614 807 721 872 alii
748 809 917 873 inter
946 808 1289 874 tumultum
1358 809 1688 896 raecipites
1715 832 1946 897 pavore
1976 810 2046 873 in
2073 810 2281 875 forum

172 893 506 959 devolant.
601 893 907 959 Altemae
947 918 1153 971 voceS,
1189 903 1210 932 ‘
1229 832 1355 959 Ad)
1370 897 1579 971 arma,'
1607 910 1675 959 et
1706 904 1726 933 ‘
1749 895 1985 961 Hostes
2023 896 2092 959 in
2123 896 2280 961 urbe

174 988 199 1019 ‘
222 981 421 1059 sunt,'
449 978 883 1045 audiebantur.
980 980 1295 1047 Consules
1322 994 1389 1045 et
1428 1004 1668 1045 armare
1707 981 1981 1068 plebem,
2012 995 2079 1046 et
2111 982 2284 1047 iner-

172 1090 363 1131 mem
420 1067 553 1153 pati
604 1066 929 1131 timebant.
1022 1064 1282 1144 Incerti,
1382 1067 1512 1131 uod
1563 1067 1802 1131 malum
1851 1067 2280 1154 repentinum,

172 1170 529 1217 externum
586 1174 669 1215 an
725 1152 1118 1229 intestinum,
1172 1152 1252 1217 ab
1312 1090 1460 1216 o‘dio
1519 1152 1739 1239 plebis,
1793 1176 1876 1216 an
1934 1153 2014 1218 ab
2073 1152 2282 1219 servili

172 1238 431 1314 fraude,
478 1238 702 1303 urbem
746 1238 1091 1315 invasisset,
1136 1238 1444 1303 sedabant
1488 1237 1814 1313 tumultus,
1857 1238 2138 1303 sedando
2181 1238 2284 1301 in-

182 1324 445 1389 terdum
474 1324 852 1389 movebant:
902 1346 1023 1388 nec
1053 1324 1223 1389 enim
1256 1322 1508 1411 poterat
1535 1322 1762 1410 pavida
1787 1335 1856 1387 et
1883 1336 2286 1387 consternata

174 1409 533 1475 multitudo
576 1410 713 1496 regi
757 1409 1040 1497 imperio.
1133 1410 1311 1475 Dant
1364 1422 1578 1473 tamen
1631 1432 1822 1485 arma,
1875 1430 2006 1473 non
2053 1407 2278 1495 vulgo;

124 1510 439 1561 4tantum
479 1508 570 1573 ut,
604 1496 845 1561 incerto
884 1495 1086 1573 hoste,
1118 1492 1499 1582 praesidium
1531 1494 1680 1559 satis
1717 1493 1918 1559 fidum
1948 1494 2030 1559 ad
2068 1495 2286 1559 omnia

175 1595 373 1647 emet.
467 1579 735 1645 Solliciti
778 1580 1097 1667 reliquum
1136 1581 1361 1657 noctis,
1402 1580 1776 1666 incertique,
1821 1580 1933 1667 qui
1972 1579 2282 1657 homines,

176 1680 467 1755 quantus
495 1689 801 1731 numerus
839 1666 1117 1733 hostium
1156 1681 1338 1744 esset,
1370 1666 1441 1730 in
1468 1664 1842 1731 stationibus
1871 1665 2284 1754 disponendis

176 1752 267 1817 ad
296 1766 661 1841 opportuna
680 1753 885 1818 omnis
914 1752 1088 1817 urbis
1114 1752 1273 1829 loca,
1298 1774 1504 1839 egere.
1597 1751 1746 1817 Lux
1776 1751 2012 1817 deinde
2035 1776 2074 1817 a
2155 1755 2284 1819 ruit

176 1840 428 1905 bellum
456 1840 685 1905 ducem
733 1862 815 1903 ue
844 1838 1013 1903 belli.
1110 1836 1335 1903 Servos
1362 1837 1446 1902 ad
1473 1836 1833 1903 libertatem
1865 1839 1991 1927 Ap.
2098 1839 2284 1905 endo-

176 1926 334 1991 nius
367 1948 450 1990 ex
494 1925 729 2011 Capito
754 1925 817 1989 io
858 1924 1141 2000 vocabat,
1186 1933 1209 1978 ‘-
1226 1923 1307 1989 Se
1348 1924 1681 1989 miserrimi
1719 1926 2026 2013 cuiusque
2072 1948 2285 1991 susce-

180 2020 205 2050 ‘
226 2012 397 2099 pisse
436 2034 708 2088 causam,
732 2023 808 2075 ut
846 2009 1095 2077 exsules
1122 2010 1357 2075 iniuria
1380 2010 1596 2097 pulsos
1624 2011 1693 2073 in
1806 2012 1989 2075 triam
2019 2012 2284 2076 reduce-

180 2106 207 2136 ‘
222 2108 347 2173 ret,
386 2110 454 2162 et
490 2097 757 2162 servitiis
798 2118 989 2183 grave
1034 2096 1057 2160 i
1298 2095 1600 2161 demeret.
1728 2096 1773 2161 d
1815 2096 2002 2161 malle
2047 2097 2286 2185 populo

181 2192 206 2222 ‘
226 2182 527 2248 Romano
555 2194 809 2247 auctore
848 2181 1005 2247 fieri.
1148 2182 1169 2245 i
1200 2181 1289 2248 ibi
1318 2178 1461 2269 spes
1497 2205 1633 2247 non
1659 2182 1760 2259 sit,
1792 2204 1858 2246 se
1906 2180 2184 2259 Volscos,
2217 2194 2286 2247 et

183 2278 205 2309 ‘
232 2270 521 2356 Aequos,
558 2280 627 2335 et
660 2269 875 2333 omnia
909 2280 1194 2334 extrema
1228 2280 1627 2333 tentaturum
1671 2280 1738 2333 et
1780 2268 2285 2334 concitaturum?

182 2354 495 2421 Dilucere
525 2376 624 2419 res
654 2355 853 2441 magis
891 2353 1185 2419 Patribus
1214 2366 1407 2440 atque
1447 2353 1827 2419 consulibuS.
1918 2353 2182 2421 Praeter
2209 2378 2287 2420 ea
2413 2353 2512 2415 16.

182 2458 425 2519 tamen,
446 2462 609 2540 quae
632 2440 1190 2516 denuntiabantur,
1214 2462 1298 2503 ne
1326 2439 1718 2517 Veientium,
1742 2462 1874 2503 neu
1905 2438 2285 2505 Sabinorum

182 2528 259 2593 id
316 2526 651 2593 eonsilium
708 2540 891 2603 esset,
952 2526 1214 2590 timere:
1278 2536 1364 2600 et,
1427 2547 1628 2609 quum
1687 2538 1938 2589 tantum
1993 2526 2064 2589 in
2125 2527 2283 2591 urbe

182 2614 467 2679 hostium
496 2625 678 2690 esset,
710 2635 858 2678 mox
894 2610 1163 2676 Sabinae
1211 2608 1516 2674 Etruscae
1566 2632 1646 2674 ue
1676 2609 1960 2696 legiones
1999 2634 2083 2675 ex
2111 2634 2285 2676 com-

180 2699 396 2787 posito
437 2699 770 2775 adessent3
816 2711 954 2763 tum
984 2696 1227 2761 aeterni
1270 2695 1482 2761 hostae
1588 2694 1742 2761 olsci
1772 2708 1840 2760 et
1882 2696 2120 2783 Aequi,
2151 2720 2284 2761 non

184 2786 273 2851 ad
310 2784 727 2872 populandos,
766 2797 841 2851 ut
878 2796 1046 2859 ante,
1088 2782 1267 2859 fines,
1308 2781 1422 2846 sed
1461 2782 1544 2847 ad
1584 2783 1826 2859 urbem,
1867 2794 1940 2847 ut
1978 2806 2061 2847 ex
2104 2796 2284 2871 parte
2333 2796 2338 2799 '

184 2883 459 2958 captam,
500 2871 808 2936 venirent.
900 2868 1099 2935 Multi
1143 2881 1210 2933 et
1251 2869 1408 2933 varii
1451 2869 1726 2935 timores.
1817 2866 1998 2933 Inter
2043 2882 2285 2936 ceteros

184 2958 515 3023 eminebat
544 2968 745 3021 terror
782 2955 1038 3032 servilis,
1069 2978 1151 3019 ne
1182 2977 1334 3020 suus
1372 2955 1604 3041 cuique
1635 2954 1810 3019 domi
1850 2954 2046 3019 hostis
2081 2968 2279 3021 esset=

136 3072 167 3122 5
186 3044 297 3109 cui
327 3066 449 3109 nec
477 3042 753 3119 credere,
778 3066 919 3119 nec,
940 3064 1072 3107 non
1092 3040 1431 3118 credendo,
1453 3063 1536 3106 ne
1558 3040 1842 3105 infestior
1861 3041 2062 3119 fieret,
2087 3042 2284 3107 fidem

133 3150 169 3201 6
185 3132 513 3217 abrogare,
557 3127 705 3193 satis
749 3141 884 3193 erat
929 3140 1153 3193 tutum.
1244 3126 1505 3213 Vixque
1549 3127 1887 3191 concordia
1928 3128 2062 3192 sisti
2105 3128 2285 3192 vide·

139 3216 379 3299 7batur
404 3236 621 3302 poaee:
669 3225 921 3281 tantum
948 3213 1387 3300 superantibus
1417 3212 1556 3277 aliis
1595 3224 1784 3297 atque
1814 3214 2286 3299 emergentibus

256 3432 287 3467 ο
312 3416 726 3477 Quattuor-mma
740 3416 987 3465 homiuum
1000 3416 1205 3487 atquin-
1268 3410 1489 3469 t‘urandt’,
1511 3410 1544 3458 i.
1567 3426 1609 3458 e.
1633 3409 1808 3471 quibus
1831 3410 1978 3458 fidem
2007 3409 2284 3460 habendam
2607 3428 2644 3463 ο

182 3482 351 3546 perui]
386 3496 453 3530 sc.
477 3480 627 3541 Legio
650 3480 879 3529 Romana
906 3492 969 3525 ex
990 3490 1207 3539 qumque
1269 3474 1322 3522 in
1333 3474 1642 3523 iureiurando
1655 3489 1823 3536 neges:
1843 3478 1892 3521 et
1907 3474 2059 3524 Aoed.
2077 3474 2282 3531 Quaest.

188 3544 507 3601 eohom'bus3
539 3543 711 3591 cohors
742 3557 855 3591 vero
888 3554 1005 3589 xxx
1039 3543 1205 3588 centu·
1269 3537 1333 3586 iv.
1360 3536 1433 3599 36.
1479 3538 1750 3601 aequaliter
1769 3538 1989 3586 munibus
2018 3540 2286 3600 abrogyatur

188 3608 325 3665 risu
360 3607 579 3656 centuria
614 3620 728 3655 xxx
763 3604 945 3653 milites
979 3604 1208 3661 habebat,
1259 3604 1407 3663 fides,
1429 3601 1480 3649 id
1503 3607 1594 3659 eet,
1615 3600 1740 3648 nulli
1761 3600 1984 3649 creditur.
2043 3602 2283 3651 Reciden-

188 3678 454 3735 postquam
476 3670 631 3719 tribus
648 3668 847 3731 triginta
861 3669 1063 3717 effectae
1078 3673 1207 3715 sunt.
1273 3666 1393 3713 dum
1415 3679 1530 3726 ergo
1549 3664 1631 3712 hic
1654 3663 1846 3711 videtur
1862 3664 2009 3713 inane
2028 3665 2286 3727 glossema,

258 3750 289 3798 3
319 3738 499 3784 Aream
524 3735 843 3795 occupavere]
880 3730 1097 3780 Tiberim
1132 3746 1205 3778 ra-
1268 3745 1369 3778 non
1388 3729 1636 3777 eredendo.
1671 3728 1831 3776 Casv,

190 3798 326 3848 tibus
344 3798 499 3847 delati
520 3814 609 3860 per
626 3796 989 3847 Carmentalem
1013 3798 1205 3855 portam
1333 3790 1365 3842 6
1408 3793 1593 3855 Virque
1617 3792 1870 3841 eoncordia
1895 3794 2026 3853 sisti]
2069 3792 2286 3856 Vixque,

190 3878 319 3925 quae
340 3876 535 3924 semper
550 3866 723 3935 aperta
743 3864 863 3919 ent,
884 3857 1013 3907 viam
1038 3858 1091 3905 in
1112 3858 1206 3907 Co-
1272 3855 1420 3904 etiam
1454 3856 1680 3904 concordi
1719 3862 1948 3905 manente
1982 3856 2196 3916 civitate,
2217 3857 2285 3905 vi·

194 3925 425 3989 pitolium
446 3924 605 3973 moliti
626 3928 756 3971 sunt.
1272 3920 1479 3969 debatur
1537 3919 1692 3968 resisti
1754 3934 1894 3981 pone
1955 3920 2075 3969 huic
2135 3921 2285 3969 malo.

258 4007 291 4050 4
321 3992 517 4039 Incerto
536 3989 693 4049 hoste]
736 3986 911 4041 Quum
942 3984 1107 4033 adhuc
1137 4000 1207 4033 es-
1272 3982 1432 4033 cuv.

193 4059 269 4101 set
300 4051 561 4111 incertum,
598 4050 707 4112 quis
748 4048 901 4097 hostis
938 4054 1099 4106 esset3
1152 4053 1210 4095 ut
1341 4058 1367 4109 7
1398 4050 1565 4110 Atque
1599 4049 1974 4111 manentibus]
2019 4050 2095 4096 Ao
2136 4062 2284 4097 emer-

192 4115 279 4166 alii
295 4114 497 4165 ablativi
518 4114 717 4177 passim,
730 4111 815 4161 ubi
833 4112 1058 4175 particip.
1077 4110 1210 4160 verbi
1267 4112 1495 4173 pentibus
1529 4112 1682 4160 Drak.
1722 4116 1773 4161 et
1807 4110 2022 4161 Bekker.
2059 4111 2148 4159 sed
2179 4120 2286 4157 raro

192 4178 483 4229 substantivi
505 4178 739 4227 ominum
761 4182 849 4226 est.
886 4177 1017 4225 Bur.
1272 4174 1558 4235 admodum,
1571 4181 1622 4223 et
1641 4176 1841 4223 foi-tane
1863 4188 2117 4235 nunquam
2140 4172 2285 4234 parti-

262 4259 291 4306 5
332 4245 503 4293 Fidem
538 4243 802 4303 ahman]
868 4240 987 4289 Non
1030 4239 1210 4288 habere
1274 4240 1439 4287 culam
1472 4255 1533 4288 ao
1567 4238 1780 4300 reperias
1809 4238 1944 4299 apud
1979 4236 2286 4293 Ciceronem,

196 4308 367 4367 fidem,
389 4323 489 4357 non
520 4306 730 4355 medere.
794 4302 877 4353 Sic
899 4304 1005 4354 cic.
1028 4318 1117 4365 pro
1140 4303 1209 4360 Q.
1274 4302 1491 4361 Livium,
1534 4301 1814 4364 Virgilium,
1855 4306 1907 4349 et
1947 4298 2070 4347 alios
2110 4313 2287 4348 aureae

198 4368 1209 4437 Bowstqdbmabrmsfldemiuds-
1276 4365 1559 4416 Iatinitstis
1597 4363 2124 4484 scriptor-‚Zoestsm
2171 4366 2287 4409 ante
