3000 4784
778 237 969 304 LIB.
1024 237 1171 303 VII.
1238 237 1461 304 CAP.
1517 243 1613 303 18.
2123 239 2248 303 417

124 374 401 440 insueta
428 376 838 439 turbaverunt
866 375 1115 463 specie:
1161 389 1229 440 et
1259 389 1411 440 tunc
1443 374 1706 463 quidem
1733 373 1910 439 velut
1937 373 2252 474 lymphati
2270 388 2336 437 U.
2359 386 2420 436 O.
2445 398 2556 451 399·

124 474 207 524 et
272 462 529 527 attoniti
589 462 1003 527 munimentis
1059 463 1187 527 suis
1238 461 1487 563 trepido
1541 461 1792 549 agmine
1843 460 2207 527 inciderunt
2227 450 2423 564 331?
2445 463 2555 513 353·

124 547 405 625 deinde,
437 548 547 614 ubi
576 547 801 613 consul
828 548 1147 647 legatique
1185 571 1259 613 ac
1289 549 1528 612 tribuni
1562 570 1904 635 puerorum
1933 546 2060 611 ritu
2086 570 2252 613 vana
2264 530 2503 628 pssffisa

124 634 453 699 miracula
483 647 786 721 paventes
818 633 1167 699 imdebant
1198 634 1759 721 increpabantque,
1789 634 1978 699 vertit
2006 633 2248 698 animos
2261 643 2398 719 fimus
2439 705 2450 719 .

124 732 413 805 repente
458 720 703 808 pudor;
767 734 834 785 et
879 720 948 784 in
995 743 1072 785 ea
1116 720 1270 807 ipsa,
1304 744 1469 807 quae
1515 721 1827 808 fugerant,
1863 720 2040 785 velut
2075 719 2248 789 caeci
2261 712 2476 821 ἔξω

124 806 435 872 ruebant.
526 806 831 871 Discusso
873 807 1089 893 itaque
1135 830 1299 871 vano
1346 820 1654 894 apparatu
1699 807 1997 884 hostium,
2047 828 2249 906 quum
2419 807 2432 821 ‘

126 892 211 954 in
262 892 435 978 ipsos
480 906 748 957 armatos
798 914 865 957 se
916 892 1295 969 intulissent,
1345 906 1710 957 averterunt
1759 906 1957 958 totam
2002 915 2242 958 aciemz

126 978 491 1065 castrisque
520 979 713 1043 etiam
742 1002 819 1043 eo
850 978 955 1043 die
983 980 1191 1079 potiti,
1222 979 1455 1066 praeda
1484 980 1730 1066 ingenti
1759 992 1956 1065 parta,
1979 979 2248 1044 victores

126 1076 561 1142 reverterunt,
586 1064 959 1129 militaribus
980 1066 1134 1129 iocis
1154 1088 1357 1151 quum
1386 1078 1756 1152 apparatum
1785 1066 2083 1145 hostium,
2107 1077 2246 1129 tum

126 1172 333 1214 suum
369 1150 767 1237 increpantes
804 1173 1117 1238 pavorem.
1213 1149 1593 1216 Concitatur
1621 1150 1854 1215 deinde
1896 1174 2084 1215 omne
2129 1173 2245 1215 no-
2263 1166 2526 1215 Etruscum

82 1256 106 1301 >
128 1258 300 1300 men
332 1234 690 1315 Etruscum,
721 1250 805 1315 et,
832 1236 1403 1322 Tarquiniensibus
1434 1236 1817 1323 Faliscisque
1846 1236 2132 1313 ducibus,
2163 1236 2246 1300 ad
2259 1232 2462 1279 bellum.

134 1321 399 1386 Salinas
528 1324 841 1389 rveniunt.
934 1322 1261 1389 Adversus
1306 1346 1455 1387 eum
1503 1335 1805 1386 terrorem
1849 1322 2122 1387 dictator
2165 1320 2242 1387 C.
2262 1337 2321 1387 c.
2341 1335 2558 1385 Mucius

82 1428 96 1461 ¹
132 1406 432 1473 Marcius
522 1410 714 1473 utilus
780 1410 976 1473 rimus
998 1408 1079 1473 de
1149 1410 1287 1473 lebe
1312 1408 1540 1486 dictuS,
1565 1408 1932 1495 magistrum
1955 1407 2246 1509 equitum
2262 1401 2449 1463 primus
2469 1398 2539 1448 di-

128 1496 303 1558 item
326 1494 405 1558 de
427 1494 613 1581 plebe
639 1493 718 1559 C.
732 1432 1057 1560 {lantiam
1122 1496 1256 1560 ixit.
1319 1494 1399 1560 Id
1420 1518 1570 1559 vero
1592 1494 1888 1559 Patribus
1908 1494 2246 1581 indlgnum
2262 1470 2424 1591 ἓξὲξ,
2440 1480 2469 1512 ⁶

130 1580 369 1657 videri,
400 1582 591 1646 etiam
630 1580 1007 1645 dictaturam
1045 1581 1172 1644 iam
1211 1582 1281 1644 in
1318 1581 1680 1667 promiscuo
1717 1603 1890 1645 esse:
1938 1582 2244 1667 omnique

128 1690 271 1753 ope
307 1666 755 1753 impediebant,
788 1690 870 1731 ne
900 1665 1058 1752 quid
1098 1666 1392 1732 dictatori
1430 1666 1512 1730 ad
1558 1666 1628 1730 id
1666 1666 1904 1731 bellum
1943 1665 2247 1731 decerne-

128 1764 343 1829 retur,
372 1766 789 1839 parareturve.
854 1750 953 1817 Eo
980 1753 1335 1839 promptius
1362 1765 1612 1830 cuncta,
1643 1752 1888 1818 ferente
1917 1753 2246 1831 dictatore,

133 1838 423 1927 populus
460 1839 657 1904 iussit.
747 1838 1077 1903 Profectus
1122 1839 1203 1903 ab
1242 1839 1418 1918 urbe,
1456 1852 1724 1925 utraque
1763 1852 1941 1926 parte
1973 1840 2244 1916 Tiberia,

132 1926 387 1991 ratibus
414 1926 717 2001 exercitu,
741 1948 1127 2012 quocunque
1147 1925 1315 1990 fama
1334 1925 1614 1991 hostium
1635 1924 1926 2003 ducebat,
1961 1926 2243 2003 traiect0,

134 2010 385 2075 multos
412 2011 815 2098 populatores
842 2034 1134 2098 agrorum
1163 2034 1355 2098 vagos
1381 2011 1666 2098 palantes
1696 2012 2021 2098 oppressit.
2087 2012 2247 2077 Cas·
2265 2024 2436 2075 vineit

136 2111 249 2161 tra
294 2121 549 2185 quoque
596 2098 977 2185 necopinato
1020 2120 1367 2184 aggressus,
1398 2098 1607 2184 cepit:
1655 2110 1739 2173 et,
1781 2112 1926 2163 octo
1969 2097 2248 2163 millibus
2265 2090 2512 2139 Etruscos.

133 2184 429 2249 hostium
479 2184 696 2271 captia,
747 2183 974 2249 ceteris
1024 2197 1135 2267 aut
1192 2183 1407 2261 caesis,
1460 2195 1572 2247 aut
1621 2205 1705 2247 ex
1755 2205 1906 2269 agro
1952 2182 2247 2248 Romano

134 2270 399 2357 fugatis,
429 2271 565 2335 sine
596 2271 965 2336 auctoritate
995 2269 1278 2346 Patrum‚
1356 2268 1532 2369 opuli
1560 2268 1753 2346 iussu,
1785 2268 2214 2355 triumphavit.

243 2354 417 2430 Quia
460 2380 581 2421 nec
628 2379 742 2443 per
786 2357 1159 2422 dictatorem
1205 2292 1547 2442 plebelum,
1588 2376 1710 2419 nec
1747 2377 1864 2442 per
1899 2355 2245 2433 consulem,

136 2442 407 2509 comitia
448 2443 801 2507 consularia
841 2442 1061 2507 haberi
1089 2441 1404 2518 volebant,
1446 2454 1514 2505 et
1555 2440 1715 2505 alter
1755 2440 1977 2507 consul
2018 2440 2248 2505 Fabius

132 2527 319 2595 bello
366 2530 773 2606 retinebatur,
824 2552 924 2593 res
982 2528 1065 2593 ad
1122 2528 1357 2593 interre
1448 2550 1559 2591 um
1615 2526 1800 2592 redit.
1891 2525 2248 2614 Interreges

134 2615 450 2702 deinceps
498 2614 580 2689 Q„
612 2614 913 2679 Servilius
960 2613 1193 2691 Ahala,
1232 2613 1328 2678 M.
1408 2613 1606 2689 abius,
1659 2612 1782 2677 Cn.
1811 2611 2114 2689 Manlius,
2166 2612 2243 2677 C.

138 2700 401 2778 Fabius,
443 2701 521 2766 C.
552 2700 889 2788 Sulpicius,
933 2700 1009 2764 L.
1037 2699 1370 2776 AemiliuS‚
1416 2699 1498 2774 Q„
1531 2698 1850 2775 Servilius,
1893 2698 1988 2765 M.
2015 2697 2248 2769 Fabius

138 2788 522 2853 Ambustus.
600 2786 680 2851 In
708 2787 989 2852 secundo
1018 2786 1382 2872 interregno
1410 2798 1550 2851 orta
1577 2786 1902 2851 contentio
1931 2798 2044 2862 est,
2071 2783 2247 2872 quod

136 2872 285 2938 duo
329 2874 571 2959 patricii
622 2873 911 2937 consules
957 2872 1369 2937 creabantur:
1418 2872 2082 2958 intercedentibusque
2133 2870 2246 2935 tri-

136 2959 359 3037 buniS,
390 2959 669 3024 interrex
698 2958 929 3023 Fabius
963 2957 1187 3035 aiebat,
1237 2967 1257 2995 ‘
1276 2958 1348 3022 in
1385 2958 1728 3023 duodecim
1769 2958 1998 3023 tabulis
2036 2956 2242 3045 legem

142 3056 167 3084 ‘
195 3066 351 3122 esse,
382 3059 473 3123 ut,
504 3045 936 3133 quodcunque
974 3057 1365 3132 postremum
1402 3043 1676 3132 populus
1715 3044 2010 3120 iussisset,
2040 3043 2111 3108 id
2145 3044 2245 3107 ius

82 3162 110 3195 2
142 3141 168 3171 ‘
196 3143 401 3195 ratum
450 3154 531 3197 ue
567 3144 769 3208 esset3
816 3131 1055 3196 iussum
1082 3130 1303 3218 populi
1332 3142 1399 3195 et
1436 3132 1590 3195 suffr
1671 3130 1731 3193 'a
1755 3131 1930 3194 esse.'
2021 3128 2245 3203 Quum

136 3156 605 3283 intercedendo
626 3217 866 3282 tribuni
892 3215 1054 3280 nihil
1084 3215 1276 3292 aliud,
1300 3237 1491 3301 quam
1522 3152 1942 3279 utagifferrent
1969 3214 2244 3289 comitia,

136 3302 531 3380 valuissent3
579 3303 708 3368 duo
750 3302 998 3389 patricii
1041 3300 1330 3366 consules
1373 3300 1566 3364 creati
1611 3312 1779 3374 sunt,
1821 3298 1899 3362 C.
1931 3297 2248 3384 Sulpicius

136 3388 411 3457 Peticus
468 3390 745 3467 tertium,
808 3387 903 3455 Μ.
930 3385 1224 3452 Valerius
1282 3383 1652 3451 Publicola:
1728 3383 2082 3470 eodemque
2141 3382 2246 3449 die

134 3498 217 3541 m
303 3475 317 3488 ⁸
354 3486 585 3539 tratum
613 3475 909 3539 inierunt.
1376 3480 1393 3501 ⁹

314 3560 886 3647 uadi-ingentesimo
944 3582 1133 3637 anno,
1188 3580 1381 3646 quam
1438 3558 1588 3621 urbs
1641 3555 1935 3620 Romana
1991 3556 2249 3622 condita
2373 3562 2470 3623 18.

138 3659 305 3722 erat,
354 3648 579 3734 quinto
632 3646 966 3724 tricesimO,
1015 3668 1207 3732 quam
1260 3667 1299 3707 a
1348 3642 1552 3707 Gallis
1601 3655 1984 3729 recuperata,
2037 3642 2246 3708 ablato
2269 3644 2332 3694 U·
2357 3644 2415 3695 C·
2439 3659 2549 3707 400·

136 3744 297 3823 post
338 3733 750 3797 undecimum
796 3754 1037 3797 annum
1084 3754 1123 3795 a
1168 3730 1351 3817 plebe
1403 3728 1756 3807 consulatu,
1803 3729 2052 3817 patricii
2093 3752 2246 3795 con·
2263 3711 2322 3759 A.
2357 3710 2416 3759 c·
2443 3722 2550 3772 ⁵⁵²·

137 3982 387 4035 coloribus
413 3989 693 4045 serpentum
725 3984 782 4029 in
810 3982 1001 4029 niodum
1020 3980 1167 4027 nictit.
1236 3977 1469 4029 Laenate.

138 4048 213 4097 cf:
237 4061 367 4109 supr.
390 4046 453 4095 iv.
479 4060 557 4109 33.
591 4044 857 4095 Frontinus
877 4045 939 4092 de
962 4043 1167 4104 Strateg.
1299 4057 1325 4089 α
1348 4044 1548 4091 Iussum
1562 4043 1763 4104 populi]
1800 4041 2038 4101 Suffragia
2053 4054 2246 4100 quoque

138 4112 201 4161 ii.
226 4128 274 4169 4ἢ
1232 4121 1336 4153 esse
1369 4104 1557 4153 iussum
1587 4106 1794 4167 populi:
1836 4102 2094 4165 populum,
2127 4103 2246 4149 dum

217 4188 250 4237 9
272 4174 355 4219 Ad
372 4174 598 4233 Salinas]
627 4172 774 4228 Quae
796 4172 860 4219 ad
878 4168 1069 4221 Ostiam
1092 4184 1167 4217 ur-
1232 4167 1459 4229 suffragia
1472 4168 1582 4225 init,
1597 4183 1694 4216 non
1713 4167 1874 4213 minus
1895 4166 2077 4220 iubere,
2098 4178 2246 4236 quam

138 4243 269 4289 bem
292 4235 343 4283 in
364 4252 447 4284 ore
468 4235 665 4285 Tiberis
684 4240 837 4283 erant.
868 4249 998 4295 supr.
1020 4232 1055 4281 i.
1078 4245 1156 4293 33.
1234 4231 1272 4280 si
1295 4232 1594 4293 rogationem
1626 4230 1844 4292 aliquam
1877 4228 2098 4276 scisceret
2123 4234 2246 4275 anti-

222 4315 244 4349 1
286 4301 487 4348 Primus
515 4302 574 4349 de
601 4300 741 4363 plebe
772 4300 955 4357 dicem]
1016 4296 1173 4345 Haud
1234 4300 1479 4357 quaretve.
1511 4295 1673 4344 cmiv.

142 4362 305 4417 dubie
336 4378 367 4411 a
398 4362 593 4425 plebeio
626 4362 827 4413 consule
856 4362 929 4411 M.
956 4358 1171 4421 Popillio

242 4444 391 4491 ΥΟΕ.
426 4446 471 4491 1.
1795 4436 1837 4478 Ε
1867 4438 1902 4479 e
