3000 4784
387 876 593 927 Tribuni

386 948 551 990 vetant
558 958 694 993 arma

386 1005 511 1053 sumi
532 1020 585 1054 m

386 1069 579 1142 Herdo-

384 1147 537 1183 mum.

496 1299 594 1364 17.

388 1383 617 1433 Valerius

386 1449 501 1497 Cos.
524 1449 657 1497 inve-

385 1512 519 1560 hitur
539 1513 591 1561 in

384 1575 615 1626 tribunos.

711 215 833 278 164
1471 211 1698 281 ΤῙΤῙ
1754 211 2032 281 LIVII

382 355 453 468 X.
478 355 535 470 g.
560 369 670 482 :gg-
712 344 908 424 maIiS,
940 367 1129 412 nemo
1160 347 1445 413 tribunos
1484 363 1594 414 aut
1622 351 1875 451 plebem
1907 350 2188 415 timebat.
2282 347 2706 413 Mansuetum
2749 347 2824 411 id

712 430 968 510 malum,
1000 447 1067 498 et
1094 457 1209 520 per
1236 434 1504 499 aliorum
1540 451 1822 523 quletem
1863 437 2172 500 malorum
2203 457 2452 522 semper
2492 434 2822 509 exorienS,

715 531 978 605 tumque
1020 541 1154 584 esse
1199 523 1537 608 peregrino
1574 537 1810 586 terrore
1851 523 2127 610 sopitum
2161 522 2512 586 videbatur.
2607 521 2711 583 At
2753 519 2826 582 id

710 627 907 691 prope
938 628 1139 669 unum
1168 609 1442 670 maxime
1466 607 1784 672 inclinatis
1807 609 1994 672 rebus
2023 608 2339 671 incubuit:
2389 619 2605 670 tantus
2631 607 2826 670 enim

714 691 1001 755 tribunos
1028 693 1203 755 furor
1237 694 1463 770 tenuit,
1499 706 1571 757 ut
1601 715 1728 757 non
1759 695 2019 770 bellum,
2052 694 2166 756 sed
2207 715 2430 757 vanam
2463 693 2828 778 imaginem

710 776 879 852 belli,
906 778 988 840 ad
1016 779 1389 842 avertendos
1418 780 1497 842 ab
1527 779 1684 865 legis
1713 802 1864 843 cura
1893 779 2094 866 plebis
2124 780 2386 855 animOS,
2416 777 2828 864 Capitolium

710 862 1011 926 insedisse
1058 864 1553 928 contenderent:
1611 865 2020 951 patriciorum
2065 865 2345 951 hospites
2393 862 2825 949 clientesque,

708 947 761 1010 si
790 948 1033 1034 perlata
1068 949 1209 1034 lege
1238 950 1466 1014 frustra
1507 950 1922 1015 tumultuatos
1952 973 2085 1014 esse
2125 971 2191 1014 se
2223 950 2516 1026 sentiant,
2549 949 2824 1026 maiore,

756 1057 905 1098 uam
934 1037 1243 1111 venerint,
1262 1034 1516 1099 silentio
1538 1037 1832 1100 abituros.
1931 1035 2292 1100 Concilium
2325 1036 2476 1099 inde
2508 1034 2639 1120 legi
2669 1057 2828 1120 per-

710 1057 1007 1186 {rendae
1028 1121 1281 1198 habere,
1302 1134 1563 1186 avocato
1586 1123 1824 1209 populo
1847 1124 1926 1186 ab
1949 1120 2152 1185 armis
2221 1121 2524 1186 Senatum
2551 1121 2828 1185 interim

714 1206 1003 1271 consules
1032 1208 1288 1285 habent,
1314 1208 1437 1272 alio
1459 1231 1525 1272 se
1557 1209 1791 1273 maiore
1821 1209 1901 1272 ab
1925 1209 2194 1272 tribunis
2213 1221 2388 1271 metu
2409 1206 2825 1283 ostendente,

714 1314 904 1379 quam
958 1317 1149 1381 quem
1194 1307 1542 1359 nocturnus
1585 1294 1782 1358 hostis
1829 1294 2147 1358 intulerat.
2241 1293 2590 1380 Postquam
2639 1315 2830 1356 arma

797 1380 885 1456 ni,
928 1394 994 1444 et
1034 1381 1358 1445 discedere
1404 1381 1694 1445 homines
1738 1382 1816 1444 ab
1861 1381 2235 1444 stationibus
2281 1380 2647 1443 nuntiatum
2699 1393 2824 1455 est,

770 1513 785 1527 .
820 1465 1133 1543 ValeriuS,
1158 1466 1399 1554 collega
1428 1481 1716 1531 senatum
1747 1467 2084 1543 retinente,
2109 1489 2174 1530 se
2207 1487 2286 1528 ex
2317 1466 2493 1529 curia
2518 1466 2824 1552 proripit,

709 1551 862 1614 inde
910 1553 977 1614 in
1024 1553 1333 1638 templum
1381 1553 1462 1616 ad
1507 1554 1793 1617 tribunos
1835 1553 2044 1616 venit:
2111 1551 2333 1626 ‘Quid
2377 1552 2498 1615 hoc
2537 1551 2632 1614 rei
2679 1551 2872 1627 est,’8

711 1636 941 1723 inquit,
978 1646 997 1675 ‘
1014 1639 1295 1702 tribuni?
1342 1639 1467 1725 Ap.
1507 1638 1824 1703 Herdonii
1859 1639 2057 1702 ductu
2087 1651 2152 1702 et
2191 1639 2472 1724 auspicio
2509 1639 2829 1723 rempub—

716 1722 937 1786 ‘licam
974 1725 1250 1788 eversuri
1290 1725 1489 1788 estis?
1536 1724 1701 1788 Tam
1739 1724 1893 1789 felix
1929 1725 2106 1788 vobis
2145 1723 2628 1810 corrumpendis
2671 1724 2822 1799 sirit,

719 1816 738 1845 ‘
759 1809 872 1894 qui
917 1809 1171 1874 servitia
1210 1823 1419 1874 vestra
1462 1833 1592 1874 non
1634 1812 1977 1874 commovit
2019 1811 2282 1874 auctor?
2332 1809 2552 1884 Quum
2598 1809 2825 1875 hostes

719 1902 738 1931 ‘
754 1917 945 2043 suipra
972 1908 1163 1982 caput
1197 1897 1341 1972 sint,
1374 1895 1618 1960 discedi
1659 1898 1737 1961 ab
1768 1897 1973 1973 armiS,
2006 1895 2304 2046 legesgue
2343 1895 2494 1959 ferri
2533 1895 2758 1994 placet
2777 1897 2826 1958 ¹?

718 1977 797 2043 In
844 2003 881 2044 e
910 1981 992 2044 ad
1032 1981 1510 2047 multitudinem
1551 1983 1834 2047 oratione
1874 2005 2054 2046 versa
2070 2008 2100 2045 ε·
2139 1991 2157 2020 ‘
2225 1983 2246 2045 i
2276 2003 2388 2046 vos
2416 1981 2609 2058 urbis,
2647 1981 2826 2057 Qui-

717 2073 737 2104 ‘
754 2067 921 2144 riteS,
968 2069 1021 2130 si
1071 2068 1260 2132 vestri
1306 2067 1483 2132 nulla
1525 2091 1678 2136 cura
1728 2082 1836 2132 tan
1882 2069 1967 2144 it3
2029 2082 2094 2133 at
2137 2091 2248 2132 vos
2297 2067 2607 2132 veremini
2657 2067 2826 2132 deos

718 2159 739 2189 ‘
754 2167 1010 2230 vestros,
1061 2154 1140 2217 ab
1188 2154 1473 2219 hostibus
1526 2169 1757 2242 captos
1887 2155 2096 2241 upiter
2146 2155 2424 2240 optimus
2475 2155 2822 2230 maximus,

718 2245 739 2276 ‘
756 2237 922 2302 Iuno
939 2240 1176 2326 regina,
1198 2255 1263 2304 et
1286 2240 1600 2318 Minerva,
1621 2241 1728 2304 alii
1747 2240 1838 2304 dii
1859 2240 2144 2327 deaeque
2169 2238 2564 2303 obsidentur:
2611 2253 2828 2304 castra

720 2332 1078 2390 ‘servorum
1125 2327 1412 2413 publicos
1465 2341 1704 2391 vestros
1750 2341 2014 2413 penates
2068 2338 2306 2390 tenent.
2400 2324 2582 2389 Haec
2636 2327 2824 2390 vobis

717 2411 955 2476 ‘forma
982 2435 1168 2477 sanae
1200 2413 1468 2477 civitatis
1498 2412 1795 2477 videtur?
1839 2413 2121 2476 Tantum
2144 2412 2422 2475 hostium
2452 2434 2586 2476 non
2608 2412 2826 2476 solum

716 2499 921 2564 ‘intra
978 2523 1191 2564 muros
1242 2513 1355 2577 est,
1416 2497 1532 2564 sed
1591 2499 1657 2563 in
1717 2521 1858 2562 arce
1917 2521 2107 2585 supra
2153 2497 2361 2562 forum
2419 2497 2819 2584 curiamque.

718 2592 739 2620 ‘
759 2584 1043 2650 Comitia
1076 2587 1332 2651 interim
1360 2587 1429 2649 in
1458 2585 1596 2649 foro
1637 2597 1819 2648 sunt:
1867 2599 2120 2648 senatus
2149 2584 2218 2647 in
2248 2583 2424 2647 curia
2457 2597 2588 2647 est=
2637 2585 2824 2648 velut

718 2677 739 2707 ‘
756 2694 958 2770 quum
998 2673 1201 2735 otium
1240 2684 1514 2772 superat,
1547 2683 1804 2736 senator
1841 2671 2218 2734 sententiam
2249 2669 2444 2732 dic-it:
2493 2669 2600 2732 alii
2649 2669 2822 2744 Qui-

719 2763 740 2793 ‘
754 2770 907 2820 ntes
928 2758 1293 2842 suffragium
1318 2771 1560 2821 meunt.
1656 2756 1828 2833 Non,
1855 2755 2163 2842 quicquid
2192 2754 2457 2819 Patrum
2479 2754 2820 2842 plebisque

718 2848 739 2878 ‘
756 2855 869 2916 est,
912 2841 1220 2918 consules,
1264 2843 1568 2918 tribunos,
1610 2842 1782 2920 deOS,
1819 2843 2236 2928 hominesque
2278 2863 2497 2905 omnes
2541 2856 2822 2906 armatos
2835 2873 2866 2920 9

719 2933 943 3011 ‘opem
978 2927 1159 3002 serre,
1191 2926 1261 2989 in
1296 2925 1686 3013 Capitolium
1727 2951 1997 3005 currere,
2029 2927 2294 2992 liberare
2331 2949 2406 2990 ac
2434 2947 2661 3013 pacare
2703 2951 2822 2992 au-

719 3019 741 3050 ‘
754 3011 1177 3160 {tutissimam
1222 3010 1392 3076 illam
1442 3011 1700 3076 domum
1748 3012 1914 3078 Iovis
1958 3012 2182 3100 optimi
2235 3013 2496 3076 maximi
2549 3011 2822 3078 decuit?

716 3105 739 3134 ‘
823 3096 1035 3161 omule
1076 3109 1273 3184 pater,
1307 3110 1379 3161 tu
1406 3110 1690 3162 mentem
1722 3113 1914 3178 tuam,
1947 3123 2076 3186 qua
2103 3098 2425 3184 quondam
2469 3120 2704 3175 arcem,
2739 3101 2820 3164 ab

718 3191 739 3222 ‘
754 3181 854 3247 his
888 3182 1113 3248 iisdem
1160 3183 1409 3248 Sabinis
1448 3207 1600 3249 auro
1629 3197 1897 3270 captam,
1939 3185 2251 3272 recepisti,
2283 3184 2368 3247 da
2403 3183 2582 3270 stirpi
2625 3197 2782 3248 tuae
2796 3209 2816 3248 ,ε

718 3270 903 3333 ‘iube
927 3270 1092 3334 hanc
1115 3268 1364 3356 ingredi
1391 3271 1578 3346 viam,
1605 3293 1795 3356 quam
1826 3285 1898 3334 tu
1927 3269 2078 3348 dux,
2105 3293 2297 3358 quam
2327 3283 2473 3334 tuus
2496 3270 2821 3355 ingressus

720 3364 740 3398 ‘
760 3355 1076 3418 exercitus
1104 3369 1215 3418 est.
1308 3355 1580 3432 Primus,
1613 3379 1715 3432 en,
1748 3379 1867 3440 ego
1907 3355 2145 3433 consul,
2177 3369 2490 3442 quantum
2528 3356 2820 3420 mortalis

719 3439 947 3503 ‘deum
992 3461 1267 3526 possum,
1300 3452 1383 3519 te,
1416 3465 1488 3505 ac
1519 3454 1631 3505 tua
1668 3442 1931 3528 vestigia
1957 3443 2224 3530 sequar?
2314 3441 2632 3506 Ultimum
2673 3464 2820 3506 ora-

716 3525 908 3590 tionis
957 3526 1097 3604 fuit,
1149 3534 1170 3563 ‘
1191 3526 1272 3591 Se
1322 3550 1495 3592 arma
1541 3550 1786 3615 capere,
1841 3551 2062 3592 vocare
2117 3551 2337 3592 omnes
2394 3527 2679 3602 Quirites
2734 3529 2820 3593 ad

716 3619 739 3672 .‘
752 3633 963 3676 arma:
1018 3613 1073 3676 si
1119 3613 1263 3699 quis
1307 3613 1632 3701 impediat,
1685 3614 1812 3678 iam
1865 3636 1930 3678 se
1983 3613 2325 3678 consularis
2367 3613 2640 3700 imperii,
2683 3615 2839 3680 iamt

714 3817 948 3866 vocalem.
1032 3815 1309 3880 Scripturas
1364 3816 1615 3866 Serbonici
1669 3831 1726 3865 ac
1793 3815 2219 3866 concionabantur.
2238 3818 2398 3866 cmiv.
2433 3817 2496 3866 cf.
2515 3833 2646 3879 supr.
2659 3817 2712 3866 ii.
2733 3821 2814 3881 56.

716 3881 959 3930 Victorini
981 3882 1122 3930 codd.
1146 3897 1205 3930 ao
1230 3882 1572 3943 meryentibm,
1593 3895 1727 3928 nem·-
1924 3883 2079 3940 Deos]
2139 3883 2279 3930 Cives
2321 3883 2660 3942 reponendum
2705 3885 2818 3933 vult

716 3959 780 4008 pe
800 3945 1171 4006 rempublicam,
1191 3947 1336 3993 favet.
1369 3945 1529 3992 Cnev.
1796 3944 1839 3991 1.
1908 3959 1946 3991 r.
1971 3944 2206 4003 Gmnov„
2239 3959 2335 4006 quo
2359 3944 2580 4007 gradatio
2613 3947 2815 3995 concin-

780 4009 811 4056 8
848 4011 1119 4071 Templum]
1158 4009 1301 4056 Haec
1334 4007 1534 4056 coniitia
1553 4006 1604 4054 in
1625 4007 1728 4054 foro
1792 4007 1900 4054 nior
1921 4007 2010 4055 sit:
2047 4008 2132 4055 sed
2155 4009 2280 4055 nihil
2301 4023 2426 4069 opus
2447 4012 2538 4066 est,
2558 4009 2816 4070 quoniam,

714 4072 1030 4120 habebantur.
1096 4073 1303 4120 Comitia
1330 4074 1530 4120 interim
1547 4073 1604 4117 in
1613 4072 1730 4130 som
1793 4076 1956 4132 patres
1969 4071 2122 4132 plebi,
2139 4073 2362 4120 consules
2375 4071 2600 4129 tribunis,
2617 4071 2708 4120 Dii
2725 4073 2816 4120 ho-

711 4143 845 4194 mnt,
865 4134 1025 4196 inquit
1048 4134 1279 4181 Valerius
1298 4134 1349 4182 in
1372 4135 1589 4182 oratione
1611 4147 1726 4182 mox
1792 4133 2022 4192 minibus,
2031 4135 2280 4182 contrariis
2293 4133 2814 4196 contra-impponun-

711 4203 949 4246 secutura.
1017 4198 1193 4257 Itaque
1229 4198 1490 4258 templum,
1523 4197 1586 4243 de
1630 4211 1726 4256 quo
1791 4202 1887 4256 tur,
1908 4197 2138 4258 idemque
2170 4198 2467 4260 intelligunt,
2488 4197 2620 4258 quod
2647 4214 2816 4250 onum

710 4259 793 4307 hic
813 4260 987 4321 agitur,
1008 4260 1087 4308 vel
1121 4259 1373 4307 comitium
1406 4259 1596 4318 est‚'vel
1617 4274 1724 4321 sug-
1789 4263 2000 4319 omnino,
2019 4266 2077 4308 ut.
2098 4260 2274 4308 Duker
2295 4266 2474 4310 censet.

711 4329 901 4381 gestum
935 4337 996 4370 ex
1032 4337 1131 4382 quo
1164 4321 1345 4369 tribuni
1382 4323 1447 4370 ad
1486 4323 1725 4383 populum
1860 4339 1881 4372 1
1917 4326 2030 4374 Iam
2049 4340 2101 4374 ιο
2122 4326 2393 4375 emundaris
2411 4326 2608 4388 imperi·
2632 4361 2712 4380 .‚..
2732 4329 2814 4378 ob-
