3000 4784
744 242 935 309 LIB.
982 243 1137 310 VII.
1200 244 1423 311 CAP.
1472 252 1575 312 30.
2073 254 2198 313 431

128 386 370 455 vestra,
428 378 763 444 continens
835 382 1175 468 imperium
1367 404 1450 445 ue
1526 381 1609 446 ad
1681 404 1798 447 nos
1870 381 2200 447 habebitis.
2225 398 2292 448 U.
2316 399 2376 448 C.
2401 414 2510 460 412.

130 465 475 529 Acerbum
512 488 587 530 ac
626 467 929 531 miserum
968 480 1083 545 est,
1116 467 1293 554 quod
1354 468 1513 532 ateri
1554 490 1674 532 nos
1706 468 1961 533 fortuna
1995 481 2207 533 nostra
2222 465 2283 513 A.
2319 466 2378 513 0·
2403 478 2513 525 3⁴0·

103 558 105 565 '
132 552 338 637 cogit.
404 550 503 617 Eo
522 566 788 617 ventum
818 568 931 631 est,
957 553 1181 618 Patres
1210 555 1450 619 conseri
1500 554 1570 630 ti,
1595 567 1670 618 ut
1697 568 1808 618 aut
1837 555 2202 633 amicorum,

103 644 255 701 'aut
310 638 711 704 inimicorum
767 639 1083 728 Campani
1128 640 1343 705 simus.
1486 641 1510 704 i
1559 640 1920 718 defenditiS,
1969 644 2200 706 vestri:

102 724 187 787 'si
232 723 543 801 deseritis,
586 725 968 791 Samnitium
1016 727 1268 791 erimus,
1365 726 1658 813 Capuam
1701 750 1852 814 ergo
1896 740 1963 792 et
2011 727 2206 793 Cam-

102 811 403 896 ·'paniam
462 833 717 877 omnem
767 813 991 877 vestris
1040 836 1125 878 an
1180 812 1562 877 Samnitium
1612 814 1852 878 viribus
1901 814 2202 880 accedere

102 896 399 974 ‘malitia
444 896 805 964 deliberate.
901 899 1219 964 Omnibus
1316 899 1554 977 uidem,
1599 900 1896 977 Romani,
1932 914 2202 966 vestram

102 983 660 1061 ‘misericordiam,
692 998 1099 1073 vestrumque
1144 987 1293 1050 auxi
1322 986 1454 1050 'um
1493 1008 1770 1072 aequum
1809 998 1907 1051 est
1943 1001 2200 1073 patere;

102 1070 217 1132 ‘iis
262 1083 481 1133 tamen
520 1072 814 1148 maxime,
846 1074 978 1158 qui,
1010 1095 1153 1137 eam
1192 1071 1676 1159 implorantibus
1714 1073 1856 1136 aliis
1895 1073 2204 1139 auxilium

102 1155 305 1219 ‘dum
336 1178 524 1243 supra
548 1158 712 1221 vires
741 1180 883 1223 suas
954 1170 1249 1237 raestant,
1282 1180 1504 1223 omnes
1537 1159 1658 1245 ipsi
1694 1158 1762 1221 in
1791 1158 1956 1223 hanc
1983 1182 2204 1225 neces-

102 1242 399 1306 ‘sitatem
457 1259 786 1308 venerunt.
980 1268 1301 1331 uanquam
1406 1244 1782 1332 ugnavimus
1839 1246 2030 1309 verbo
2087 1268 2204 1332 pro

102 1326 471 1406 Sidicinis,
520 1352 588 1395 re
640 1352 756 1417 pro
805 1331 1008 1408 nobie,
1050 1353 1249 1417 quum
1296 1332 1361 1394 vi
1408 1352 1658 1395 eremus
1703 1330 2045 1394 finitimum
2091 1354 2207 1418 po-

102 1414 376 1499 ⁵pulum
426 1415 667 1480 nefario
718 1417 1047 1481 latrocinio
1098 1416 1479 1481 Samnitium
1531 1417 1706 1503 peti3
1763 1428 1846 1493 et,
1897 1417 2008 1481 ubi
2055 1440 2208 1481 con-

102 1500 516 1587 ‘flagrassent
564 1500 847 1580 Sidicini,
885 1502 968 1567 ad
1010 1526 1128 1567 nos
1176 1503 1584 1566 traiecturum
1631 1501 1792 1565 illud
1837 1503 2206 1568 incendium

102 1593 303 1651 ‘essa
398 1586 542 1653 Nec
592 1589 765 1653 enim
816 1612 1009 1665 nunc,
1059 1588 1213 1675 quia
1261 1587 1483 1652 dolent
1534 1588 1830 1653 iniuriam
1881 1605 2205 1677 acceptam

102 1682 113 1709 ⁵
142 1672 489 1751 Samnites,
521 1675 633 1739 sed
662 1676 813 1762 quia
840 1675 1125 1775 gaudent
1152 1674 1425 1740 oblatam
1454 1675 1576 1739 sibi
1611 1698 1745 1740 esse
1786 1698 2060 1754 causam,
2091 1700 2207 1764 op-

102 1768 503 1847 ‘pugnatum
550 1784 667 1825 nos
711 1774 993 1826 veniunt.
1088 1762 1219 1838 An,
1262 1762 1313 1825 si
1362 1760 1522 1825 ultio
1569 1762 1700 1826 irae
1747 1762 1926 1840 haec,
1968 1775 2033 1828 et
2073 1786 2206 1828 non

102 1847 397 1911 ‘occasio
456 1847 819 1947 cupiditatis
878 1848 1228 1935 explendae
1296 1860 1478 1924 esset,
1548 1870 1772 1935 pamm
1827 1849 1969 1928 fuit,
2030 1850 2206 1938 quod

102 1932 349 1997 ‘semel
375 1934 445 1997 in
478 1932 763 1998 Sidicino
792 1957 962 2021 agro,
994 1936 1225 1999 iterum
1260 1936 1329 1997 in
1363 1934 1720 2021 Campania
1753 1936 1890 2023 ipsa
1922 1936 2206 2023 legiones

102 2026 117 2055 ‘
140 2032 395 2083 nostras
440 2019 776 2085 cecidere?
868 2020 1053 2095 Quae
1100 2034 1197 2085 est
1242 2022 1363 2084 ista
1408 2032 1538 2084 tam
1584 2022 1814 2086 infesta
1857 2023 1969 2100 ira,
2057 2044 2206 2086 uam

102 2112 117 2141 ‘
230 2128 265 2169 r
292 2106 453 2169 duas
480 2105 647 2171 acies
673 2107 849 2171 fusus
876 2107 1132 2193 sanguis
1157 2106 1417 2192 explere
1452 2128 1584 2170 non
1612 2108 1937 2193 potuerit?
2011 2046 2204 2172 {tide

102 2199 120 2227 ‘
140 2128 279 2256 Εῗιο
316 2192 794 2279 populationem
990 2216 1153 2269 rum,
1182 2191 1448 2279 praedas
1486 2191 1822 2257 hominum
1859 2204 2052 2279 atque
2093 2216 2206 2279 pe-

102 2285 120 2313 ‘
143 2278 393 2342 cudum
442 2290 629 2355 actas,
681 2280 869 2344 incen
918 2280 980 2343 ia
1028 2278 1317 2343 villarum
1368 2300 1441 2341 ac
1491 2278 1725 2355 ruinas,
1779 2280 1994 2343 omnia
2040 2279 2206 2344 ferro

103 2363 283 2450 ‘igni
332 2387 415 2429 ue
461 2378 715 2430 vastata.
810 2364 1076 2429 Hiscine
1124 2365 1216 2428 ira
1259 2363 1502 2451 expleri
1548 2386 1680 2428 non
1813 2364 1985 2431 tuit?
2078 2364 2208 2431 Sed

104 2458 119 2485 ‘
142 2452 299 2538 cupi
350 2451 465 2516 'tas
514 2474 594 2516 ex
640 2451 835 2516 lenda
883 2464 995 2515 est.
1090 2449 1189 2515 Ea
1238 2450 1321 2515 ad
1371 2472 1716 2536 oppugnan
1762 2473 1865 2514 am
1917 2451 2207 2538 Capuam

104 2544 121 2571 ‘
144 2558 215 2601 ra
264 2538 335 2600 it.
398 2537 537 2602 Aut
564 2474 775 2603 dglere
808 2538 1030 2602 urbem
1058 2536 1568 2624 pulcherrimam,
1597 2550 1709 2601 aut
1737 2536 1857 2623 ipsi
1885 2537 2207 2624 possidere

105 2630 123 2659 ‘
146 2560 391 2689 volunt.
488 2622 617 2688 Sed
655 2646 767 2688 vos
808 2624 1039 2712 potius,
1080 2622 1375 2699 Romani,
1412 2622 1726 2687 beneficio
1769 2637 1976 2687 vestro
2019 2645 2208 2688 occu-

105 2716 123 2745 ‘
230 2722 297 2773 te
329 2732 489 2786 eam,
514 2732 707 2796 quam
738 2711 877 2775 illos
905 2710 1137 2774 habere
1167 2731 1284 2796 per
1310 2708 1693 2773 maleficium
1721 2709 1958 2774 sinatis.
2052 2708 2208 2773 Non

107 2802 125 2831 ‘
146 2732 382 2883 fgquor
410 2818 447 2859 a
492 2796 582 2861 ud
610 2809 1007 2861 recusantem
1036 2797 1202 2861 iusta
1232 2794 1397 2859 bella
1427 2818 1514 2881 po
1561 2794 1738 2859 ulum
1762 2819 1778 2871 3
1827 2796 1940 2861 sed
1971 2808 2204 2873 tamen,

107 2888 126 2918 ‘
146 2883 199 2945 si
254 2894 439 2947 osten
486 2882 659 2947 eritis
709 2883 945 2947 auxilia
992 2894 1218 2958 vestra,
1272 2904 1355 2946 ne
1406 2880 1577 2945 belo
1629 2881 1890 2968 quidem
1941 2883 2208 2947 arbitror

106 2976 123 3003 ‘
145 2968 331 3032 vobis
378 2990 538 3055 opus
581 2968 733 3033 fore.
828 2968 1052 3053 Usque
1100 2968 1181 3031 ad
1226 2990 1343 3031 nos
1390 2980 1792 3055 contemptus
1825 2968 2206 3033 Samnitium

107 3061 125 3089 ‘
236 3054 465 3130 rvenit,
490 3076 680 3141 supra
708 3076 839 3119 non
868 3053 1169 3119 escendit.
1248 3052 1473 3152 Itaque
1505 3054 1730 3119 umbra
1749 3056 1940 3119 vestri
1963 3054 2203 3133 auxilii,

107 3148 125 3176 ‘
146 3076 456 3215 ffomani,
510 3142 641 3226 tegi
776 3162 1060 3204 saumus:
1127 3139 1435 3226 quicquid
1485 3139 1722 3203 deinde
1781 3140 2204 3216 habuerimus,

106 3234 124 3261 ‘
194 3225 461 3311 uicquid
519 3226 641 3326 ipsi
688 3162 1014 3302 ffel-imus,
1066 3238 1343 3289 vestrum
1400 3223 1470 3287 id
1527 3246 1717 3287 omne
1769 3226 2202 3288 existimaturi.

107 3320 125 3348 ‘
146 3248 355 3376 z'obis
400 3314 679 3377 arabitur
724 3334 873 3400 ager
924 3311 1330 3397 Campanus3
1383 3310 1562 3375 vobis
1616 3308 1841 3395 Capua
1889 3311 2038 3373 urbs
2081 3310 2208 3374 fre-

107 3406 125 3433 ‘
147 3398 601 3497 quentabiturt
667 3398 1086 3474 conditorum,
1260 3406 1502 3472 entum,
1561 3394 1825 3459 deorum
1885 3394 2208 3461 immorta-

107 3490 125 3519 ‘
147 3484 311 3547 hum
343 3506 609 3549 numero
638 3484 820 3549 nobis
848 3484 1039 3549 eritis.
1204 3481 1335 3546 ulla
1362 3480 1614 3545 colonia
1638 3492 1845 3545 vestra
1871 3482 2009 3559 erit,
2041 3504 2204 3569 quae

108 3577 127 3606 ‘
148 3592 270 3633 nos
308 3570 613 3657 obsequio
650 3592 803 3657 erga
834 3592 945 3635 vos
980 3569 1237 3655 fideque
1278 3577 1549 3653 superet.
1641 3565 1954 3644 Annuite,
1986 3567 2208 3633 Patres

174 3808 203 3858 7
228 3798 306 3845 Eo
326 3803 523 3845 nemum
542 3798 639 3857 est]
666 3796 728 3845 cf.
743 3795 1128 3857 corcyraeorum
1192 3798 1378 3853 mouet,
1416 3798 1466 3841 et
1502 3792 1636 3869 Virg.
1677 3794 1786 3844 Ecl.
1823 3795 1890 3846 ix.
1936 3812 1964 3861 5
1969 3810 2012 3861 5.
2054 3799 2210 3857 eitatg

110 3860 283 3907 Oratio
318 3874 401 3921 ap.
440 3858 667 3922 Thucyd.
710 3860 743 3908 i.
786 3858 862 3921 36.
906 3861 996 3907 sub
1040 3860 1124 3907 fin.
1192 3858 1225 3883 ‘⁸
1250 3858 1347 3906 Sed
1390 3862 1558 3906 tamen
1599 3862 1698 3907 uta
1739 3858 1854 3909 satis
1895 3862 2069 3911 referet
2115 3862 2206 3911 tibi

109 3925 243 3971 unde
264 3922 387 3971 haec
408 3938 639 3985 express
669 3938 773 3972 esse
804 3922 903 3972 iam
936 3922 1127 3971 monuit
1191 3936 1339 3983 saepe
1394 3922 1699 3972 Menalcas?
1781 3924 2021 3988 Elliptica
2071 3926 2206 3974 haud

109 3985 351 4049 Sigonius.
386 3988 517 4035 Bur.
1190 3985 1339 4033 dubie
1380 3984 1506 4035 haec
1543 3987 1714 4045 oratio,
1748 4003 1874 4049 quae
1909 3988 2042 4036 idem
2075 3990 2206 4035 valet

172 4050 205 4099 8
250 4052 427 4110 Verbo]
467 4050 902 4107 Quemadmodum
937 4066 1128 4109 nmen,
1191 4064 1251 4097 ac
1284 4048 1324 4097 ai
1359 4048 1618 4109 diceretur,
1638 4050 1762 4098 nihil
1795 4066 1920 4113 opus
1954 4056 2026 4098 est
2054 4055 2112 4096 ut
2144 4050 2206 4098 de

111 4119 165 4163 ut
184 4128 318 4176 supr.
343 4128 421 4178 39.
464 4116 620 4177 maai:
652 4128 825 4163 nomen
846 4116 914 4161 ad
940 4115 1129 4175 praesi-
1192 4112 1286 4161 hac
1324 4128 1395 4169 re,
1430 4116 1578 4161 verba
1613 4112 1866 4171 faciamus,
1907 4128 1972 4161 sc.
2019 4119 2072 4160 ut
2111 4112 2206 4159 hoc

110 4179 263 4237 dium,
283 4178 355 4225 ita
376 4176 527 4227 etiam
548 4178 749 4227 verbum
770 4177 904 4226 haud
924 4192 1033 4225 raro
1054 4179 1129 4227 rei
1194 4176 1381 4224 bellum
1411 4176 1598 4225 iustum
1631 4190 1736 4224 ense
1769 4176 1904 4223 vobis
1932 4176 2208 4237 probemus,

110 4240 201 4303 ipsi
238 4256 269 4288 o
306 4242 521 4303 ponitur.
574 4242 637 4290 ef.
676 4240 786 4290 infr.
828 4240 1015 4289 xxxvii.
1053 4254 1129 4303 53.
1196 4240 1381 4312 quippo
1410 4238 1451 4287 si
1478 4240 1629 4287 modo
1657 4238 1845 4287 auxilia
1868 4245 2024 4287 vestra
2050 4244 2208 4287 osten-

112 4304 217 4354 Cic.
292 4320 383 4354 err.
408 4304 475 4354 iii.
501 4304 579 4367 58.
1194 4302 1379 4360 derina,
1398 4317 1462 4349 ne
1482 4304 1618 4351 bello
1636 4302 1836 4362 quidem
1859 4316 1982 4363 opus
2003 4300 2164 4351 fixerit.

172 4382 206 4431 9
234 4370 331 4417 Sed
349 4370 539 4429 tamen]
576 4382 646 4417 ac.
664 4366 891 4426 Interim,
906 4373 963 4415 ut
980 4367 1129 4416 Doer.
1266 4380 1285 4413 1
1310 4368 1631 4424 Annuite,...
1647 4372 1824 4413 nutum
1841 4380 2210 4428 numenqueve-
