3000 4784
907 200 1094 266 LIB.
1143 199 1193 264 I.
1264 199 1486 265 CAP.
1546 206 1648 266 26.
2239 209 2316 269 31

227 338 406 403 Tum
436 337 728 414 clamore,
759 337 965 424 qualis
994 360 1076 402 ex
1104 337 1422 423 insperato
1450 336 1799 402 faventium
1828 337 2007 415 solet,
2045 336 2323 402 Romani

227 425 538 490 adiuvant
587 425 855 490 militem
905 447 1124 488 suum:
1189 437 1255 488 et
1297 423 1401 489 ille
1445 424 1710 512 defungi
1760 423 2001 512 proelio
2050 423 2321 488 festinat.

225 511 420 576 Pfius
447 511 684 597 itaque,
729 535 921 598 quam
949 511 1126 588 alter,
1171 511 1283 597 qui
1321 533 1440 576 nec
1524 511 1701 576 rocul
1744 511 1975 588 aberat,
2022 510 2326 597 consequi

417 609 462 674 t,
516 613 584 662 et
633 598 898 663 alterum
947 597 1304 662 Curiatium
1357 620 1478 662 con
1524 598 1629 662 cit.
1722 597 2005 684 Iamque,
2054 610 2327 683 aequato

315 699 471 761 arte,
503 685 736 771 singuli
765 697 1170 772 supererant3
1217 684 1330 747 sed
1375 707 1494 748 nec
1538 707 1670 784 spe,
1702 707 1821 748 nec
1859 683 2095 748 viribus
2122 705 2323 769 pares.

235 770 536 836 Alterum
563 772 871 836 intactum
897 772 1063 838 ferro
1091 793 1316 858 corpus
1339 784 1405 835 et
1430 785 1752 858 gemmata
1770 770 2033 835 victoria
2052 769 2325 834 ferocem

228 859 302 922 in
333 871 655 922 certamen
692 859 950 923 tertium
980 857 1248 923 dabant:
1299 857 1473 935 alter,
1520 857 1755 922 fessum
1781 856 2062 933 vulnere,
2094 856 2325 920 fessum

227 967 424 1009 cursu
477 945 732 1009 trahens
780 967 1027 1031 corpu8‚
1079 945 1408 1031 victusque
1459 944 1725 1008 fratrum
1776 957 1921 1008 ante
1974 966 2039 1008 se
2099 956 2325 1029 strage,

228 1031 460 1096 victori
488 1031 782 1096 obiicitur
807 1031 991 1096 hosti.
1068 1030 1212 1095 Nec
1241 1030 1400 1095 illud
1429 1030 1741 1118 proelium
1768 1031 1904 1095 fuit.
1999 1029 2330 1094 Romanus

230 1118 578 1193 exsultans,
612 1127 632 1155 ‘
649 1118 869 1195 Duoe,'
897 1118 1125 1203 inquit,
1174 1127 1192 1155 ‘
1207 1118 1472 1182 flatrum
1504 1117 1807 1182 Manibus
1835 1116 2020 1181 dedi:
2068 1116 2328 1180 tertium

235 1213 256 1244 ‘
277 1228 505 1270 causae
539 1204 688 1268 belli
730 1204 1010 1282 huiusce,
1041 1219 1116 1268 ut
1146 1203 1476 1267 Romanus
1506 1203 1761 1268 Albano
1805 1203 2093 1288 imperet,
2124 1202 2328 1266 dabo.’

231 1291 416 1356 Male
461 1292 796 1356 sustinenti
837 1313 1012 1355 arma
1050 1290 1333 1378 gladium
1368 1312 1639 1377 superne
1681 1289 1899 1376 iugulo
1934 1289 2188 1375 defigit:
2237 1289 2329 1351 ia-

230 1393 492 1443 centem
519 1377 760 1464 spoliat.
855 1377 1132 1442 Romani
1161 1389 1420 1440 ovantes
1449 1399 1523 1440 ac
1561 1377 1950 1463 gratulantes
1986 1373 2327 1438 Horatium

230 1465 588 1551 accipiunt3
633 1487 710 1529 eo
753 1464 987 1528 maiore
1033 1487 1180 1528 cum
1304 1463 1476 1540 udio,
1523 1484 1651 1549 quo
1698 1484 1894 1549 prope
1944 1473 2183 1525 metum
2227 1481 2329 1524 res

229 1551 459 1616 fuerat
552 1551 664 1616 Ad
705 1551 1090 1638 sepulturam
1133 1550 1200 1614 in
1249 1573 1284 1614 e
1327 1571 1585 1614 suorum
1627 1571 2028 1635 nequaquam
2190 1547 2329 1611 'bus

232 1638 464 1704 animis
493 1650 856 1713 vertuntur-3
905 1638 1140 1725 quippe
1165 1637 1429 1724 imperio
1452 1635 1633 1701 alteri
1656 1636 1844 1712 aucti,
1868 1634 2049 1698 alteri
2116 1633 2329 1698 itionis

231 1725 480 1790 alienae
519 1725 684 1788 facti.
779 1723 860 1788 Se
907 1724 1080 1788 ulcra
1122 1737 1387 1800 exstant,
1420 1745 1549 1809 quo
1580 1724 1849 1810 quisque
1888 1721 2029 1786 loco
2059 1721 2323 1785 cecidit:

231 1812 368 1876 duo
399 1812 692 1876 Romana
721 1833 850 1874 uno
861 1748 1018 1876 Ιἰοοο
1046 1811 1304 1897 propius
1333 1809 1589 1887 Albam,
1622 1811 1742 1874 tria
1770 1809 2025 1873 Albana
2054 1807 2327 1872 Romam

229 1921 491 1975 versus3
531 1897 644 1962 sed
673 1897 972 1962 distantia
998 1897 1170 1974 lociS,
1203 1911 1268 1962 et
1297 1908 1370 1959 ut
1396 1909 1749 1984 pugnatum
1779 1906 1891 1960 est.

323 1985 704 2071 Priusquam
747 1984 897 2048 inde
945 1983 1446 2070 digrederentur,
1492 1983 1741 2071 roganti
1793 1981 2024 2058 Metto,
2072 2003 2154 2044 ex
2195 1980 2329 2045 foe-
2449 1991 2553 2051 26.

233 2072 390 2138 dere
431 2072 558 2135 icto
599 2070 754 2158 quid
790 2071 1148 2157 imperaret,
1193 2069 1460 2156 imperat
1499 2069 1747 2146 Tuum,
1793 2069 1887 2133 uti
1931 2069 1949 2130 i
1956 2081 2327 2132 uventutem

231 2160 306 2222 in
345 2159 535 2222 armis
572 2157 832 2222 habeat:
886 2179 1144 2221 usurum
1179 2179 1248 2220 se
1292 2177 1513 2220 corum
1556 2177 1768 2243 opera,
1804 2155 1860 2220 si
1898 2155 2137 2220 bellum
2181 2177 2327 2218 cum

235 2245 621 2310 Veientibus
685 2244 864 2308 foret.
985 2243 1084 2308 Ita
1145 2243 1457 2308 exercims
1531 2242 1683 2307 inde
1752 2241 1973 2306 domos
2048 2241 2322 2305 abducti.

233 2332 546 2418 Princeps
594 2330 898 2394 Horatius
941 2329 1090 2406 ibat,
1144 2329 1478 2416 trigemina
1524 2328 1725 2417 spolia
1812 2352 1917 2392 rae
1964 2351 2029 2392 se
2076 2350 2323 2415 gerens.

237 2417 370 2483 Cui
423 2440 597 2482 soror
640 2416 836 2502 virg0,
925 2439 1041 2480 uae
1087 2416 1399 2502 desponsa
1443 2416 1557 2478 uni
1614 2439 1699 2480 ex
1814 2415 2052 2478 uriatiis
2100 2415 2325 2490 fuerat,

235 2505 422 2570 obvia
449 2515 596 2568 ante
616 2517 860 2590 portam
879 2439 1212 2590 {aperiam
1240 2501 1388 2566 fuit:
1421 2502 1803 2588 cognitoque
1828 2522 2015 2587 super
2031 2501 2329 2564 humeros

233 2593 444 2655 fiatris
495 2590 945 2678 paludamento
993 2589 1226 2676 sponsi,
1257 2588 1460 2673 'quod
1519 2587 1655 2676 ipsa
1710 2587 2085 2662 confecerat,
2144 2585 2329 2649 solvit

235 2679 464 2754 crines,
525 2689 592 2741 et
647 2676 939 2740 flebiliter
994 2675 1252 2758 nomine
1309 2696 1609 2764 sponsum
1662 2685 1981 2737 mortuum
2032 2671 2325 2772 appellat.

237 2764 466 2829 Movet
493 2763 686 2828 feroci
717 2763 932 2826 iuveni
959 2763 1243 2826 animum
1273 2760 1683 2847 comploratio
1718 2760 1943 2824 sororis
1972 2759 2041 2822 in
2070 2758 2331 2822 Victoria
2348 2773 2589 2824 Horatius

235 2873 352 2915 sua
380 2864 686 2936 tantoque
713 2849 946 2937 gaudio
973 2848 1245 2936 publico.
1341 2847 1571 2911 Stricto
1610 2847 1825 2933 itaque
1864 2845 2096 2947 gladio,
2142 2844 2329 2909 simul
2348 2854 2559 2915 ⁸⁰¹‘3122111

233 2938 446 3001 verbis
488 2937 838 3024 increpans«,
884 2935 1192 3022 transfigit
1231 2933 1528 3049 puellam.
1622 2942 1641 2972 ‘
1665 2933 1795 2998 Abi
1834 2933 1985 2996 hinc
2025 2955 2172 2997 cum
2212 2932 2331 2996 im-
2347 2905 2541 2953 oemdst.

238 3033 260 3064 ‘
281 3037 532 3088 maturo
559 3043 771 3087 amore
802 3021 884 3085 ad
912 3043 1231 3108 sponsum,
1277 3021 1509 3106 inquit,
1543 3029 1563 3058 ‘
1582 3020 1779 3085 oblita
1804 3020 2069 3084 fratrum
2090 3031 2333 3084 mortu-

239 3121 260 3150 ‘
282 3133 468 3175 orum
487 3109 758 3195 vivique,
784 3108 979 3173 oblita
1007 3109 1263 3194 patriae.
1327 3105 1431 3171 Sic
1453 3120 1575 3184 eat,
1596 3129 2014 3192 quaecunque
2040 3105 2333 3170 Romana

239 3207 258 3236 ‘
279 3197 527 3284 lugebit
553 3195 838 3260 hostem.’
881 3197 1090 3258 Atrox
1111 3195 1312 3258 visum
1333 3193 1404 3256 id
1423 3193 1667 3257 facinus
1685 3193 1977 3257 Patribus
1998 3191 2330 3292 plebique;

236 3283 354 3348 sed
379 3305 602 3348 recens
632 3281 926 3346 meritum
954 3281 1120 3345 facto
1149 3281 1462 3344 obstabat:
1506 3292 1719 3343 tamen
1754 3292 1969 3366 raptus
2008 3301 2077 3342 111
2120 3279 2219 3342 ius
2248 3278 2331 3342 ad

389 3393 472 3434 m.
564 3369 731 3454 Rex,
791 3391 872 3431 ne
932 3367 1062 3454 ipse
1125 3379 1252 3430 tam
1313 3366 1510 3430 tristis
1564 3366 1919 3452 ingratique
1972 3364 2055 3428 ad
2103 3364 2331 3451 vulgus

235 3457 310 3521 iu
360 3457 482 3534 'eii‚
534 3468 660 3532 aut,
721 3454 1069 3518 seeundum
1127 3452 1454 3529 iudicium,
1516 3451 1807 3539 supplicii
1866 3463 2085 3515 auctor
2142 3463 2328 3526 esset,

239 3543 510 3608 concilio
623 3540 758 3629 puli
787 3541 1108 3616 advocat0,
1157 3547 1176 3577 ‘
1198 3539 1629 3614 DuumvirOS,'
1656 3537 1886 3624 inquit,
1938 3545 1958 3574 ‘
1978 3538 2090 3637 qui
2120 3536 2333 3601 Hora-

192 3659 224 3702 4
242 3640 263 3669 ‘
286 3630 378 3694 tio
406 3651 522 3716 per
569 3627 908 3692 uellionem
937 3627 1242 3703 iudicent,
1273 3624 1625 3690 secundum
1668 3623 1875 3710 legem
1902 3623 2101 3690 facloss
2188 3623 2331 3690 Lex

312 3860 346 3903 4
382 3844 483 3901 Qun·
519 3843 726 3890 Horatio
949 3842 1140 3890 Ilionam
1175 3843 1252 3888 iu·
1315 3842 1525 3890 Horatio
1552 3841 1931 3902 perduellionem
1960 3842 2193 3898 iudicem,
2222 3839 2257 3889 i.
2286 3856 2331 3889 e.

239 3909 426 3967 dicent]
463 3907 740 3954 Pes-duellia
795 3906 927 3960 ostis,
943 3921 976 3952 a
989 3905 1150 3952 radice
1165 3905 1250 3952 du·
1317 3904 1408 3966 qui
1435 3904 1729 3952 sententiam
1762 3905 1921 3952 ferant
1956 3903 2007 3952 in
2048 3904 2336 3962 Horatium,

239 3973 408 4030 ellum,
421 3970 506 4018 i.e.
521 3970 721 4017 bellum.
769 3970 1050 4018 perduellio
1065 3969 1255 4030 proprie
1318 3975 1551 4030 tanquam
1594 3968 1942 4030 perduellionis
1986 3967 2295 4017 manifestum
2316 3985 2331 4016 ι

242 4035 426 4084 crimen
447 4033 569 4092 eius,
589 4033 671 4094 qui
695 4033 870 4081 hostile
889 4031 1074 4094 aliquid
1105 4033 1156 4080 in
1181 4047 1252 4080 re-
1315 4047 1414 4081 non
1447 4033 1532 4094 qui
1564 4031 1801 4091 iudicent,
1829 4049 1895 4080 au
1924 4031 2079 4080 instar
2110 4033 2332 4095 perduel-

241 4115 352 4162 gem
385 4103 474 4146 aut
499 4097 850 4159 rempublicam
877 4097 1041 4158 gessit,
1061 4098 1146 4144 sed
1169 4095 1255 4144 illo
1318 4097 1378 4144 lis
1409 4097 1474 4145 sit
1504 4093 1772 4155 habendus,
1804 4112 1901 4158 quo
1932 4097 2081 4144 modo
2112 4095 2333 4146 Clericus

243 4179 366 4213 aevo
387 4162 579 4210 videtur
605 4160 809 4223 quodvis
839 4161 1025 4208 facinus
1055 4159 1254 4222 capitali
1318 4161 1551 4224 exponit3
1585 4175 1735 4222 quum
1768 4160 2009 4209 duumviri
2042 4158 2333 4209 sententiam

245 4242 406 4290 poena
419 4227 619 4288 dignum
643 4225 987 4287 perduellionis
1003 4225 1110 4288 lege
1125 4239 1252 4272 com·
1318 4224 1368 4272 in
1405 4241 1545 4273 reum
1581 4225 1737 4274 ferant
1776 4223 1851 4272 his
1884 4225 2041 4272 verbis
2056 4241 2073 4272 τ
2104 4224 2191 4271 tibi
2218 4237 2332 4285 per-

245 4291 540 4354 prehensum
559 4289 719 4338 fuine.
771 4289 1000 4350 Alioquin
1023 4288 1263 4338 Horatius
1321 4291 1607 4340 ammonem
1626 4290 1799 4338 iudico.
1833 4289 1995 4336 Canv.

247 4370 309 4404 ea
333 4355 441 4416 lege
471 4368 582 4403 reus
612 4353 689 4416 agi
717 4367 816 4401 non
849 4352 1096 4415 potuisset.
1162 4354 1260 4411 Qui
