3000 4784
1061 716 1671 802 EPITOME
1755 718 2131 801 LIBRI
2222 716 2468 801 VIII.

719 1271 843 1336 LA
861 1270 1081 1336 TINI
1114 1294 1251 1335 cum
1309 1270 1643 1356 Campanis
1693 1272 2056 1355 defecerunt,
2103 1282 2177 1349 et,
2227 1274 2427 1335 missis
2478 1272 2702 1357 legatis
2747 1274 2830 1336 ad

718 1368 1013 1435 senatum,
1060 1360 1449 1422 conditionem
1503 1359 1788 1434 tulerunt,
1808 1355 1923 1434 ἀί,
1969 1361 2029 1421 si
2068 1381 2286 1443 pacem
2331 1360 2553 1422 habere
2596 1360 2828 1435 vellent,

718 1446 978 1509 alterum
1021 1468 1091 1508 ex
1135 1446 1385 1508 Latinis
1428 1444 1724 1507 consulem
1751 1446 2056 1527 facerent.
2163 1446 2307 1524 Qua
2353 1446 2652 1530 leyatione
2687 1470 2833 1530 per·-
2958 1502 2959 1507 ,

720 1532 870 1608 lata,
890 1542 1148 1616 praetor
1178 1553 1382 1594 eorum
1411 1531 1657 1593 Annius
1684 1532 1758 1593 de
1797 1531 2098 1621 Capitolio
2134 1534 2224 1595 ita
2261 1533 2594 1617 prolapsus
2623 1544 2737 1609 est,
2771 1545 2836 1595 ut

716 1620 1182 1682 exanimaremur.
1299 1618 1375 1681 T.
1404 1618 1690 1681 Manlius
1731 1618 1944 1681 consul
1959 1618 2196 1699 filium,
2228 1620 2394 1703 quod
2424 1628 2638 1681 contra
2674 1620 2835 1682 edio-

720 1713 849 1765 tum
906 1704 1197 1767 adversus
1240 1704 1521 1779 Latinos,
1567 1706 1841 1805 quamvis
1882 1726 2190 1788 prospere,
2229 1715 2584 1788 puynasset,
2631 1708 2836 1769 securi
2958 1738 2959 1741 ¹

708 1792 1026 1873 percussit.
1118 1790 1570 1852 Laborantibus
1620 1811 1688 1851 tn
1729 1792 1858 1852 acie
1901 1790 2218 1867 Romanis,
2263 1791 2341 1853 P.
2376 1792 2634 1867 Decius,
2683 1802 2836 1855 tune

718 1875 930 1936 consul
953 1896 1089 1937 cum
1118 1875 1383 1950 Manlio,
1414 1876 1651 1938 devovit
1675 1898 1738 1938 se
1753 1898 1878 1960 pro
1905 1880 2163 1939 exercitu
2181 1900 2204 1940 .·
2246 1886 2320 1954 et,
2353 1880 2653 1941 concitato
2681 1900 2834 1963 equo

718 1981 905 2045 quum
933 1964 999 2023 in
1027 1962 1249 2023 medios
1276 1962 1468 2023 hostes
1496 1984 1560 2024 se
1587 1964 1901 2039 intulisset,
1933 1965 2300 2045 interfictus,
2331 1974 2522 2027 morte
2549 1987 2668 2027 sua
2703 1966 2836 2029 Bo-
2958 1968 2959 2013 3

718 2049 917 2109 manis
945 2049 1257 2110 victoriam
1288 2050 1566 2111 restituit.
1636 2048 1860 2112 Latini
1884 2052 1949 2112 in
1978 2050 2328 2113 deditionem
2356 2062 2665 2115 venerunt.
2757 2052 2828 2114 T.

719 2134 966 2197 Manlio
994 2136 1063 2197 in
1090 2135 1293 2197 urbem
1328 2156 1561 2197 reverso
1588 2156 1757 2198 nemo
1800 2158 1871 2198 ex
1911 2138 2212 2199 iuventute
2245 2136 2480 2199 obviam
2779 2142 2794 2155 ’

718 2222 1007 2285 Mnucia
1051 2224 1219 2305 virqo
1266 2221 1522 2287 Vestalis
1564 2224 1774 2284 incesti
1813 2223 2108 2285 damnata
2149 2232 2252 2285 est.
2343 2224 2698 2289 Ausonibus
2743 2228 2832 2287 vi-
2958 2274 2959 2287 ,

719 2311 849 2384 ctis,
871 2310 937 2370 in
958 2309 1243 2392 oppidum
1274 2330 1345 2371 ex
1372 2310 1449 2370 iis
1476 2317 1724 2391 captum
1751 2308 1929 2372 Cales
1957 2310 2188 2373 colonia
2217 2310 2474 2372 deducta
2502 2320 2608 2374 est.
2671 2311 2832 2375 Item
2958 2346 2959 2401 ᾗ

720 2394 1034 2477 Freqellae
1062 2395 1293 2457 colonia
1322 2394 1610 2457 deductae
1635 2404 1793 2457 sunt.
1882 2396 2240 2477 Veneficium
2263 2396 2666 2480 complurium
2693 2422 2829 2461 ma-
2958 2402 2959 2407 ’

718 2490 1036 2544 tronarum
1082 2481 1508 2565 deprehensum
1553 2491 1679 2544 est:
1732 2503 1995 2565 quarum
2032 2483 2341 2565 plurimae
2383 2486 2594 2546 statim
2641 2487 2829 2569 epotis

719 2569 1209 2631 medicaminibus
1226 2570 1560 2652 perierunt.
1649 2567 1783 2630 Lex
1809 2568 1882 2630 de
1910 2570 2188 2650 veneficio
2217 2579 2360 2632 tunc
2377 2573 2658 2654 primum
2687 2594 2827 2634 con-

716 2658 929 2717 stituta
951 2664 1053 2717 est.
1116 2654 1598 2730 Privernatibus,
1623 2676 1810 2739 quum
1831 2655 2226 2731 rebellassent,
2243 2658 2416 2719 victis
2439 2660 2656 2721 civitas
2675 2660 2828 2721 data
2957 2662 2959 2689 ³

717 2751 820 2804 est.
904 2741 1373 2824 Palaepolitani,
1404 2740 1552 2804 bello
1579 2750 1639 2803 et
1663 2742 1957 2805 obsidione
1984 2744 2146 2818 victi,
2175 2746 2242 2806 in
2269 2744 2625 2807 deditionem
2653 2768 2826 2809 vene-

717 2837 880 2889 runt.
985 2827 1061 2903 Q.
1088 2828 1373 2903 Publilio,
1406 2830 1516 2911 qui
1542 2850 1637 2890 eos
1665 2828 1988 2904 obsederat,
2007 2832 2214 2913 primo
2243 2839 2301 2892 et
2326 2832 2649 2915 imperium
2675 2854 2826 2916 pro—

717 2911 930 2986 latum,
962 2922 1021 2973 et
1036 2934 1158 2994 pro
1188 2914 1424 2975 consule
1450 2915 1720 2977 decretus
1749 2916 2134 2999 triumphus.-
2172 2916 2352 2979 Plebs
2381 2938 2535 2980 nexu
2566 2917 2826 2981 liberata

715 3006 805 3057 est
830 3004 1083 3080 propter
1110 2997 1191 3059 L.
1224 2998 1475 3081 Papirii
1500 3002 1810 3064 creditoris
1839 3002 2157 3078 libidinem,
2187 3004 2298 3087 qui
2326 3003 2394 3067 C'.
2420 3004 2698 3068 Publilio
2723 3006 2826 3067 de-

715 3082 896 3145 bitori
920 3103 1029 3145 suo
1056 3092 1335 3167 stuprum
1364 3086 1591 3167 inferre
1611 3088 1898 3151 voluerat.
1979 3088 2187 3167 Quum
2201 3090 2283 3152 L.
2304 3090 2604 3173 Papirius
2627 3092 2824 3155 dicta-

715 3178 812 3232 tor
838 3191 1111 3233 reversus
1144 3172 1209 3233 in
1252 3170 1454 3234 urbem
1484 3172 1562 3234 ab
1591 3175 1849 3237 exercitu
1877 3184 2026 3237 esset
2055 3185 2310 3259 propter
2335 3177 2616 3260 auspicia
2657 3200 2825 3263 repe-

716 3258 915 3334 tenda,
960 3255 1036 3335 Q.
1062 3258 1299 3320 Fabius
1332 3259 1620 3342 maai-ster
1651 3262 1936 3344 equitum,
1967 3264 2270 3325 occasione
2309 3264 2399 3325 rei
2429 3264 2572 3325 bene
2605 3285 2826 3347 yet-en—

714 3344 831 3406 dae
858 3346 1167 3421 invitatus,
1200 3354 1411 3408 eontra
1439 3346 1696 3409 edictum
1723 3349 1850 3409 eius
1875 3370 2163 3432 prospere
2191 3350 2480 3411 adversus
2515 3349 2824 3425 Samnites

706 3433 1025 3515 puqnavit.
1130 3431 1222 3495 Ob
1252 3454 1385 3494 eam
1420 3453 1668 3495 causam
1711 3454 1898 3517 quum
1935 3434 2196 3497 dictator
2223 3436 2298 3497 de
2334 3437 2628 3519 maqistro
2657 3441 2824 3522 equi-

714 3527 843 3580 tum
870 3518 1232 3602 supplicium
1254 3527 1606 3602 sumpturus
1627 3520 1943 3596 videretur,
1963 3521 2200 3585 Fabius
2218 3522 2479 3584 Romam
2498 3524 2820 3609 profuyit:

713 3612 788 3677 et,
820 3626 1005 3687 quum
1034 3626 1223 3667 causa
1246 3626 1479 3689 parum
1511 3606 1852 3689 proficeret,
1875 3608 2096 3691 populi
2111 3608 2394 3691 precibus
2421 3610 2690 3675 donatus
2717 3621 2818 3675 est.

713 3688 839 3749 Res
852 3699 1177 3775 praeterea
1206 3702 1418 3755 contra
1453 3690 1756 3757 Samnites
1773 3715 2064 3779 prospere
2085 3704 2290 3778 qestas
2319 3696 2596 3761 continet.
