3000 4784
705 190 834 253 318
1472 184 1705 254 ’ΤΙΤΙ
1762 184 2035 255 LIVII

2933 258 2934 299 ι

372 333 442 387 U.
467 334 527 385 c.
554 332 664 397 361·
707 331 729 363 ‘
743 324 834 389 im
917 334 1212 399 retorem,
1243 320 1547 390 scelestus
1584 324 1721 411 ipse
1756 347 1907 389 cum
1944 322 2211 390 scelesto
2254 346 2521 389 munere
2559 324 2819 389 venisti.
2933 300 2934 373 l

369 399 434 449 A.
465 398 526 451 0·
551 412 664 463 391·
705 418 727 450 ‘
743 345 952 475 Ndbeis
989 432 1138 475 cum
1180 408 1459 487 Faliscis,
1489 432 1658 498 quae
1702 424 1891 499 pacto
1918 410 1995 475 fit
2032 410 2335 493 humano,
2366 412 2637 477 societas
2686 433 2823 475 non

701 505 722 536 ‘
737 510 870 561 est:
963 518 1112 561 uam
1141 496 1537 583 ingeneravit
1564 508 1811 576 natura,
1836 498 2123 585 utrisque
2150 510 2267 575 est,
2288 498 2559 598 eritque.
2648 496 2829 562 Sunt
2933 536 2934 543 κ

701 591 722 623 ‘
743 596 811 648 et
847 583 930 647 be
977 582 1020 659 i,
1061 582 1226 647 sicut
1263 583 1456 669 pacis,
1499 582 1673 647 iura:
1722 583 2016 671 iusteque
2057 607 2153 661 ea,
2194 606 2329 649 non
2369 606 2585 648 minus
2616 606 2868 670 quam9
2933 620 2934 625 κ

699 677 722 709 ‘
735 668 1001 747 fortiter,
1030 668 1372 733 didicimus
1410 692 1649 756 gerere.
1740 671 1947 735 Arma
1982 670 2307 748 habemus,
2339 692 2475 735 non
2512 670 2828 735 adversum
2933 748 2934 757 ἵ

701 764 722 797 ‘
743 778 882 820 eam
929 768 1226 833 aetatem,
1255 755 1364 819 cui
1403 756 1597 820 etiam
1636 756 1837 844 captis
1877 756 2139 822 urbibus
2176 757 2497 844 parcitus:
2544 756 2667 822 sed
2708 756 2828 821 ad·

701 850 723 881 ‘
737 864 954 907 venus
982 855 1252 907 armatos
1281 843 1390 907 eti
1508 866 1557 920 S,
1588 843 1722 929 qni,
1744 866 1867 908 nec
1896 842 2069 921 laesi,
2092 865 2213 908 nec
2242 843 2515 908 lacessiti
2544 866 2587 906 a
2604 843 2826 919 nob'm,

701 938 723 968 ‘
741 940 948 993 castra
977 927 1272 993 Romana
1297 928 1384 992 ad
1477 928 1611 993 cios
1638 944 2105 1017 oppugnarunt.
2198 928 2329 994 Eos
2368 941 2463 1006 tu,
2540 944 2827 994 uantum

703 1024 723 1053 ‘
739 1016 808 1079 in
839 1027 902 1079 te
931 1014 1074 1091 fuit,
1115 1037 1282 1079 novo
1323 1014 1561 1079 scelere
1590 1014 1830 1081 vicisti:
1880 1038 2002 1103 ego
2044 1016 2357 1080 Romanis
2390 1016 2515 1080 arti
2560 1038 2656 1093 us,
2692 1016 2827 1079 vir·

701 1109 722 1140 ‘
741 1113 898 1179 tute,
929 1124 1140 1188 opere,
1171 1102 1379 1179 armi&
1411 1101 1579 1166 sicut
1606 1100 1823 1179 Veios,
1852 1102 2143 1167 vincam!
2230 1100 2663 1166 Denudatum
2706 1101 2825 1165 de-

699 1187 850 1253 inde
881 1210 1050 1265 eum,
1081 1187 1374 1252 manibus
1395 1202 1541 1275 post
1568 1200 1820 1275 tergum
1850 1188 2123 1275 illigatis,
2152 1187 2601 1253 reducendum
2631 1187 2825 1252 Fale-

699 1274 824 1339 rios
857 1274 1072 1362 pueris
1111 1274 1411 1339 tradidit:
1459 1275 1793 1362 virgasque
1833 1275 1931 1353 iis,
1961 1276 2195 1362 quibus
2232 1274 2631 1361 proditorem
2664 1297 2823 1361 age-

699 1373 848 1426 rent
881 1361 953 1425 in
991 1362 1216 1425 urbem
1251 1360 1673 1438 verberantes,
1714 1360 1912 1425 dedit.
2004 1362 2117 1425 Ad
2156 1360 2333 1448 quod
2370 1360 2823 1449 spectaculum

699 1470 1015 1512 concursu
1040 1446 1264 1535 populi
1291 1446 1569 1534 primum
1596 1447 1783 1526 facto,
1806 1447 2043 1512 deinde
2062 1470 2101 1512 a
2127 1446 2601 1534 magistratibus
2630 1448 2721 1512 de
2750 1470 2823 1511 re

699 1556 867 1597 nova
907 1546 1132 1598 vocato
1173 1545 1418 1609 senatu,
1464 1544 1645 1607 tanta
1686 1534 1956 1599 mutatio
2000 1534 2231 1598 animis
2274 1545 2373 1599 est
2409 1534 2675 1612 iniecta,
2724 1548 2819 1609 ut,

700 1620 814 1706 qui
855 1618 1069 1696 modo,
1111 1619 1348 1684 efferati
1397 1619 1548 1684 odio
1586 1620 1827 1707 iraque,
1871 1620 2247 1687 Veientium
2288 1620 2535 1685 exitum
2578 1643 2820 1708 paene,

700 1727 896 1792 quam
921 1704 1348 1792 Capenatium
1417 1728 1613 1784 acem,
1634 1706 1917 1785 mallent,
1936 1707 2109 1793 apud
2136 1728 2247 1771 eos
2266 1728 2493 1806 pacem
2512 1708 2821 1772 univ-em

699 1804 990 1941 meret
1031 1791 1266 1855 civitas.
1429 1792 1569 1856 ides
1618 1791 1929 1870 Romana,
1982 1793 2225 1857 iustitia
2272 1795 2701 1879 imperatoris,
2746 1793 2820 1856 in

879 1890 946 1940 et
987 1876 1165 1940 curia
1201 1876 1636 1943 celebrantur:
1686 1900 2126 1966 consensuque
2162 1880 2448 1943 omnium
2492 1879 2515 1943 l
2646 1882 2698 1944 ti
2734 1878 2817 1943 ad

705 1961 1050 2027 Camillum
1089 1962 1161 2026 in
1199 1976 1418 2041 castra,
1449 1976 1643 2051 atque
1690 1966 1843 2030 inde
1882 1965 2193 2052 permissu
2225 1964 2485 2030 Camilli
2594 1986 2817 2031 omam

374 2058 557 2111 Falisci
581 2062 662 2111 de-
701 2048 784 2113 ad
825 2060 1137 2127 senatum,
1169 2050 1284 2137 qui
1313 2049 1629 2116 dederent
1668 2050 1964 2128 Falerios,
1994 2051 2500 2139 proficiscuntur.
2592 2051 2815 2117 Intro-

371 2126 630 2241 {¹2³ssssss
699 2134 878 2200 ducti
907 2134 990 2200 ad
1027 2149 1320 2201 senatum
1348 2137 1441 2201 ita
1475 2136 1677 2202 locuti
1716 2137 2089 2203 traduntur:
2142 2146 2162 2177 ⁶
2178 2137 2401 2202 Patres
2440 2138 2813 2240 conscripti,

703 2229 725 2261 ‘
743 2223 1024 2299 victoria,
1053 2222 1160 2287 cui
1204 2245 1324 2288 nec
1353 2222 1532 2300 deus,
1564 2246 1685 2289 nec
1726 2222 1921 2289 homo
1949 2223 2287 2311 quisquam
2317 2224 2623 2301 invideat,
2656 2223 2813 2289 victi
2836 2249 2855 2282 1

703 2317 724 2347 ‘
743 2331 784 2373 a
811 2310 989 2373 vobis
1018 2321 1084 2373 et
1111 2309 1490 2397 imperatore
1518 2324 1747 2387 vestro,
1778 2309 2073 2374 dedimus
2102 2332 2219 2375 nos
2247 2311 2459 2387 vobis3
2506 2311 2655 2389 rati,
2676 2332 2815 2399 quo

704 2403 724 2434 ⁶
745 2395 908 2460 nihil
933 2395 1160 2461 victori
1196 2394 1525 2483 pulchrius
1552 2408 1667 2472 est,
1698 2394 1927 2461 melius
1964 2418 2082 2461 nos
2120 2398 2238 2461 sub
2272 2397 2543 2483 imperio
2570 2412 2813 2474 vestm,

703 2490 725 2521 ‘
743 2504 940 2570 quam
982 2482 1229 2569 legibus
1273 2482 1519 2560 nostris,
1564 2482 1860 2547 victuros.
1952 2482 2210 2547 Eventu
2252 2482 2443 2547 huius
2484 2480 2643 2548 belli
2680 2484 2813 2549 duo

701 2578 724 2607 ⁸
745 2568 1042 2634 salutaria
1067 2568 1363 2656 exempla
1388 2568 1645 2656 prodita
1670 2568 1953 2633 humano
1980 2569 2201 2656 generi
2222 2582 2389 2634 sunt.
2453 2568 2591 2634 Vos
2606 2570 2813 2636 fidem

703 2664 724 2697 ‘
746 2656 816 2720 in
845 2655 1032 2732 bello,
1064 2678 1257 2743 quam
1295 2668 1697 2743 praesentem
1736 2654 2083 2733 victoriam,
2114 2655 2457 2719 maluistis:
2502 2678 2646 2733 noS,
2678 2657 2809 2721 fide

703 2750 724 2780 ‘
743 2742 1087 2827 provocati,
1117 2742 1445 2806 victoriam
1486 2740 1653 2806 ultro
1693 2740 2053 2806 detulimus.
2148 2740 2283 2807 Sub
2322 2741 2567 2807 ditione
2596 2756 2812 2809 vestra

703 2835 724 2865 ⁶
743 2848 979 2891 sumus.
1071 2826 1336 2905 Mittite,
1369 2828 1482 2914 qui
1512 2850 1704 2906 arma,
1735 2826 1849 2915 qui
1878 2827 2149 2905 obsides,
2180 2827 2295 2915 qui
2322 2829 2550 2893 urbem
2576 2842 2809 2915 paten-

703 2921 724 2951 ‘
741 2912 910 2975 tibus
937 2913 1136 2999 portis
1163 2914 1493 3000 accipiant.
1588 2913 1731 2979 Nec
1758 2936 1871 2978 vos
1898 2912 2053 2978 fidei
2082 2926 2353 2991 nostrae,
2384 2936 2506 2979 nec
2536 2938 2661 2980 nos
2691 2917 2810 2983 im·

703 3007 724 3037 ⁶
739 2996 902 3085 perii
927 2999 1120 3061 vestri
1158 2998 1551 3085 poenitebit?
1642 2998 1917 3065 Camillo
1946 3012 2013 3064 et
2050 3000 2129 3064 ab
2158 3000 2445 3065 hostibus
2474 3015 2543 3065 et
2580 3024 2625 3066 a
2650 3003 2809 3067 civi-

700 3085 822 3149 bus
845 3082 1084 3171 gratiae
1109 3096 1304 3149 actae.
1381 3084 1640 3151 Faliscis
1668 3086 1739 3150 in
1760 3084 2147 3173 stipendium
2171 3086 2444 3151 militum
2468 3088 2609 3153 eius
2630 3088 2803 3163 anni,

700 3182 776 3236 ut
831 3192 916 3259 po
963 3168 1104 3235 ulus
1154 3171 1483 3237 Romanus
1534 3173 1775 3237 tributo
1819 3185 2088 3249 vacaret,
2140 3173 2415 3259 pecunia
2470 3173 2801 3262 imperata.

703 3258 871 3324 Pace
1100 3259 1416 3324 exercitus
1447 3259 1724 3323 Romam
1750 3258 2070 3324 reductus.
2180 3299 2193 3305 -

479 3356 584 3417 28.
791 3343 1103 3410 Camillus
1124 3345 1385 3411 meliore
1407 3343 1613 3411 multo
1630 3344 1839 3422 laude,
1864 3366 2057 3432 quam
2080 3368 2281 3432 quum
2302 3346 2805 3433 triumphantem

699 3430 827 3496 albi
855 3454 972 3519 per
1009 3434 1234 3497 urbem
1263 3444 1571 3498 vexerant
1608 3430 1780 3518 equi,
1812 3431 2097 3518 insignis,
2128 3431 2371 3496 iustitia
2396 3431 2663 3520 fideque
2694 3434 2804 3499 ho-

699 3518 902 3583 stibus
936 3518 1138 3597 victis‚
1171 3542 1374 3606 quum
1410 3519 1480 3583 in
1511 3518 1735 3583 urbem
1768 3516 2054 3596 redisset,
2086 3517 2276 3583 tacite
2313 3518 2455 3583 eius
2494 3541 2802 3586 verecun-
2818 3544 2840 3577 ²
2933 3548 2934 3553 ¹

701 3740 1018 3800 consuluisse,
1039 3740 1158 3803 quid
1189 3742 1388 3801 faceret,
1413 3748 1466 3791 et
1493 3748 1719 3791 senatum
1784 3739 2001 3803 Scipion.
2026 3742 2175 3789 verba.
2193 3740 2304 3789 infr.
2326 3740 2461 3790 xxvi.
2484 3757 2565 3805 49.

699 3802 954 3852 arbitrium
975 3820 1078 3853 rem
1099 3820 1298 3854 omnem
1322 3806 1521 3869 gerendi
1544 3806 1589 3855 ei
1612 3820 1717 3868 per·
1853 3820 1874 3852 1
1923 3806 2151 3863 Vtatur-ia,
2171 3806 2255 3853 σω·
2282 3820 2373 3854 noo
2390 3806 2528 3864 dene,
2548 3822 2642 3857 nec
2668 3808 2801 3855 bono

698 3866 902 3915 misisse.
1850 3870 2039 3943 isquam
2058 3870 2300 3928 invidam]
2334 3868 2473 3925 Quia
2490 3868 2725 3918 nimirum
2746 3870 2795 3919 il·

765 3946 796 3995 9
817 3933 1048 4005 luceque
1067 3934 1152 3993 ea]
1189 3946 1254 3981 sc.
1279 3932 1454 3981 Bella:
1489 3932 1567 3981 ius
1586 3930 1719 3982 enim
1780 3884 2057 4005 ffrxctoria
2080 3932 2306 3980 fortunae
2338 3947 2437 3981 nen
2466 3938 2561 3992 est,
2592 3936 2680 3983 sed
2712 3935 2797 3983 vir-

761 4000 922 4043 ntium
958 3997 1094 4057 apud
1133 3997 1386 4046 Romanos
1423 4012 1536 4059 pars
1572 4011 1718 4058 quae-
1784 4000 1905 4044 tutis
1924 4010 1983 4045 ac
2006 3996 2137 4044 fidei.
2166 3996 2331 4045 Cam.

699 4010 817 4108 {zm
843 4066 948 4107 erat
977 4059 1097 4110 iuris
1131 4061 1384 4121 naturalis,
1411 4066 1470 4109 ut
1494 4076 1575 4123 ap.
1602 4058 1719 4109 Gaii
1848 4073 1875 4107 α
1914 4061 2078 4109 Tacite
2106 4061 2215 4109 eius
2244 4060 2619 4121 meandum]
2676 4060 2795 4111 Gro-

703 4122 828 4173 Iust.
850 4122 882 4172 i.
907 4122 1008 4173 Tit.
1041 4140 1086 4174 α.
1123 4127 1264 4185 Quod
1297 4126 1550 4175 naturalis
1588 4126 1717 4173 ratio
1780 4122 1955 4171 novius
1975 4123 2095 4186 legit
2114 4123 2271 4181 moisi,
2292 4122 2344 4171 id
2364 4128 2439 4171 est
2458 4125 2689 4185 tacentis,
2702 4140 2795 4174 non

699 4188 833 4237 inem
881 4204 1042 4239 omnes
1089 4190 1306 4241 'amm
1357 4188 1651 4248 constitum·
1664 4189 1719 4236 id
1780 4186 2041 4248 querentis.
2126 4186 2294 4235 Etiam
2340 4190 2527 4247 tacens,
2568 4190 2677 4237 solo
2716 4190 2795 4237 ad-

700 4253 840 4311 apud
868 4268 1030 4303 onmes
1055 4256 1264 4315 populo·
1290 4268 1538 4317 peraeque
1564 4258 1715 4301 amto-
1780 4256 1973 4313 spectu,
1990 4250 2288 4300 admonebat
2310 4250 2411 4299 voti
2432 4266 2533 4299 non
2554 4253 2791 4301 exsoluti:

694 4314 858 4371 ditur,
898 4322 1194 4379 emurque
1233 4319 1316 4367 im
1355 4318 1591 4379 meiana
1652 4316 1715 4362 cf.
1780 4328 1929 4375 quam
1953 4314 2294 4364 verecundiam
2324 4328 2423 4363 non
2444 4315 2565 4363 tulit
2584 4324 2795 4373 uenatus,
