3000 4784
754 195 833 257 98
1516 188 1742 257 TITI
1803 188 2072 254 LIVII

427 341 495 392 U.
516 342 577 391 c,
600 356 709 408 ‘³⁵9-
751 328 947 393 Pauci
978 326 1321 393 admodum
1349 328 1634 405 Patrum,
1663 350 1824 415 quos
1852 348 2030 392 casus
2058 322 2395 401 obtulerat,
2425 320 2736 387 contracti
2759 318 2838 383 ad

424 408 484 457 A.
518 406 578 463 c·
599 422 711 472 493·
749 414 1071 480 consules:
1133 429 1375 480 ceteros
1416 428 1623 480 metus
1660 437 1792 479 non
1835 413 2010 478 curia
2051 411 2262 487 mod0‚
2307 408 2421 474 sed
2463 408 2660 473 etiam
2701 408 2839 471 foro

524 1724 625 1783 24.

750 504 1040 568 arcebatt
1116 524 1235 567 nec
1295 502 1397 589 agi
1456 502 1605 589 quic
1652 523 1798 566 uam
1856 522 1972 587 per
2037 496 2528 584 infrequentiam
2675 506 2838 557 terat
2853 501 2882 551 6

750 600 1021 653 senatus·
1142 588 1315 653 Tum
1369 612 1522 653 vero
1581 524 1756 653 equdi
1813 600 2004 673 atque
2063 584 2312 650 extrahi
2367 605 2438 647 se
2489 604 2554 645 m
2628 580 2838 645 titudo

749 688 1014 776 putare3
1061 688 1145 752 et,
1178 674 1441 739 Patrum
1469 676 1584 762 qui
1623 675 1934 751 abessent,
1963 694 2094 737 non
2125 694 2293 747 casu,
2325 692 2454 733 non
2489 681 2692 744 metu,
2726 666 2838 730 sed

748 761 1190 849 impediendae
1221 762 1313 825 rei
1336 784 1526 827 causa
1546 764 1784 838 abesse,
1809 773 1877 825 et
1903 757 2190 825 consules
2217 757 2385 845 ipsos
2408 754 2835 841 tergiversari3

748 870 868 913 nec
898 846 1091 912 dubie
1120 848 1394 913 ludibrio
1430 870 1564 913 esse
1593 846 1872 913 miserias
1911 868 2070 910 suas.
2162 842 2300 907 Iam
2338 865 2534 931 prope
2574 853 2734 917 erat,
2768 853 2838 903 ut

748 958 831 1001 ne
890 934 1220 999 consulum
1278 934 1540 1021 quidem
1598 934 1886 999 maiestas
1943 944 2262 997 coerceret
2309 930 2433 994 iras
2477 927 2832 992 hominum.

755 1021 995 1099 Quum,
1020 1021 1266 1098 incerti,
1300 1020 1624 1099 morando,
1647 1044 1730 1085 an
1757 1019 2092 1095 veniendO,
2116 1017 2260 1105 plus
2287 1014 2555 1104 periculi
2581 1028 2838 1078 contra-

746 1107 993 1185 herent,
1023 1107 1283 1173 tandem
1311 1108 1381 1171 in
1409 1122 1698 1173 senatum
1737 1106 2039 1171 veniunt:
2086 1103 2534 1191 frequentique
2575 1100 2836 1165 tandem

748 1196 941 1271 curia,
972 1217 1103 1259 non
1132 1194 1323 1259 modo
1352 1194 1519 1261 inter
1548 1194 1788 1271 Patres,
1812 1192 1926 1258 sed
1954 1215 2036 1257 ne
2065 1191 2236 1255 inter
2261 1188 2550 1255 consules
2571 1187 2835 1275 quidem
2855 1202 2878 1249 ῒ

749 1281 934 1368 ipsos,
974 1282 1124 1347 satis
1162 1281 1596 1347 conveniebat.
1689 1280 1756 1344 A
1797 1280 1959 1367 piuS,
1999 1277 2392 1343 vehementis
2429 1275 2678 1363 ingenii
2721 1275 2834 1350 vir,

747 1368 1013 1456 imperio
1048 1368 1360 1434 consulari
1397 1390 1535 1433 rem
1575 1390 1737 1455 agen
1783 1389 1886 1432 am
1926 1366 2259 1430 censebat:
2309 1386 2437 1427 uno
2481 1378 2593 1427 aut
2637 1360 2836 1425 altero

746 1467 1016 1541 arreptO,
1048 1456 1372 1541 quieturos
1400 1454 1570 1519 alios·
1667 1452 1984 1529 ServiliuS,
2013 1451 2263 1517 lenibus
2283 1448 2578 1515 remediis
2609 1450 2833 1537 aptior,

746 1542 1088 1606 concitatos
1116 1542 1359 1606 animos
1386 1541 1578 1618 flecti,
1609 1562 1799 1627 quam
1839 1538 2063 1626 frangi,
2086 1538 2350 1625 putabat
2383 1558 2586 1623 quum
2616 1536 2836 1611 tutius

750 1640 887 1691 tum
915 1628 1157 1691 facilius
1186 1650 1339 1692 esse.

833 1712 1012 1778 Inter
1037 1712 1194 1777 haec
1222 1714 1422 1779 maior
1442 1712 1603 1779 alius
1625 1727 1840 1780 terror.
1918 1710 2134 1778 Latini
2155 1710 2403 1797 equites
2431 1730 2580 1774 cum
2597 1708 2838 1773 tumul-

749 1811 927 1864 tuoso
958 1798 1253 1865 advolant
1281 1800 1548 1865 nuntio:
1599 1810 1618 1839 ‘
1634 1799 1900 1865 Volscos
1927 1799 2155 1864 infesto
2183 1796 2468 1863 exercitu
2496 1796 2580 1861 ad
2611 1796 2834 1859 urbem

750 1895 771 1924 ‘
787 1885 1281 1974 oppugnandam
1318 1887 1575 1952 venire?
1666 1887 1850 1963 Quae
1891 1885 2110 1950 audita
2145 1884 2337 1969 (adeo
2381 1883 2540 1949 duas
2581 1905 2669 1948 ex
2707 1906 2834 1947 una

746 1972 997 2037 civitate
1050 1972 1365 2037 discordia
1405 1973 1670 2061 fecerat)
1713 1974 1898 2060 longe
1945 1972 2128 2039 aliter
2178 1971 2400 2035 Patres
2450 1992 2524 2033 ac
2580 1969 2834 2057 plebem

745 2060 1030 2124 affecere.
1152 2059 1485 2125 Exsultare
1540 2060 1777 2148 gaudio
1834 2058 2093 2148 plebes3
2159 2065 2178 2096 ‘
2197 2056 2436 2121 ultores
2501 2079 2579 2121 su
2665 2057 2832 2121 rbiae

750 2154 771 2184 ‘
792 2145 1057 2210 Patrum
1101 2145 1336 2211 adesse’
1381 2146 1592 2212 dicere
1641 2155 1661 2185 ‘
1681 2147 1872 2213 deos!
1955 2145 2146 2213 Alius
2195 2142 2390 2208 alium
2441 2165 2563 2208 con
2609 2166 2832 2220 rmare,

748 2255 830 2296 ne
860 2232 1121 2297 nomina
1148 2232 1407 2298 darent:
1456 2256 1604 2298 cum
1633 2233 1926 2299 omnibus
1965 2232 2196 2320 potius,
2227 2252 2421 2317 quam
2450 2229 2637 2307 so103,
2668 2230 2834 2317 peri-
2849 2242 2878 2289 8

748 2332 939 2384 turos·
1029 2319 1250 2385 Patres
1294 2318 1659 2397 militarent,
1690 2318 1912 2384 Patres
1947 2341 2120 2383 arma
2163 2328 2481 2403 caperent,
2522 2329 2597 2381 ut
2638 2340 2836 2404 penes

748 2405 1006 2471 eosdem
1043 2406 1331 2507 pericula
1373 2406 1547 2485 belli,
1600 2428 1795 2495 penes
1853 2428 2012 2493 quos
2069 2404 2368 2491 praemia,
2420 2416 2651 2468 essent.
2747 2406 2834 2471 At

747 2515 897 2557 vero
926 2516 1118 2571 curia,
1149 2506 1389 2559 maesta
1414 2516 1489 2558 ac
1519 2492 1768 2581 trepida
1795 2492 2054 2580 ancipiti
2084 2504 2261 2556 metu
2290 2504 2356 2555 et
2383 2491 2464 2555 ab
2491 2490 2631 2554 cive
2663 2504 2731 2555 et
2757 2491 2832 2554 ab

747 2579 949 2658 hoste,
1000 2578 1333 2645 Servilium
1377 2580 1722 2657 consulem,
1768 2580 1875 2645 cui
1917 2578 2245 2665 ingenium
2289 2578 2490 2664 magis
2530 2577 2832 2664 populare

751 2679 904 2745 erat,
964 2690 1159 2745 orare,
1206 2681 1279 2732 ut
1336 2668 1527 2733 tantis
1582 2667 2076 2732 circumventam
2121 2664 2462 2729 terroribus
2503 2664 2833 2751 expediret

424 2768 565 2817 Metu
587 2767 738 2817 hostis
752 2774 883 2817 rem
932 2752 1225 2819 ublicam.
1317 2753 1491 2817 Tum
1540 2752 1780 2831 consul,
1825 2752 2014 2817 misso
2057 2763 2300 2829 senatu,
2345 2752 2414 2815 in
2457 2751 2832 2816 concionem

424 2834 733 2895 compositae.
752 2860 829 2925 pr
916 2839 983 2903 it.
1074 2838 1178 2904 Ibi
1237 2861 1424 2904 curae
1470 2861 1604 2903 esse
1656 2838 1953 2905 Patribus
1997 2838 2295 2916 ostendit,
2348 2851 2424 2902 ut
2471 2836 2834 2902 consulatur

750 2924 960 3009 plebi:
1008 2937 1291 2990 ceterum
1331 2924 1775 2991 deliberationi
1805 2925 1887 2992 de
1935 2924 2215 2991 maxima
2257 2924 2520 3011 quidem
2560 2924 2694 3002 illa,
2725 2922 2832 2989 sed
2845 2943 2872 2991 9

751 3022 965 3073 tamen
994 3023 1171 3097 parte
1202 3010 1489 3088 civitatis,
1523 3024 1764 3076 metum
1806 3034 1923 3099 pro
1953 3012 2248 3077 universa
2279 3010 2606 3099 republica
2639 3012 2834 3075 inter-

750 3094 1029 3173 venisse3
1075 3118 1196 3161 nec
1240 3120 1440 3185 posse,
1486 3120 1686 3184 quum
1726 3098 1937 3164 hostes
1979 3120 2179 3186 prope
2222 3098 2306 3163 ad
2346 3110 2556 3186 portas
2603 3112 2831 3175 essent,
2853 3125 2870 3159 1

815 3385 846 3435 6
866 3387 973 3435 Nec
988 3387 1069 3449 αφ’
1156 3388 1347 3451 {equom
1364 3402 1457 3449 per
1476 3386 1757 3450 §Mu-equen-
1821 3386 1886 3434 ad
1907 3386 2194 3433 sumendam
2215 3384 2460 3443 militiam,
2471 3386 2834 3446 responderent,

751 3452 893 3510 tiam]
931 3450 1066 3498 Nam
1088 3404 1275 3500 gamm
1300 3451 1401 3499 fieri
1426 3466 1525 3499 non
1553 3456 1760 3513 poterat,
1822 3455 1910 3497 aut
1945 3448 2144 3498 nomina
2178 3464 2266 3497 sua
2298 3449 2606 3497 inscribenda.
2638 3453 2834 3511 praebe-

750 3514 841 3563 nisi
884 3513 1127 3577 legitimus
1175 3516 1367 3563 adesset
1419 3514 1624 3563 Petrum
1671 3531 1760 3563 nu·
1821 3519 1955 3572 rent;
1974 3514 2059 3562 sed
2073 3519 2242 3561 contra
2253 3512 2478 3561 militiam
2495 3514 2834 3563 detrectarent.

748 3593 926 3637 merus,
975 3583 1025 3626 et
1079 3580 1276 3641 quidem
1318 3579 1362 3629 C
1416 3580 1592 3627 saltem
1643 3585 1761 3627 ante
1824 3578 1986 3627 Cam.

749 3642 957 3705 Augusti
1007 3649 1237 3704 aetatem,
1285 3642 1395 3693 infr.
1438 3642 1639 3691 xxxviii.
1680 3661 1758 3705 44.
1887 3657 1918 3705 9
1949 3644 2028 3691 De
2051 3643 2265 3689 maxima
2291 3642 2507 3705 quidem]
2555 3640 2640 3691 De
2677 3644 2836 3705 plebe.

750 3707 917 3755 xxxix.
963 3726 1009 3767 4.
1052 3714 1105 3757 et
1154 3708 1228 3757 18.
1272 3714 1383 3770 post
1424 3722 1536 3755 eam
1579 3707 1758 3757 CCCC
1822 3720 1948 3768 quae
1979 3706 2196 3754 maxima
2217 3706 2414 3767 quidem
2435 3711 2561 3754 esset
2587 3720 2706 3769 pan
2726 3708 2834 3757 civi-

749 3770 811 3820 ef.
835 3770 965 3820 Fest.
990 3786 1033 3820 v.
1056 3774 1278 3821 Numera
1297 3774 1547 3821 Senatum.
1581 3772 1711 3819 Rur.
1821 3770 2050 3827 tatiused
2067 3776 2232 3819 tamen
2254 3784 2366 3833 pars
2383 3775 2714 3829 tantum,non
2735 3778 2836 3821 tota

818 3846 843 3895 7
862 3838 993 3884 .Non
1030 3838 1161 3885 modo
1192 3838 1322 3885 inter
1352 3837 1550 3894 Patres,
1576 3837 1662 3883 sed
1695 3852 1759 3885 ne
1821 3833 2005 3883 civitas.
2036 3834 2196 3884 Cnnv.

747 3900 1107 3949 interamnates
1123 3900 1337 3963 quidem]
1364 3898 1481 3946 Non
1497 3900 1645 3946 modo
1661 3915 1759 3947 non
1893 3914 1912 3947 1
1950 3900 2100 3949 Posse
2123 3934 2135 3947 .
2160 3934 2172 3946 .
2197 3934 2210 3947 .
2234 3934 2247 3946 .
2277 3900 2628 3960 praeemit-n]
2655 3898 2836 3949 Durior

749 3963 1068 4011 conveniebat
1088 3964 1215 4011 inter
1236 3962 1529 4023 Patmoed
1553 3978 1615 4011 ne
1635 3962 1762 4012 inter
1823 3977 1916 4010 nec
1947 3964 2064 4011 nafis
2097 3962 2236 4011 Livio
2269 3963 2416 4025 digna
2447 3963 2571 4012 haec
2603 3964 2834 4026 loquendi

748 4028 971 4075 consules
986 4027 1196 4102 quidem.
1244 4027 1346 4075 Ubi
1368 4028 1417 4074 in
1438 4027 1592 4075 altero
1609 4042 1759 4076 mem-
1821 4027 1946 4075 ratio
1999 4027 2147 4075 Doer.
2201 4026 2407 4086 videtur,
2457 4028 2542 4088 qui
2583 4030 2677 4089 sas
2737 4046 2834 4079 esse

748 4092 835 4139 bro
855 4097 1094 4153 reperitur
1112 4106 1175 4140 ne
1196 4127 1209 4139 .
1234 4126 1246 4139 .
1260 4128 1283 4140 ..
1307 4093 1515 4155 quidem,
1529 4091 1581 4138 in
1602 4092 1760 4154 priore
1821 4092 2156 4155 reponendum
2179 4092 2300 4141 vult.
2361 4091 2443 4140 De
2465 4106 2582 4140 voce

746 4162 859 4219 post
878 4172 976 4204 non
998 4156 1131 4203 modo
1151 4156 1522 4219 intelligendum
1545 4161 1618 4203 est
1644 4172 1756 4205 non.
1822 4158 1935 4205 cisse
1956 4156 2015 4204 cf.
2039 4154 2103 4204 ix.
2133 4167 2204 4217 17.
2227 4158 2258 4181 ‘⁶
2273 4154 2313 4203 si
2337 4156 2579 4203 Punicum
2607 4156 2834 4206 Romano

750 4218 866 4293 yid.
900 4235 1029 4334 sagr.
1059 4220 1092 4269 i.
1115 4234 1192 4279 4ο.
1226 4226 1277 4267 et
1303 4220 1412 4269 infr.
1436 4219 1497 4268 iv.
1533 4234 1575 4281 3.
1611 4236 1654 4269 v.
1679 4235 1756 4280 42.
1823 4220 2158 4281 praevertisset
2175 4218 2358 4279 bello‚'’
2373 4234 2438 4270 se.
2453 4221 2587 4281 prius
2599 4224 2834 4285 suscepis-

748 4298 814 4332 tx.
844 4299 915 4348 ¹9·
994 4298 1107 4333 nav.
1813 4290 1908 4334 net.

810 4349 842 4395 8
874 4352 955 4399 Ne
991 4350 1187 4397 nomina
1224 4350 1423 4408 darent]
1484 4348 1583 4408 Ne,
1621 4348 1757 4397 citati

1529 4456 1554 4493 ἦ
