3000 4784
692 176 819 237 226
1217 105 1231 129 ⁸
1456 170 1685 238 ΤῙΤΙ
1741 166 2012 239 LIVII

369 316 437 365 U.
462 318 521 367 c.
548 332 655 381 3¹0·
694 309 949 387 foratus,
994 317 1013 348 ‘
1030 308 1459 395 nequicquam
1504 307 1853 373 territando
1881 304 2173 373 consules
2210 317 2495 371 avertere
2533 303 2790 454 plebem

367 381 431 431 A.
464 382 525 431 ⁰·
548 397 659 443 ⁴⁴²·
701 403 720 434 ‘
738 418 777 459 a
814 417 966 459 cura
1003 417 1310 459 novarum
1354 393 1604 481 legum:
1652 416 1982 481 nunquam
2027 415 2138 457 eos
2177 414 2243 456 se
2283 392 2429 457 vivo
2467 391 2550 455 de
2575 404 2792 455 ectum

698 490 719 519 ‘
736 481 1079 557 habituros,
1104 495 1447 568 antequam
1476 504 1572 557 ea,
1593 504 1756 568 quae
1779 480 2176 568 promulgata
2203 479 2282 543 ab
2311 502 2379 543 se
2403 476 2792 564 collegisque

700 576 721 605 ‘
737 580 965 667 essent,
996 566 1217 655 plebes
1242 567 1526 632 scivisset
1542 568 1580 644 ;’
1623 582 1690 632 et
1719 566 2050 631 confestim
2079 565 2166 629 ad
2192 564 2570 630 concionem
2599 562 2794 627 advo·

694 667 876 718 cavit·-

496 736 557 795 2·
786 737 1033 803 Eodem
1100 752 1384 827 tempore
1452 752 1520 804 et
1581 738 1874 805 consules
1937 756 2228 802 senatum
2297 736 2368 800 in
2437 735 2794 810 tribunum,

372 817 617 927 Atdvenuo
695 838 761 889 et
820 825 1111 889 tribunus
1167 827 1475 912 populum
1535 826 1602 890 in
1661 824 1951 890 consules
2009 824 2328 888 incitabat.
2450 820 2796 909 Negabant

370 895 655 1004 ῗρὲξΞἾζιζ.
696 911 1005 986 consuleS,
1058 920 1076 949 ‘
1094 912 1219 975 iam
1256 912 1421 977 ultra
1462 911 1610 976 ferri
1653 935 1834 999 posse
1878 912 2120 975 furores
2165 908 2574 973 tribunicios:
2635 930 2796 971 ven·

372 1006 445 1055 tio
466 1008 603 1058 Con.
699 1006 719 1035 ‘
738 1012 873 1062 tum
936 998 1061 1061 iam
1134 996 1217 1061 ad
1284 998 1480 1061 finem
1553 1021 1729 1075 esse3
1804 995 1978 1062 domi
2041 994 2185 1083 plus
2247 993 2400 1060 belli
2466 994 2794 1070 concitari,

700 1093 720 1122 ‘
742 1106 931 1170 quam
976 1083 1142 1149 foris.
1234 1082 1314 1149 Id
1352 1082 1512 1149 adeo
1557 1108 1688 1148 non
1731 1084 1954 1172 plebis,
1991 1105 2184 1169 quam
2227 1081 2530 1157 Patrum3
2581 1103 2794 1167 neque

701 1177 722 1208 ‘
744 1170 1141 1235 tribunorum
1224 1170 1441 1257 magis,
1516 1193 1708 1256 quam
1787 1168 2141 1246 consulum,
2213 1167 2402 1255 culpa
2481 1166 2792 1231 accidere.

702 1263 721 1293 ‘
748 1254 952 1321 Cuius
996 1255 1088 1320 rei
1134 1258 1486 1344 praemium
1534 1256 1616 1319 sit
1661 1256 1732 1319 in
1783 1257 2056 1332 civitate,
2102 1276 2244 1319 eam
2289 1252 2588 1317 maximis
2629 1276 2794 1317 sem-

634 1396 642 1399 .
704 1350 743 1387 6-
826 1364 859 1405 r
916 1343 1205 1407 auctibus
1263 1364 1580 1408 crescere:
1645 1340 1736 1407 sic
1781 1364 1938 1427 pace
1996 1342 2214 1417 bonos,
2263 1340 2352 1403 sic
2398 1338 2572 1404 bello
2631 1340 2784 1403 fieri.

703 1366 1102 1493 ‘ffuimum
1171 1427 1415 1493 Romae
1480 1428 1834 1514 praemium
1901 1426 2284 1493 seditionum
2349 1448 2520 1489 esse:
2600 1426 2672 1489 id
2731 1438 2794 1491 et

703 1513 1002 1599 ‘singulis
1046 1514 1479 1613 universisque
1525 1536 1775 1601 semper
1818 1512 2071 1577 honori‘
2092 1511 2298 1576 fuisse.
2393 1511 2796 1577 Reminisce-

703 1608 722 1636 ‘
744 1614 985 1675 rentur,
1032 1621 1221 1685 quam
1268 1613 1662 1665 malestatem
1713 1614 1966 1664 senatus
2012 1598 2132 1685 ipsi
2184 1620 2223 1662 a
2271 1598 2557 1684 patribus
2617 1621 2796 1663 acce-

704 1694 723 1722 ‘
745 1684 1002 1771 pissent,
1083 1706 1227 1749 uam
1257 1684 1468 1749 liberis
1505 1684 1796 1749 tradituri
1835 1698 2079 1761 essent3
2125 1696 2218 1762 ut,
2251 1682 2792 1771 quemadmodum

704 1778 723 1806 6
789 1767 941 1847 lebs,
1000 1792 1044 1856 g
1068 1770 1254 1835 oriari
1322 1783 1599 1856 possent,
1659 1771 2006 1837 auctiorem
2075 1770 2577 1857 amplioremque
2637 1793 2790 1835 effic.
2809 1790 2834 1838 ⁵

704 1863 723 1894 ‘
744 1792 970 1919 li'inem
1015 1878 1167 1942 ergo
1203 1878 1333 1921 non
1373 1856 1532 1933 fieri,
1571 1879 1692 1921 nec
1727 1856 2026 1933 futuram,
2065 1856 2290 1933 donec,
2332 1879 2530 1942 quam
2573 1855 2792 1921 felices

703 1950 723 1979 ‘
743 1940 1103 2018 seditiones,
1126 1956 1253 2005 tam
1272 1940 1564 2006 honorati
1587 1942 1972 2007 seditionum
1993 1956 2280 2007 auctores
2301 1954 2531 2007 essent.
2617 1942 2796 2017 Quas

702 2036 723 2065 ‘
741 2039 1137 2113 quantasque
1190 2049 1291 2091 res
1339 2026 1417 2093 C.
1470 2027 1854 2092 Canuleium
1900 2051 2258 2115 aggressum
2276 2028 2307 2091 ἲ
2365 2026 2794 2093 colluvionem

702 2122 721 2153 ‘
736 2113 1046 2200 gentium,
1072 2113 1612 2200 perturbationem
1641 2114 2063 2201 auspiciorum
2085 2113 2486 2201 publicorum
2517 2104 2838 2201 privato-⁶

704 2208 724 2237 6
741 2221 1011 2286 rumque
1056 2200 1299 2276 afferre,
1344 2222 1426 2263 ne
1473 2199 1633 2285 quid
1676 2200 1925 2276 sinceri,
1971 2222 2052 2265 ne
2101 2199 2259 2286 quid
2305 2184 2838 2264 incontaminati⁷

701 2294 722 2323 ‘
740 2284 844 2349 sit:
896 2300 986 2362 ut,
1011 2284 1371 2351 discrimine
1396 2285 1571 2349 omni
1601 2284 1864 2363 sublat0,
1889 2307 2009 2349 nec
2039 2308 2104 2350 se
2124 2286 2481 2373 quisquam,
2507 2309 2634 2351 nec
2655 2310 2796 2351 suos

703 2380 723 2409 6
740 2372 1005 2437 noverit.
1120 2370 1330 2447 Quam
1392 2370 1566 2435 enim
1624 2371 1808 2435 aliam
1868 2371 1998 2436 vim
2057 2372 2376 2437 connubia
2431 2374 2796 2457 promiscua

703 2466 723 2496 ‘
746 2456 998 2536 babere,
1036 2457 1158 2522 nisi
1202 2470 1277 2521 ut
1316 2456 1591 2521 ferarum
1636 2478 1833 2543 prope
1879 2457 2006 2521 ritu
2043 2456 2383 2545 vulgentur
2417 2461 2798 2524 concubitus

702 2544 941 2630 ‘plebis
974 2544 1404 2631 Patrumque:
1453 2557 1546 2619 ut,
1586 2543 1698 2629 qui
1743 2556 1930 2607 natus
1973 2544 2071 2619 sit,
2113 2542 2380 2630 ignoret,
2423 2544 2613 2609 cuius
2657 2568 2798 2609 san-

701 2640 743 2715 6,
788 2630 974 2707 uiniS‚
1052 2652 1278 2695 uorum
1318 2650 1636 2694 sacrorum
1666 2629 1784 2705 sit3
1831 2627 2134 2692 dimidius
2173 2628 2440 2692 Patrum
2469 2630 2576 2707 sit,
2609 2631 2840 2699 dimi-s

369 2736 619 2784 Adversus
702 2723 722 2755 ‘
738 2654 882 2781 {ius
921 2654 1147 2815 plebis,
1193 2738 1276 2779 ne
1319 2737 1537 2779 secum
1581 2714 1844 2802 quidem
1889 2714 2024 2801 ipse
2076 2714 2379 2779 concors?
2439 2713 2690 2781 Parum
2733 2716 2798 2781 id

370 2800 532 2877 legem
552 2800 617 2847 ¹¹0
701 2809 721 2841 ‘
738 2801 959 2877 viden,
992 2799 1167 2887 quod
1198 2800 1413 2865 omnia
1442 2800 1662 2864 divina
1695 2800 2100 2886 humanaque
2133 2800 2504 2866 turbentur:
2555 2802 2689 2866 iam
2719 2802 2798 2867 ad

342 2864 507 2975 ξζίζ
531 2864 634 2925 9¹⁹⁴
699 2896 718 2927 ‘
736 2886 1129 2951 consulatum
1174 2884 1345 2971 vulgi
1396 2887 1751 2951 turbatores
1799 2886 2080 2973 accingi3
2134 2887 2210 2950 et'
2242 2886 2470 2974 prim0,
2517 2900 2596 2953 ut
2643 2888 2802 2953 alter

699 2981 720 3011 ‘
742 2970 963 3037 consul
1020 2992 1103 3035 ex
1155 2969 1347 3070 plebe
1395 2970 1596 3047 fieret,
1645 2970 1714 3035 id
1772 2970 1963 3036 modo
2021 2972 2414 3036 sermonibus
2471 2984 2794 3040 tentasse:

700 3066 911 3121 ‘nunc
967 3078 1195 3143 rogan,
1250 3069 1339 3132 ut,
1394 3078 1509 3120 seu
1555 3079 1638 3121 ex
1696 3056 2008 3134 Patribus,
2063 3079 2176 3122 seu
2235 3081 2318 3123 ex
2374 3058 2570 3146 plebe
2621 3061 2795 3138 velit,

700 3153 721 3183 ‘
738 3166 821 3231 po
868 3143 1010 3207 ulus
1044 3140 1333 3208 consules
1362 3154 1572 3207 creet:
1621 3154 1689 3207 et
1717 3156 2036 3207 creaturos
2064 3142 2238 3208 haud
2267 3143 2462 3209 dubie
2491 3169 2580 3210 ex
2607 3146 2798 3235 plebe

700 3240 721 3270 6
736 3253 802 3294 se
853 3229 1277 3297 'tiosissimum
1336 3250 1679 3317 quemque.
1792 3228 2138 3295 Canuleios
2195 3230 2392 3317 igitur
2449 3230 2797 3321 Iciliosque

765 3461 1281 3537 sGloriadpooeem]
1318 3458 1714 3511 PoeoetBekker
1857 3460 2794 3523 7Ampiciomm....pn‘vatoeun]

697 3532 749 3577 et
778 3526 961 3577 Stroth.
990 3530 1218 3583 retinent,
1246 3525 1339 3573 hac
1368 3523 1628 3582 sententia,
1657 3528 1714 3571 ut
1775 3524 2016 3584 Auspicia
2042 3525 2244 3585 privata
2277 3522 2506 3571 videntur
2538 3524 2696 3575 fuine
2725 3542 2798 3583 et,

697 3590 1111 3653 quemadmodum
1140 3590 1281 3651 plebe
1308 3586 1506 3649 gloriari
1532 3590 1712 3648 posset,
1775 3600 1902 3647 quae
1932 3601 2080 3649 super
2110 3586 2410 3649 privatorum
2441 3590 2657 3649 negotiis
2687 3606 2798 3651 esp·

698 3669 789 3703 sua
824 3655 931 3703 ium
972 3668 1076 3701 esse
1118 3646 1336 3701 auctiore.
1374 3650 1711 3712 amplioreque
1775 3650 2022 3699 tabe-ntur.
2097 3650 2290 3711 “Apud
2315 3648 2606 3711 antiquos,”
2633 3653 2796 3715 inquit

698 3717 847 3775 fliete,
890 3716 961 3765 ita
1006 3714 1229 3765 similiter
1269 3721 1469 3765 mmm
1515 3712 1712 3775 gloriari
1777 3712 1892 3760 Val.
1917 3713 2055 3762 Max.
2077 3713 2126 3762 ii.
2157 3728 2196 3761 1.
2226 3716 2259 3739 66
2272 3728 2371 3762 non
2393 3712 2556 3763 solum
2581 3716 2796 3777 publice,

692 3788 871 3842 posset,
911 3792 1049 3827 suam
1103 3778 1407 3826 maiestatem
1450 3792 1557 3827 esse
1597 3792 1712 3825 suc·
1775 3776 2016 3825 sedetiam
2030 3776 2258 3839 privatim
2272 3776 2398 3825 nihil
2407 3778 2694 3839 gerebatur,
2703 3780 2796 3829 n'ni

696 3844 869 3891 tiorem
893 3842 1295 3903 amplioremque.
1775 3838 1994 3902 auspicio
2041 3840 2176 3902 prius
2215 3844 2465 3901 sumpto.”
2547 3842 2798 3893 Videntur

772 3904 805 3955 6
850 3906 1274 3955 Perturbat-'onem
1349 3904 1706 3965 auspiciorum]
1773 3910 1940 3951 sutem
1973 3903 2166 3965 patricii
2199 3910 2318 3952 tunc
2349 3906 2666 3955 eontendhe
2693 3909 2796 3969 1³¹⁴>

696 3970 1075 4020 Contendebat
1098 3966 1288 4029 patricii
1320 3981 1373 4015 se
1400 3966 1532 4015 solos
1549 3966 1711 4029 auspi·
1773 3966 1910 4016 beios
1949 3967 2191 4029 auspicari
2242 3968 2444 4016 omnino
2485 3984 2592 4018 non
2635 3985 2794 4033 pone.

696 4034 773 4085 cie.
809 4034 1017 4082 habere:
1053 4029 1177 4095 (vid.
1210 4030 1318 4079 inst.
1350 4028 1398 4079 6.
1428 4035 1480 4079 et
1511 4029 1572 4077 vi.
1601 4028 1707 4094 4¹·)
1775 4028 1906 4079 Vide
1927 4030 2040 4079 intr.
2061 4030 2108 4081 6.

696 4098 935 4147 incertum
960 4100 1127 4145 autem
1148 4094 1268 4153 fore,
1289 4095 1427 4143 cuius
1446 4094 1710 4155 sanguinis,
1837 4095 1868 4141 8
1902 4096 2120 4153 Quorum
2149 4096 2424 4155 samm]
2477 4094 2584 4145 Sua
2615 4097 2792 4159 cuique

698 4160 941 4223 plebeiine
972 4174 1037 4207 sn
1067 4156 1275 4221 patricii,
1300 4158 1449 4205 futtxri
1482 4162 1645 4205 oesent
1675 4156 1711 4204 ii
1772 4156 1906 4219 genti
1985 4158 2147 4219 κομι-ἐι
2187 4159 2323 4209 suere
2367 4174 2519 4207 sacra.
2607 4160 2792 4211 Nobile

694 4224 779 4285 qui
822 4239 885 4273 ex
922 4220 1177 4272 connubiis
1212 4220 1415 4269 Panum
1458 4226 1512 4269 et
1554 4219 1713 4282 plebis
1774 4234 1952 4282 exemp
1973 4234 2058 4267 um
2075 4221 2250 4269 horum
2263 4221 2791 4283 gentilitiorumnero-

693 4285 925 4335 nescituri
947 4290 1121 4335 cuent.
1154 4284 1315 4333 cuv.
1775 4296 1882 4331 rum
1906 4282 2018 4331 vide
2039 4282 2150 4335 infr.
2174 4300 2217 4333 v.
2241 4284 2320 4343 46.
