3000 4784
829 239 1021 306 LIB.
1083 240 1169 306 ΙΙ.
1240 241 1462 306 CAP.
1530 247 1626 305 10.
1760 253 1767 258 ·
1880 225 1891 236 '
2196 247 2277 306 83

169 372 482 462 stipendii
510 371 814 459 pendere,
837 373 892 435 si
920 371 1152 436 liberos
1183 372 1545 438 educarent.
1639 372 1863 461 Itaque
1886 374 2044 439 haec
2066 374 2279 439 indul·
2300 397 2366 447 U.
2390 399 2448 449 c,
2475 400 2583 460 246,

253 461 394 526 ntia
437 459 724 536 Patrum,
915 459 1000 522 ris
1038 459 1444 546 postmodum
1485 461 1675 525 rebus
1719 461 1789 525 in
1832 461 2159 526 obsidione
2205 485 2277 526 ac
2297 463 2357 511 A.
2392 465 2450 514 C·
2476 464 2583 526 50⁶-

167 485 360 624 ffine,
391 545 557 610 adeo
593 568 714 610 con
754 569 793 609 o
871 567 975 609 em
1021 545 1342 610 civitatem
1382 548 1611 624 tenuit,
1643 559 1719 612 ut
1760 548 2007 634 regium
2040 571 2278 613 nomen

167 657 307 699 non
343 633 578 698 summi
617 632 835 718 magis,
882 654 1074 719 quam
1117 633 1340 710 infimi,
1373 633 1740 698 horrerent:
1787 657 1908 699 nec
1940 635 2279 723 quisquam

169 743 343 785 unus
389 718 572 784 malis
609 719 848 784 artibus
887 731 1106 805 postea
1145 732 1274 783 tam
1313 720 1638 807 popularis
1686 735 1867 798 esset,
1906 721 2097 807 quam
2141 734 2278 786 tum

166 809 340 872 bene
371 805 744 892 imperando
775 805 1104 869 universus
1131 815 1386 870 senatus
1413 807 1551 871 fuit.

265 893 491 968 Quum
521 891 737 956 hostes
764 891 1074 969 adessent,
1105 915 1222 978 pro
1251 915 1317 956 se
1348 893 1619 980 quisque
1650 895 1718 957 in
1750 895 1973 958 urbem
2002 917 2085 958 ex
2114 896 2284 982 agris
2408 907 2504 966 10.

167 980 343 1044 dern‘
509 991 573 1043 t:
622 979 846 1042 urbem
876 978 1075 1065 ipsam
1105 980 1397 1066 saepiunt
1430 980 1776 1066 praesidiis.
1870 980 2023 1045 Alia
2060 983 2276 1058 muriz-3,

125 1080 152 1125 3
171 1068 298 1132 alia
409 1065 566 1129 iberi
617 1065 868 1129 obiecto
919 1065 1300 1130 videbantur
1344 1078 1498 1130 tuta.
1593 1066 1767 1131 Pons
1810 1067 2112 1133 sublicius
2156 1069 2279 1133 iter

217 1175 380 1218 aene
411 1152 696 1216 hostibus
725 1151 938 1216 dedit:
987 1153 1055 1216 ni
1085 1175 1252 1216 unus
1279 1153 1376 1216 vir
1401 1152 1642 1229 fuisset,
1678 1152 1982 1218 Horatius
2016 1153 2273 1232 Cocles3
2297 1178 2421 1226 Hor.
2446 1178 2607 1228 coeli-

168 1178 272 1328 {id
317 1239 790 1303 munimentum
833 1237 944 1302 illo
987 1237 1092 1302 die
1133 1237 1389 1302 fortuna
1430 1239 1605 1303 urbis
1649 1239 1979 1304 Romanae
2022 1240 2277 1329 habuit)
2292 1242 2358 1290 ¹⁵5⁸
2379 1243 2569 1290 fortitu-

171 1328 308 1414 qui‚
333 1325 582 1413 positus
607 1324 769 1389 forte
791 1325 860 1387 in
883 1325 1153 1390 statione
1177 1325 1413 1424 pontis,
1437 1349 1641 1412 quum
1662 1338 1919 1412 captum
1941 1328 2277 1413 repentino
2293 1308 2372 1355 ‘¹⁰’

171 1416 262 1478 im
352 1427 422 1476 tu
485 1410 862 1488 Ianiculum,
923 1423 1116 1497 atque
1174 1411 1326 1476 1nde
1385 1412 1612 1476 citatos
1671 1411 2005 1477 decurrere
2065 1413 2279 1479 hostes

169 1501 236 1564 vi
287 1501 301 1514 ⁰
409 1512 457 1575 t,
489 1497 928 1585 trepidamque
971 1498 1220 1562 turbam
1257 1520 1515 1563 suorum
1556 1520 1730 1562 arma
1758 1498 2139 1586 ordinesque
2180 1523 2279 1566 re-

169 1587 493 1674 linquere,
554 1584 1012 1671 reprehensans
1074 1583 1376 1672 singulos,
1435 1585 1768 1663 obsistenS,
1828 1587 2277 1675 obtestansque

171 1674 374 1738 deum
404 1686 472 1737 et
498 1671 832 1735 hominum
861 1670 1075 1748 fidem,
1103 1671 1480 1736 testabatur:
1534 1680 1554 1710 ⁶
1570 1673 1999 1759 nequicquam
2028 1673 2279 1738 deserto

125 1792 155 1834 4
175 1770 196 1798 ⁶
211 1758 534 1848 praesidio
573 1780 682 1823 eos
716 1757 954 1844 fugere.
1049 1755 1119 1821 Si
1163 1758 1498 1822 transitum
1539 1773 1801 1845 pontem
1832 1783 1871 1823 a
1916 1772 2094 1847 tergo
2134 1761 2285 1824 reli-·

175 1857 196 1884 ⁶
213 1847 526 1933 quissent,
559 1845 682 1908 iam
714 1844 857 1931 plus
887 1843 1168 1908 hostium
1195 1844 1266 1908 in
1305 1844 1553 1909 Palatio
1586 1843 2053 1946 Capitolioque,
2086 1870 2279 1933 quam

175 1943 196 1971 ⁶
215 1934 286 1996 in
317 1931 628 2008 Ianicu10,
657 1931 810 1995 fore.
903 1928 1130 2017 Itaque
1173 1953 1452 2008 monere,
1483 1931 1868 2018 praedicere,
1901 1946 1974 1997 ut
2017 1947 2280 2020 pontem

177 2029 197 2058 ⁶
216 2020 406 2096 ferm,
467 2017 620 2105 igni,
693 2040 1078 2118 quacunque
1133 2017 1198 2080 vi
1254 2031 1531 2105 possent,
1593 2018 2077 2106 interrumpent.
2196 2020 2279 2086 Se·

177 2107 536 2192 ‘impetum
583 2104 883 2181 hosnum,
930 2113 1240 2191 quantum
1291 2126 1555 2191 corpore
1604 2127 1734 2169 nno
1784 2118 1997 2192 posset
2040 2107 2279 2185 obsisti,

177 2203 200 2232 ⁶
217 2192 681 2279 excepturum.'
768 2190 969 2255 Vadit
1008 2190 1159 2254 inde
1189 2191 1258 2253 in
1297 2191 1575 2276 primum
1604 2191 1849 2256 aditum
1885 2193 2130 2279 pontis:
2178 2194 2279 2257 in-

177 2279 506 2366 signisque
537 2279 704 2342 inter
731 2290 1073 2364 conspecta
1099 2276 1464 2342 cedentium
1493 2300 1747 2378 pugnae
1777 2290 1972 2366 terga,
2004 2280 2285 2345 obversis

175 2366 474 2430 cominus
503 2363 584 2430 ad
611 2364 968 2429 ineundum
997 2363 1312 2450 proelium
1340 2363 1549 2440 armiS‚
1580 2387 1719 2451 1pso
1753 2365 2057 2430 miraculo
2086 2367 2281 2431 auda—

132 2471 160 2517 5
180 2454 318 2517 ciae
343 2451 764 2538 obstupefecit
783 2450 1010 2515 hostes.
1104 2449 1289 2514 Duos
1307 2461 1523 2513 tamen
1552 2473 1699 2514 cum
1729 2473 1807 2514 eo
1827 2452 2035 2538 pudor
2052 2453 2278 2530 tenuit,

185 2539 296 2626 Sp.
333 2538 624 2603 Lartium
653 2561 726 2602 ac
757 2537 834 2601 T.
871 2535 1302 2612 Herminium,
1334 2536 1553 2600 ambos
1581 2535 1780 2600 claros
1808 2560 2043 2624 genere
2071 2539 2283 2603 factis-

180 2649 332 2712 que.
429 2623 602 2690 Cum
630 2623 730 2688 his
758 2625 1028 2711 primam
1059 2621 1326 2709 periculi
1353 2621 1717 2708 procellam,
1747 2635 1814 2687 et
1841 2624 2017 2710 quod
2046 2624 2283 2688 tumul-

181 2712 616 2778 tuosissimum
654 2733 905 2799 pugnae
951 2721 1106 2786 erat,
1142 2730 1484 2796 parumper
1522 2709 1854 2774 sustinuit:
1902 2709 2137 2775 deinde
2174 2734 2289 2776 eos

180 2822 445 2886 quoque
473 2798 661 2884 ipsos,
691 2797 925 2884 exigua
947 2806 1128 2896 parte
1158 2795 1374 2883 pontis
1411 2794 1651 2874 relicta,
1680 2797 2138 2875 revocantibuS,
2170 2799 2285 2886 qui

179 2885 654 2960 rescindebant,
686 2884 912 2948 cedere
943 2904 1014 2946 m
1049 2894 1261 2946 tutum
1301 2881 1526 2968 coegit.
1622 2881 2099 2950 circumferens
2129 2884 2284 2949 inde

181 2985 400 3038 truces
456 2970 788 3035 minaciter
839 2967 1054 3035 oculos
1113 2967 1196 3033 ad
1263 2990 1556 3056 proceres
1615 2969 2049 3049 Etruscorum,
2108 2993 2285 3037 nunc

179 3057 468 3146 singulos
495 3079 854 3145 provocare,
883 3078 1057 3120 nunc
1079 3055 1406 3142 increpare
1437 3077 1680 3134 omnes,
1715 3065 1735 3096 ⁶
1756 3056 2031 3122 Servitia
2057 3080 2283 3146 regum

183 3155 206 3183 ⁶
223 3145 662 3233 superborum,
693 3165 840 3208 suae
863 3142 1173 3207 libertatis
1201 3142 1622 3220 immemoreS,
1654 3143 1923 3208 alienam
1956 3166 2284 3245 oppugna·

185 3243 206 3270 ⁶
227 3246 368 3296 tum
397 3231 652 3295 venire?
743 3228 1048 3293 Cunctati
1076 3227 1468 3314 aliquamdiu
1494 3242 1663 3307 sunt,
1695 3229 1851 3294 dum
1880 3230 2039 3295 alius
2068 3231 2283 3307 ahum,

185 3333 261 3384 ut
289 3317 606 3406 proelium
637 3317 968 3404 incipiant,
999 3315 1563 3402 circumspectant:
1610 3315 1819 3403 pudor
1846 3316 2080 3382 deinde
2110 3319 2305 3382 com-'

185 3405 392 3470 movit
419 3404 645 3481 aciem,-
672 3416 758 3480 et,
789 3401 1060 3466 clamore
1091 3399 1356 3478 sublat0,
1389 3399 1677 3489 undique
1706 3403 1776 3467 in
1804 3426 2006 3467 unum
2036 3404 2285 3470 hostem

185 3491 319 3556 tela
357 3489 722 3556 coniiciunt.
819 3487 1003 3564 Quae
1035 3509 1235 3575 quum
1274 3487 1342 3550 in
1373 3488 1623 3554 obiecto
1662 3501 1891 3554 cuncta
1918 3503 2097 3560 scuto
2136 3492 2287 3556 hae·
2388 3486 2395 3500 '

185 3580 438 3656 sissent,
457 3600 668 3663 neque
692 3575 799 3642 ille
823 3575 1034 3639 minus
1051 3574 1402 3640 obstinatus
1423 3574 1675 3662 ingenti·
1692 3589 1955 3662 pontem
1973 3571 2291 3644 obtineret

187 3665 416 3752 gradu,
469 3664 597 3728 iam
647 3663 892 3750 impetu
951 3661 1344 3726 conabantur
1393 3660 1731 3726 detrudere
1785 3663 2026 3740 virum3
2071 3729 2076 3746 ,
2135 3687 2289 3729 uum

187 3751 384 3816 simul
411 3751 621 3838 fingor
647 3749 816 3837 rupti
847 3747 1078 3836 pontia,
1107 3747 1297 3812 simul
1325 3748 1560 3812 clamor
1591 3747 2046 3828 Romanorum,
2072 3688 2292 3815 aiacri-

193 3853 330 3904 tate
358 3837 626 3926 perfecti
656 3836 866 3923 operis
911 3833 1211 3912 sublatus,
1241 3857 1472 3922 pavore
1514 3835 1721 3900 subito
1765 3837 2077 3924 impetum
2106 3839 2291 3902 susti-

259 4025 289 4072 3
323 4011 462 4059 Pom
481 4009 737 4067 mucius]
780 4007 842 4055 cf.
866 4006 898 4055 i.
923 4021 997 4068 33.
1278 4005 1401 4054 foret
1427 4005 1657 4054 transitus
1688 4005 1925 4054 hostibua·
1959 4003 2067 4054 infr.
2090 4005 2189 4054 xxi.
2216 4019 2291 4066 32.

260 4092 292 4136 4
331 4075 614 4122 rramuum
629 4072 852 4135 pontem]
890 4071 921 4119 i.
945 4085 988 4119 e.
1013 4075 1211 4132 pontem
1279 4071 1312 4096 ⁶⁶
1327 4069 1582 4117 transitum
1605 4085 1666 4120 ea
1685 4084 1783 4117 non
1806 4073 1961 4118 esse.”
1992 4069 2205 4118 Srnorn.

195 4155 285 4202 per
302 4151 453 4200 quem
467 4137 782 4194 transiissent,
798 4134 1071 4195 composita
1085 4134 1214 4182 enim
1346 4146 1373 4195 5
1395 4135 1535 4184 Dum
1556 4134 1742 4193 tamon]
1769 4133 1995 4196 Singulos
2010 4148 2073 4181 ex
2095 4129 2295 4192 singulis

197 4203 332 4252 verbi
345 4205 419 4252 ire
429 4201 676 4249 interdum
693 4199 881 4263 passive
894 4198 1214 4260 accipiuntur.
1279 4196 1499 4246 tribubus
1516 4201 1729 4260 patrum,
1741 4213 1806 4245 sc.
1824 4197 2043 4245 Lartium
2062 4211 2123 4243 ex
2141 4195 2292 4242 Ram-

194 4267 310 4316 infr.
332 4266 434 4314 xxi.
458 4280 536 4327 43.
571 4263 705 4313 xxiii.
730 4263 808 4312 28,
875 4259 1038 4310 Possis
1067 4261 1216 4310 etiam
1281 4261 1527 4321 nensibus,
1549 4259 1864 4308 Herminium
1894 4272 1957 4307 ex
1980 4255 2295 4314 Titiensibus,

194 4329 468 4394 explicare,
488 4331 532 4377 si
555 4335 751 4392 pontem
783 4343 817 4374 a
843 4333 978 4388 lev-90
999 4325 1216 4387 reliquis·
1283 4325 1549 4374 Horatium
1570 4339 1633 4372 ex
1658 4323 1937 4372 Luceribus.

194 4401 310 4444 sent
343 4393 620 4452 transitum,
648 4407 714 4440 sc.
737 4390 974 4447 hostibus,
1005 4391 1037 4438 i.
1065 4405 1108 4438 e.
1135 4389 1219 4450 qui
1912 4451 1951 4507 2
