3000 4784
728 240 857 304 474
1494 236 1722 302 TITI
1781 234 2056 302 LIVII

581 402 690 453 425·
729 371 951 460 populi
997 372 1273 437 Romani
1316 372 1592 437 fideliter
1633 386 1826 472 atque
1869 371 2246 437 obedienter
2287 370 2554 436 fiituros.
2659 371 2832 436 Missi

583 470 641 519 32
650 468 691 517 7·
733 471 867 522 tum
890 460 971 523 ab
992 472 1217 523 senatu
1244 459 1457 545 legati,
1476 459 2056 544 denuntiatumque
2083 456 2493 533 SamnitibuS,
2519 472 2596 521 ut
2615 480 2834 522 eorum

726 545 1108 631 populorum
1150 544 1383 609 finibus
1426 545 1556 609 vim
1601 545 2026 609 abstinerentz
2081 543 2404 630 valuitque
2452 566 2534 608 ea
2575 544 2834 631 legatio,

728 652 860 695 non
892 643 1019 695 tam
1040 632 1439 781 ςυὶἶέαοεω
1455 630 1760 696 volebant
1791 630 2124 708 Samnites,
2149 652 2342 716 quam
2361 630 2520 715 quia
2535 630 2838 694 nondum

728 718 929 803 parati
958 729 1139 780 erant
1279 716 1538 782 bellum.

401 812 601 886 Bqllum
816 802 1065 867 Eodem
1095 826 1263 867 anno
1297 803 1634 867 Privernas
1659 802 1900 867 bellum
1927 803 2198 866 initum:
2245 803 2426 867 cuius
2465 801 2632 866 socii
2667 802 2842 866 Fun-

402 879 672 925 aneman.
727 888 899 965 dani,
931 889 1066 952 dux
1094 890 1285 953 etiam
1314 889 1437 953 fuit
1466 889 1832 965 Fundanus,
1864 888 2196 953 Vitruvius
2225 888 2514 964 Vaccus3
2561 890 2677 952 vir
2709 911 2838 952 non

724 974 901 1039 domi
946 975 1170 1053 solum,
1218 976 1331 1040 sed
1380 976 1572 1040 etiam
1634 974 1900 1051 Romae,
1949 974 2170 1039 clarus.
2267 974 2481 1039 Aedes
2525 975 2722 1040 fuere
2775 976 2840 1039 in

725 1060 973 1126 Palatio
1002 1062 1159 1139 eius,
1184 1084 1347 1147 quae
1372 1061 1570 1125 Vacci
1593 1074 1792 1147 prata,
1815 1061 2030 1125 diruto
2061 1060 2351 1125 aedificio
2371 1060 2840 1147 publicatoque

722 1147 878 1225 solo,
910 1147 1241 1235 appellata.
1334 1148 1662 1211 Adversus
1689 1148 1881 1224 hunc,
1911 1160 2265 1211 vastantem
2293 1148 2492 1210 effuse
2527 1146 2836 1211 Setinum

725 1233 1102 1298 Norbanum
1152 1257 1233 1298 ue
1268 1246 1336 1298 et
1383 1232 1712 1297 Coranum
1757 1256 1998 1319 agrum,
2031 1234 2109 1297 L.
2143 1233 2434 1319 Papirius
2479 1234 2838 1319 profectu&

725 1320 897 1384 haud
926 1344 1125 1407 procu
1175 1320 1391 1384 castris
1410 1320 1547 1383 eius
1575 1320 1880 1383 consedit.
1972 1319 2270 1383 Vitruvio
2297 1340 2436 1395 nec,
2463 1333 2539 1383 ut
2557 1319 2742 1384 vallo
2769 1342 2838 1383 se

724 1418 974 1471 teneret
1017 1407 1311 1470 adversus
1353 1405 1725 1469 validiorem
1779 1406 2046 1481 hostem,
2092 1427 2244 1468 sana
2286 1418 2572 1468 constare
2623 1428 2836 1482 mem,

722 1515 860 1570 nec,
892 1506 966 1557 ut
995 1492 1243 1579 longius
1272 1515 1311 1555 a
1338 1492 1556 1556 eastris
1585 1490 1936 1567 dimicaret,
1962 1492 2208 1554 animus
2237 1504 2596 1639 suppetere.
2701 1491 2840 1555 Vix

724 1592 857 1643 tota
898 1591 1081 1642 extra
1125 1592 1372 1665 portam
1417 1590 1764 1642 castrorum
1807 1576 2121 1663 explicata
2163 1577 2316 1653 acie,
2383 1599 2574 1663 ugam
2625 1580 2838 1665 magis

720 1677 909 1741 retr0,
930 1686 1122 1763 quam
1151 1664 1466 1751 proelium
1484 1676 1595 1727 aut
1623 1664 1888 1739 hostem,
1914 1676 2238 1749 spectante
2258 1662 2479 1739 milite,
2503 1662 2650 1727 sine
2675 1686 2834 1729 con-

722 1749 881 1825 silio,
913 1772 1049 1813 sine
1080 1750 1343 1815 audacia
1382 1751 1742 1836 depugnat:
1791 1762 1858 1813 et
1896 1762 1970 1813 ut
1997 1750 2122 1813 levi
2161 1761 2486 1812 momento
2521 1772 2654 1812 nec
2697 1772 2840 1815 am-

394 1854 531 1903 Victi
555 1853 659 1902 Pri·
720 1833 911 1919 bigue
941 1850 1038 1898 est
1066 1837 1303 1911 victus3
1350 1836 1459 1912 ita,
1485 1836 1792 1900 brevitate
1822 1836 1958 1921 ipsa
1983 1834 2107 1899 loci
2127 1833 2424 1919 facilique
2453 1852 2736 1921 receptu
2765 1838 2836 1899 in

394 1923 626 1967 vemates.
720 1932 849 1983 tam
888 1921 1247 2006 propinqua
1285 1934 1508 1997 castra,
1544 1922 1718 1985 haud
1761 1944 1946 2020 aegre
1987 1920 2254 1985 militem
2299 1943 2338 1983 a
2375 1919 2576 1984 multa
2621 1922 2832 1987 caede

718 2018 815 2070 est
843 2018 1115 2070 tutatus:
1164 2029 1283 2070 nec
1312 2006 1442 2071 fere
1474 2008 1812 2093 quisquam
1842 2030 1910 2069 m
1952 2008 2088 2093 ipso
2116 2008 2480 2083 certamine,
2513 2009 2720 2093 pauci
2763 2010 2833 2071 in

718 2093 906 2157 turba
930 2092 1116 2179 fugae
1160 2106 1502 2170 extremae,
1533 2116 1732 2179 quum
1773 2094 1843 2155 in
1881 2107 2082 2156 castra
2126 2106 2404 2169 ruerent,
2435 2094 2598 2157 caesi
2621 2116 2646 2168 3
2697 2096 2835 2181 pri-

718 2180 964 2279 misque
985 2180 1260 2243 tenebris
1279 2180 1656 2243 Privernum
1685 2179 1837 2243 inde
1867 2180 2138 2264 petitum
2161 2178 2414 2264 agmine
2445 2191 2540 2242 tre
2583 2179 2734 2256 ido,
2761 2195 2836 2245 ut

718 2287 915 2329 muris
964 2266 1193 2352 potiuS,
1247 2288 1439 2352 quam
1465 2264 1670 2345 vallo,
1719 2286 1855 2329 sese
1917 2276 2286 2328 tutarentur.
2379 2264 2448 2328 A
2561 2265 2833 2331 rivet-no

717 2350 1007 2415 Plautius
1058 2352 1217 2416 alter
1260 2350 1502 2427 consul,
1547 2350 1917 2437 pervastatis
1957 2351 2188 2450 passim
2235 2352 2398 2437 agris
2447 2350 2830 2438 praedaque

716 2438 954 2514 abacta,
986 2438 1053 2501 in
1083 2460 1304 2524 agrum
1344 2437 1729 2501 Fundanum
1769 2450 2121 2501 exercitum
2161 2435 2425 2500 inducit.
2517 2436 2832 2523 Ingredi-

716 2523 849 2587 enti
893 2524 1053 2589 fines
1096 2538 1351 2589 senatus
1397 2522 1851 2588 Fundanorum
1895 2524 2201 2599 occurrit3
2251 2531 2272 2560 6
2289 2536 2544 2622 negant,
2579 2544 2652 2587 se
2702 2547 2832 2610 pro

718 2619 737 2647 ‘
755 2609 1052 2676 Vitruvio
1080 2625 1441 2697 sectamque
1472 2610 1610 2673 eius
1637 2610 1871 2673 secutis
1899 2622 2224 2695 precatum
2254 2630 2519 2685 venisse,
2551 2609 2672 2673 sed
2703 2633 2832 2696 pro

717 2705 738 2734 ‘
760 2695 1072 2761 Fundano
1119 2696 1391 2783 popu103
1439 2717 1632 2781 quem
1678 2708 1857 2759 extra
1906 2694 2158 2781 culpam
2200 2694 2354 2759 belli
2398 2718 2552 2771 esse,
2597 2695 2830 2781 ipsum

717 2791 736 2819 ‘
757 2781 1122 2847 Vitruvium
1146 2782 1477 2857 iudicasse,
1498 2804 1698 2867 quum
1729 2780 2196 2867 receptaculum
2218 2781 2406 2867 fugae
2428 2781 2828 2847 Privernum

715 2866 1063 2943 ‘habuerit,
1112 2890 1241 2933 non
1301 2868 1570 2954 patriam
1629 2866 1903 2931 Fundos.
1996 2866 2286 2931 Priverni
2345 2867 2540 2952 igitur
2593 2867 2827 2933 hostes

713 2960 733 2988 6
750 2952 969 3035 populi
1026 2952 1301 3015 Romani
1362 2954 1762 3038 quaerendos
1817 2953 2416 3039 persequendosque
2475 2976 2630 3029 esse,
2701 2956 2824 3041 qui

712 3045 731 3072 ‘
749 3035 937 3099 simul
956 3058 993 3099 a
1009 3036 1334 3100 Fundanis
1352 3061 1425 3101 ac
1440 3039 1767 3115 Romanis,
1782 3039 2110 3124 utriusque
2128 3039 2369 3125 patriae
2383 3039 2818 3118 immemor-ea,
2839 3067 2869 3113 3

714 3132 733 3159 6
756 3120 1115 3187 defecerint.
1209 3122 1534 3187 Fundanis
1563 3147 1784 3210 pacem
1817 3148 1971 3200 esse,
1993 3138 2059 3189 et
2087 3126 2330 3189 animos
2362 3124 2716 3203 Romanos,
2748 3142 2820 3190 et

714 3218 735 3247 ‘
753 3221 994 3294 gratam
1026 3210 1392 3273 memoriam
1422 3224 1718 3297 acceptae
1749 3211 2034 3275 civitatis,
2129 3210 2329 3275 Orare
2359 3234 2426 3274 se
2457 3211 2814 3289 consulem,

712 3305 733 3333 ‘
753 3309 823 3359 ut
850 3296 1089 3360 bellum
1119 3296 1198 3360 ab
1221 3296 1483 3360 innoxio
1513 3296 1749 3383 populo
1779 3297 2120 3360 abstineat:
2170 3320 2371 3383 agi-08,
2401 3298 2647 3374 urbem,
2667 3321 2816 3363 cor-

712 3390 733 3420 ‘
754 3404 909 3468 pora
965 3383 1265 3469 ipsorum,
1318 3383 1809 3468 coniugumque,
1865 3405 1938 3447 ac
1997 3382 2338 3447 liberorum
2397 3406 2676 3461 suorum,
2742 3387 2814 3449 in

711 3477 732 3507 ‘
798 3480 1062 3533 otestate
1120 3467 1340 3556 populi
1396 3468 1674 3532 Romani
1733 3491 1886 3545 esse,
1938 3468 2317 3553 futuraque?
2408 3468 2812 3535 Collaudatis

767 3554 1054 3630 undaniS,
1087 3554 1325 3630 consul,
1358 3553 1681 3640 literisque
1725 3554 1998 3619 Romam
2038 3555 2260 3631 missis,
2292 3556 2362 3618 in
2392 3555 2600 3619 officio
2631 3554 2810 3619 Fun-

710 3640 909 3703 danos
938 3662 1092 3715 esse,
1114 3641 1195 3704 ad
1224 3640 1602 3704 Privernum
1631 3641 1813 3705 flexit
1841 3640 1978 3705 iter.
2079 3640 2266 3704 Prius
2295 3642 2809 3707 animadversum

708 3725 776 3786 in
822 3746 947 3799 eos,
995 3728 1106 3809 qui
1158 3727 1366 3811 capita
1395 3727 1844 3791 coniurationis
1885 3726 2156 3804 fucrant,
2202 3749 2241 3790 a
2281 3726 2542 3791 consule
2587 3728 2806 3792 scribit

712 3806 1055 3873 Claudius:
1104 3809 1186 3873 ad
1223 3826 1540 3878 trecentos
1569 3813 2034 3900 quinquaginta
2073 3836 2154 3877 ex
2185 3814 2528 3877 coniuratis
2557 3814 2856 3911 vinctos}

406 394 475 444 U.
498 394 557 444 C.

404 461 465 508 A.
500 460 559 509 C.

776 4050 803 4097 3
844 4038 1107 4098 Utrimque
1133 4038 1356 4097 patriae]
1413 4037 1487 4085 Ut
1511 4036 1594 4098 qui
1614 4052 1719 4085 mu·
1783 4035 1899 4084 inde
1951 4036 2171 4085 floruerit
2216 4036 2432 4099 Syllanis
2483 4040 2804 4101 temporibus.

708 4099 941 4161 nicipalia
960 4099 1067 4147 iura
1088 4099 1323 4149 haberent
1338 4106 1389 4148 et
1404 4107 1598 4148 tantum
1621 4115 1719 4149 non
1785 4101 1954 4149 Huius
1984 4116 2130 4162 saepe
2155 4101 2379 4149 meminit
2411 4104 2472 4149 A.
2497 4103 2714 4161 Gellius,
2745 4122 2802 4153 ac

708 4164 1493 4225 civeeRom.opn·moiu1-eessent.
1509 4178 1718 4226 supr.14.
1784 4165 2036 4225 speciatim
2059 4165 2124 4212 ix.
2155 4180 2228 4225 13.
2251 4165 2420 4212 laudat
2449 4165 2501 4212 in
2531 4182 2594 4214 eo
2617 4170 2802 4229 sinpli-

772 4244 802 4287 4
836 4228 1098 4285 Claudius]
1144 4228 1245 4275 Hic
1284 4228 1479 4276 videtur
1511 4244 1615 4277 esse
1651 4229 1717 4283 Q.
1783 4244 1883 4278 cem
1915 4236 1962 4277 ee
1990 4231 2282 4291 incomptam
2307 4230 2545 4277 oration-‘s
2563 4234 2803 4295 antiquae

706 4290 946 4339 Claudius
984 4290 1351 4353 Quadrigarius,
1386 4292 1608 4352 aequalis
1644 4291 1716 4341 Si·
1779 4295 2084 4341 suavitatem.
2153 4292 2302 4349 Eum,
2333 4306 2430 4339 non
2463 4307 2701 4354 expresso
2729 4302 2801 4344 ta-

706 4366 904 4413 sennae,
924 4358 1123 4401 auctore
1142 4354 1353 4415 Vellei0,
1368 4354 1418 4403 ii.
1436 4370 1483 4418 9.
1503 4356 1586 4417 qui
1607 4370 1715 4417 pm-
1779 4370 1895 4405 men
1937 4357 2153 4418 nomine,
2189 4354 2390 4405 indicari
2427 4356 2578 4405 simul
2622 4364 2676 4407 et
2719 4375 2800 4408 ex-
