3000 4784
672 122 799 183 462
1438 118 1667 185 ΤῙΤΙ
1727 116 2002 184 LIVII

347 260 417 311 U·
440 261 501 311 0·
523 272 635 324 4¹5.
676 260 697 291 ‘
716 265 996 339 potestas
1023 265 1383 318 nostrorum
1412 254 1843 340 hostiumque,
1867 252 2088 341 diique
2121 252 2369 329 Manes,
2391 275 2508 317 vos
2537 274 2780 339 precor,

344 327 408 374 A.
441 326 501 375 0·
524 338 636 388 337·
676 347 697 378 6
722 361 1003 416 veneror,
1026 340 1293 439 'veniam
1336 352 1489 426 peto
1531 339 1816 426 feroque,
1859 340 1952 403 uti
2003 338 2242 439 populo
2283 338 2588 403 Romano
2625 338 2784 413 Qni-

442 2317 542 2377 10.

672 433 693 464 6
714 424 930 489 ritium
982 448 1114 489 vim
1156 426 1616 512 victoriamque
1673 438 2096 511 prosperet183
2169 424 2784 574 hoeoesqugffff'owfi

674 519 696 549 ‘
719 509 997 575 Romani
1032 511 1387 586 Quiritium
1422 523 1682 587 terrore,
1712 510 2074 587 formidine,
2107 523 2438 609 morteque
2587 512 2782 575 cistis.

673 604 694 635 6
718 595 897 661 Sicut
922 597 1131 661 verbis
1158 597 1544 683 nuncupavi,
1574 598 1666 661 ita
1691 618 1808 681 pro
1837 596 2165 683 republica
2191 596 2570 673 Quintium,
2605 617 2822 663 exer-3

674 690 695 719 ‘
714 681 869 758 citu,
923 680 1299 767 legionibus,
1352 682 1608 746 auxiliis
1657 681 1880 768 populi
1935 682 2212 745 Romani
2261 682 2648 759 Quiritium,
2701 682 2787 745 le-

676 776 696 805 ‘
715 767 939 853 giones
980 767 1345 854 auxiliaque
1388 767 1668 831 hostium
1713 788 1967 832 mecum
2005 766 2129 831 diis
2163 767 2470 831 Manibus
2501 767 2788 833 Telluri-

676 860 695 891 ‘
716 875 843 938 que
874 852 1195 918 devoveo?
1282 852 1465 917 Haec
1493 854 1584 918 ita
1655 866 1920 930 recatus,
1951 852 2203 918 lictores
2239 854 2332 917 ire
2358 852 2446 917 ad
2475 853 2560 917 Τ.
2593 854 2786 919 Man-

670 938 830 1003 linm
872 939 1069 1015 iubet,
1116 952 1491 1025 matureque
1535 962 1614 1003 co
1659 961 1814 1026 egae
1859 962 1926 1003 se
1971 939 2276 1003 devotum
2317 962 2436 1026 pro
2487 942 2786 1005 exercitu

669 1026 983 1089 nuntiare.
1046 1023 1214 1112 Ipse,
1244 1024 1562 1089 incinctus
1589 1025 1808 1089 cinctu
1833 1023 2111 1102 Gabino,
2135 1039 2410 1091 armatus
2439 1026 2512 1089 in
2535 1048 2781 1113 equum
2797 1062 2822 1101 4

670 1110 932 1189 insiluit,
978 1134 1051 1176 ac
1094 1134 1159 1175 se
1207 1112 1278 1175 in
1324 1111 1569 1175 medios
1615 1110 1828 1176 hostes
1873 1109 2152 1176 immisit.
2248 1110 2664 1210 Conspectus
2705 1115 2783 1177 ab

669 1210 937 1285 utraque
978 1198 1111 1262 acie
1154 1198 1481 1283 aliquanto
1521 1196 1846 1283 augustior
1881 1196 2165 1262 humano
2192 1198 2350 1275 visu,
2388 1210 2560 1262 sicut
2599 1198 2782 1264 coelo

669 1285 895 1348 missus
938 1283 1259 1372 piaculum
1303 1282 1511 1347 omnis
1553 1282 1820 1347 deorum
1864 1282 2015 1359 irae,
2060 1283 2174 1369 qui
2219 1294 2466 1370 pestem
2513 1284 2600 1349 ab
2649 1286 2780 1349 suis

668 1391 949 1435 aversam
992 1371 1062 1433 in
1098 1369 1312 1434 hostes
1349 1368 1582 1432 ferret:
1630 1368 1722 1432 ita
1760 1367 1966 1433 omnis
2013 1381 2216 1433 terror
2259 1391 2588 1469 pavorque
2631 1394 2778 1435 cum

668 1454 781 1519 illo
809 1454 973 1519 latus
1002 1455 1182 1541 signa
1208 1454 1415 1542 primo
1444 1454 1824 1519 Latinorum
1853 1454 2168 1532 turbavit3
2200 1454 2435 1519 deinde
2471 1478 2544 1519 ιιι
2575 1468 2780 1521 totam

669 1541 925 1627 penitus
982 1542 1182 1606 aciem
1240 1540 1530 1628 pervasit.
1625 1538 2190 1605 Evidentissimum
2247 1541 2316 1605 id
2371 1541 2517 1618 fuit,
2574 1543 2776 1629 quod,

669 1648 1051 1723 quacunque
1076 1649 1243 1712 equo
1264 1628 1554 1691 invectus
1573 1638 1690 1703 est,
1715 1626 1824 1703 ibi,
1850 1626 2026 1691 haud
2053 1648 2234 1691 secus
2254 1650 2448 1714 quam
2521 1629 2776 1693 estifero

666 1709 873 1775 sidere
918 1712 1049 1787 icti,
1084 1712 1439 1797 pavebantt
1490 1713 1602 1777 ubi
1644 1734 1794 1777 vero
1837 1714 2076 1777 corruit
2113 1714 2381 1778 obrutus
2425 1727 2492 1778 te
2519 1714 2534 1727 '
2622 1715 2774 1779 inde
2789 1742 2818 1789 5

666 1794 793 1858 iam
822 1794 997 1859 haud
1026 1796 1219 1861 dubie
1250 1810 1688 1863 consternatae
1725 1798 2017 1863 cohortes
2047 1798 2424 1863 Iatinorum
2451 1800 2674 1886 fugam
2701 1822 2773 1864 ac

666 1880 1024 1946 vastitatem
1067 1879 1192 1947 late
1235 1882 1543 1949 fecerunt.
1640 1882 1845 1948 Simul
1887 1897 1956 1949 et
1983 1884 2292 1961 Romani,
2322 1885 2632 1950 exsolutis
2675 1909 2774 1951 re*

665 1966 905 2067 ligione
928 1968 1175 2046 animis,
1199 1968 1375 2033 velut
1403 1981 1542 2033 tum
1564 1970 1842 2055 primum
1865 1970 2048 2071 signo
2069 1970 2220 2035 dato
2241 1972 2462 2047 coorti,
2487 1994 2768 2058 pugnam

666 2064 978 2141 integram
1030 2053 1387 2119 ediderunt.
1481 2054 1653 2119 Nam
1705 2069 1772 2120 et
1822 2058 2042 2121 rorarii
2091 2058 2554 2143 procurrebant
2601 2058 2814 2125 inter6

668 2140 1079 2239 antepilanos,
1110 2140 1614 2239 addiderantque
1643 2140 1810 2205 vires
1837 2138 2098 2206 hastatis
2125 2164 2200 2206 ac
2227 2142 2660 2229 principibus:
2703 2160 2766 2207 et

664 2226 883 2301 triani,
906 2249 1077 2311 genu
1101 2226 1326 2290 dextro
1349 2225 1561 2302 innisi,
1585 2238 1815 2292 nutum
1839 2226 2112 2291 consulis
2141 2227 2226 2291 ad
2253 2229 2764 2316 consurgendum

666 2312 1135 2398 exspectabant.
1244 2311 1642 2377 Procedente
1686 2311 1922 2377 deinde
1965 2313 2333 2391 certamine,
2379 2336 2585 2401 quum
2631 2314 2764 2379 aliis

664 2396 951 2485 partibus
996 2396 1341 2462 multitudo
1390 2409 1713 2483 superaret
1755 2397 2153 2476 Latinorum,
2195 2398 2484 2464 Manlius
2523 2400 2760 2477 consul,

664 2484 886 2549 audito
928 2495 1165 2549 eventu
1202 2482 1504 2569 collegae,
1535 2505 1755 2569 quum,
1787 2494 1861 2548 ut
1901 2484 2002 2547 ius
2043 2484 2262 2571 fasque
2305 2496 2464 2561 erat,
2493 2485 2762 2551 lacrimis

664 2592 796 2634 non
826 2569 1037 2635 minus
1064 2592 1260 2657 quam
1288 2568 1581 2633 laudibus
1609 2568 1840 2633 debitis
1919 2584 2245 2635 rosecutus
2280 2584 2414 2635 tam
2451 2593 2760 2637 memora·

662 2656 858 2755 bilem
881 2668 1156 2756 mortem
1184 2667 1381 2731 esset3
1413 2652 1757 2804 ΡαιιΠιὲρςὲι·
1783 2654 1867 2720 ad
1912 2655 2199 2755 ubitavit,
2225 2679 2306 2720 an
2335 2657 2762 2757 consurgendi

663 2763 791 2804 iam
820 2754 1046 2805 tnarus
1076 2754 1327 2826 tempus
1354 2754 1557 2805 esset:
1651 2739 1860 2818 elude,
1893 2740 2118 2805 mellus
2145 2756 2317 2807 ratus
2345 2756 2629 2843 integros
2657 2766 2761 2807 eos

662 2824 746 2888 ad
789 2824 1085 2888 ultimum
1128 2824 1471 2891 discrimen
1513 2826 1764 2903 servari,
1796 2848 2090 2892 accensos
2133 2828 2212 2892 ab
2251 2829 2596 2893 novissima
2629 2830 2758 2894 acie
2779 2862 2804 2908 'a’

664 2919 811 2972 ante
858 2909 1039 2995 signa
1087 2910 1433 2995 procedere
1485 2912 1679 2976 iubet.
1775 2911 1908 2986 Qui
1955 2914 2066 2977 ubi
2117 2914 2386 2990 subiere,
2437 2914 2760 3002 extemplo

663 2993 901 3072 Latini,
932 3007 1236 3083 tanquam
1274 2994 1447 3059 idem
1476 2997 1818 3063 adversarii
1850 2997 2164 3075 fecissent,
2197 3000 2440 3063 triarios
2467 3022 2619 3065 suos
2651 3022 2762 3065 ex-

661 3081 1054 3147 citaverunt:
1111 3080 1223 3169 qui
1266 3080 1657 3169 aliquamdiu
1701 3106 1920 3170 pugna
1959 3084 2154 3149 atroci
2196 3107 2396 3170 quum
2445 3098 2518 3149 et
2559 3100 2760 3151 semet

666 3274 880 3335 Etrusci,
900 3274 1077 3339 quibus
1101 3274 1286 3325 tonitru
1308 3283 1360 3324 et
1380 3276 1576 3338 fulgura
1597 3290 1678 3323 cu·
1744 3276 1797 3324 N
1799 3275 1951 3325 iebhr.
1973 3275 2044 3325 iii.
2066 3292 2113 3327 n.
2139 3289 2248 3340 251.

664 3353 747 3388 ιω
768 3344 919 3389 erant.
955 3339 1162 3389 Niebhr.
1184 3338 1253 3388 iii.
1274 3354 1324 3388 n.
1349 3354 1458 3401 249.
1815 3338 1847 3388 6
1879 3341 2082 3389 Romi-ii
2113 3342 2496 3403 procumbant]
2559 3342 2760 3391 Hastati

737 3417 766 3465 3
798 3404 903 3453 Pro
938 3405 1190 3466 republica
1222 3402 1516 3462 Quiritium]
1575 3401 1680 3450 No-
1741 3401 1902 3451 forsan
1923 3403 2232 3465 aliquantum
2256 3404 2367 3453 loco
2385 3419 2477 3453 suo
2499 3416 2760 3466 cenenum,

660 3472 815 3515 strum
832 3482 1048 3541 propop.
1060 3468 1279 3516 Romano
1292 3467 1566 3525 Quiritibus
1578 3465 1681 3515 sine
1745 3472 1796 3514 et
1826 3465 1926 3515 iam
1953 3482 2056 3515 una
2083 3467 2315 3516 confertis
2345 3468 2600 3518 ordinibus
2631 3470 2758 3532 prin-

664 3528 815 3577 dubio
845 3530 1091 3592 sci-ipsine
1118 3534 1283 3579 censet
1305 3529 1512 3579 Niebhr.
1534 3528 1602 3577 iii.
1625 3544 1674 3579 n.
1739 3528 1872 3591 cipes
1897 3529 2173 3605 hastatique
2202 3530 2391 3579 bellum
2411 3530 2628 3592 ciebant,
2649 3548 2756 3582 nse
2830 3536 2840 3543 ‘

666 3602 778 3653 250,
832 3598 883 3640 et
936 3594 1265 3642 coniecturam
1322 3592 1558 3642 Brissonii
1613 3594 1676 3641 de
1739 3608 1838 3642 non
1881 3592 2048 3641 rorarii
2095 3592 2358 3643 missilibus
2403 3594 2520 3643 telis
2565 3596 2758 3646 hostem

665 3654 831 3703 Fortu.
856 3654 887 3702 i.
916 3670 964 3716 p.
990 3654 1067 3704 61.
1097 3673 1193 3718 pro
1224 3658 1475 3717 republica
1509 3656 1676 3715 Quiri-
1739 3656 1930 3705 eminus
1951 3658 2211 3706 vexabant.

663 3717 795 3766 tibus
825 3717 1024 3765 minime
1056 3719 1357 3780 probandam
1390 3734 1507 3769 esse.
1571 3722 1677 3769 Pro
1807 3730 1834 3782 7
1856 3721 2094 3771 Accensae
2112 3722 2373 3770 novissima
2393 3722 2526 3783 soie]
2561 3721 2758 3773 Idcirco

663 3781 915 3842 republica
950 3783 1127 3843 populi
1160 3784 1371 3831 Romani
1406 3783 1676 3840 Quiritium
1737 3782 1790 3831 in
1822 3782 2098 3844 annalibus,
2123 3789 2181 3832 ut
2213 3800 2344 3847 supr.
2377 3786 2424 3833 8.
2461 3786 2754 3849 descriptam

664 3859 726 3893 ex
760 3842 1099 3892 emendatione
1132 3844 1367 3893 Gronovii
1399 3845 1450 3893 in
1483 3851 1676 3894 textum
1739 3846 1978 3896 habemus
2019 3848 2252 3896 usitatam
2293 3847 2496 3911 legionis
2531 3848 2756 3910 ἕοιπιηιι,

662 3906 877 3970 reposuit
902 3906 1114 3957 Bekker.
1740 3925 1839 3971 quo
1867 3910 2020 3972 magis
2047 3910 2130 3959 hic
2158 3911 2431 3973 legentibus
2451 3918 2642 3973 pateat,
2661 3928 2758 3976 qua

726 3987 758 4032 4
792 3970 970 4021 Οἰηοω
992 3972 1207 4033 Gabino]
1260 3971 1341 4021 De
1362 3987 1460 4035 quo
1484 3973 1546 4023 cf.
1570 3980 1670 4024 not.
1735 3980 1841 4022 arte
1857 3972 2078 4023 Manlius
2095 3974 2298 4023 Latinos
2308 3974 2557 4034 fefellerit,
2569 3976 2754 4025 seilicet

660 4035 725 4083 ad
743 4050 785 4084 v.
803 4033 881 4096 46.
905 4050 1036 4098 supr.
1735 4052 1966 4086 accensos
1991 4038 2143 4086 armis
2173 4036 2378 4099 telisque
2408 4036 2660 4088 inusitatis
2685 4040 2754 4088 in-

726 4112 754 4159 5
790 4100 1013 4160 Gemit]
1056 4100 1268 4150 Cassum
1289 4100 1437 4149 fixisse
1456 4116 1489 4149 a
1512 4099 1669 4149 milite
1733 4101 1984 4161 struendo,
2004 4107 2056 4149 et
2085 4117 2118 4149 a
2148 4100 2408 4149 novissima
2433 4101 2546 4149 acie
2573 4102 2630 4151 in
2661 4103 2752 4165 pri-

661 4161 1157 4233 Romano‚·tanquam
1178 4164 1388 4213 hostiam
1408 4162 1504 4213 Dis
1517 4162 1670 4211 mani-
1735 4178 1870 4213 mam
1889 4164 2106 4213 subsidio
2125 4163 2420 4226 antepilanis
2439 4164 2716 4217 educendo.

662 4224 753 4271 bus
792 4230 1048 4285 sacratam,
1083 4226 1249 4275 scribit
1287 4227 1462 4276 Zonar.
1500 4226 1552 4274 ii.
1609 4226 1672 4275 cf.
