3000 4784
341 340 410 390 U.
434 340 493 391 C.

340 406 402 455 A.
432 406 493 455 C.

448 1014 553 1076 36.

443 2404 547 2469 37.

663 206 791 267 262
1429 200 1656 266 ΤῙΤΙ
1714 200 1990 267 LIVII

518 353 627 405 33¹·
667 338 769 402 ‘vi
798 358 927 424 exp
1098 348 1236 400 tum
1264 358 1420 413 esse,
1442 350 1517 401 ut
1545 336 1784 401 tribuni
1813 335 2088 401 militum
2109 333 2426 400 consulari
2539 344 2780 399 testate

517 420 628 467 ⁴²¹·
670 433 775 488 ‘et
818 445 903 488 ex
945 446 990 509 p
1012 424 1131 488 ebe
1178 435 1560 489 crearentur.
1651 421 1898 488 Petisse
1946 422 2113 487 viros
2153 421 2334 487 domi
2495 420 2778 507 tiaeque

672 518 692 550 ‘
708 522 1059 596 spectatos:
1106 507 1327 609 primis
1354 509 1540 573 annis
1577 509 1920 596 sugillatOS,
1952 507 2258 595 repulsos,
2288 507 2442 572 risui
2474 506 2782 571 Patribus
2801 526 2840 573 5

668 605 689 637 ‘
706 596 936 660 fuisse:
1007 596 1241 660 desisse
1292 608 1612 682 postremo
1669 596 1972 683 praebere
2027 594 2110 659 ad
2167 593 2626 659 contumeliam
2677 616 2774 657 os-

670 691 691 722 ‘
710 680 853 746 Nec
874 704 941 747 se
964 681 1201 759 videre,
1218 702 1336 745 eur
1362 703 1494 745 non
1523 682 1634 747 lex
1653 704 1912 781 quoque
1935 682 2292 768 abrogetur,
2315 702 2446 766 qua
2473 680 2546 743 id
2566 679 2780 755 liceat,

671 767 1734 940 gffidfflfflqffiemffi
1751 768 2228 942 ²21¹¹J¹>³e¹ss⁰ffiffign³³
2188 766 2450 917 ‘'liffssepss.
2473 766 2784 939 ’.ζῖἓὲ

672 951 693 984 ⁶
707 941 1223 1029 praetereantur?
1486 902 1508 933 ⁹
1537 878 1584 943 q

759 1028 974 1093 Huius
1000 1027 1252 1115 generis
1280 1024 1616 1106 orationes,
1648 1049 1796 1092 cum
1825 1048 2083 1092 assensu
2119 1025 2396 1103 auditae,
2425 1024 2780 1091 incitavere

668 1115 979 1202 quosdam
1023 1114 1105 1178 ad
1146 1111 1499 1201 petendum
1534 1114 1928 1178 tribunatum
1962 1112 2258 1191 militum,
2299 1112 2499 1177 alium
2537 1112 2666 1177 alia
2691 1110 2780 1175 de

670 1200 1020 1267 commodis
1074 1199 1279 1287 plebis
1336 1199 1612 1265 laturum
1669 1223 1736 1265 se
1794 1201 1862 1264 in
1915 1199 2283 1285 magistratu
2337 1198 2776 1285 profitentem.

673 1286 837 1374 Agri
880 1287 1117 1375 publici
1162 1286 1493 1353 dividendi
1539 1285 1929 1351 coloniarum
1977 1308 2060 1349 ue
2103 1284 2633 1351 deducendarum
2675 1306 2782 1349 os-

672 1387 952 1439 tentatae
992 1396 1023 1438 s
1102 1397 1169 1449 s3
1215 1386 1283 1438 et
1308 1372 1604 1459 vectigali
1632 1394 1972 1459 possessori
2017 1394 2091 1436 us
2281 1394 2422 1435 rum
2451 1371 2544 1435 im
2666 1371 2683 1384 ⁸
2753 1383 2842 1447 ‚6

674 1460 743 1524 in
782 1460 993 1547 stipen
1062 1482 1171 1523 um
1211 1459 1489 1525 militum
1532 1459 1840 1546 erogandi
1877 1458 2056 1523 aeris.
2213 1470 2500 1545 aptatum
2582 1456 2776 1522 einde
2805 1474 2840 1523 7

672 1559 959 1697 25,th
968 1544 2780 1717 ᾛὲζῖᾞὲπῗῗἱξᾙὲὲῗῗωρθὲξᾙὲῗέᾝὼωψ

958 1678 979 1709 2

672 1717 757 1782 ad
784 1717 959 1783 diem
996 1730 1236 1783 certam
1265 1732 1494 1796 essent,
1525 1717 2144 1783 senatusconsultum
2171 1716 2376 1795 fieret,
2405 1716 2782 1782 absentibus

673 1802 941 1869 tribunis
983 1803 1190 1890 plebi:
1238 1818 1331 1882 ut,
1373 1803 1678 1892 quoniam
1717 1803 1984 1869 Volscos
2015 1804 2088 1867 in
2123 1800 2552 1869 Hernicorum
2593 1824 2782 1890 agros

672 1887 1045 1978 praedatum
1084 1890 1288 1955 exisse
1317 1890 1488 1956 fama
1523 1902 1706 1968 esset,
1739 1890 1822 1955 ad
1859 1912 1997 1956 rem
2030 1889 2494 1978 inspiciendam
2531 1890 2782 1955 tribuni

673 1974 948 2040 militum
976 1976 1549 2065 proficiscerentur,
1569 1976 2051 2063 consulariaque
2079 1976 2338 2041 comitia
2365 1976 2778 2041 haberentur.

673 2061 954 2128 Profecti
983 2061 1109 2151 Ap.
1139 2062 1508 2142 Claudium,
1539 2063 1744 2127 filium
1777 2062 2142 2140 decemviri,
2217 2060 2564 2127 raefectum
2599 2062 2782 2127 urbis

670 2148 1063 2236 relinquunt,
1105 2150 1449 2250 impigrum
1490 2150 1808 2227 iuvenem,
1839 2163 1907 2215 et
1939 2149 2068 2213 iam
2097 2149 2166 2213 in
2211 2170 2248 2213 e
2283 2149 2366 2214 ab
2391 2148 2782 2213 incunabilis

671 2235 990 2301 imbutum
1028 2235 1178 2302 odio
1217 2237 1619 2301 tribunorum
1657 2234 2007 2323 plebisque.
2098 2234 2403 2300 Tribunis
2435 2234 2616 2323 plebi
2653 2257 2782 2301 nec

672 2343 819 2386 cum
850 2321 1212 2388 absentibus
1240 2321 1337 2400 iis,
1362 2321 1477 2409 qui
1505 2321 2122 2388 senatusconsultum
2141 2322 2443 2398 fecerant,
2473 2343 2597 2387 nec
2625 2343 2780 2387 cum

674 2406 739 2475 A
784 2408 913 2495 pio,
954 2420 1270 2474 transoeta
1296 2432 1384 2485 re,
1419 2408 1599 2495 quod
1625 2407 2106 2486 contenderent,
2135 2408 2274 2473 fuit.
2369 2406 2592 2473 Creati
2621 2430 2781 2473 con-

344 2490 635 2615 {³331ssss
670 2516 733 2644 {a
771 2516 841 2559 es
906 2508 1058 2561 sunt
1118 2493 1196 2561 C.
1234 2494 1648 2583 Sempronius
1714 2494 2070 2572 Atratinus,
2147 2492 2230 2570 Q,
2263 2493 2498 2560 Fabius
2565 2492 2780 2561 Vibu-

734 2603 872 2645 nus.

344 2620 405 2670 C.
429 2619 656 2681 Sempro-

344 2683 446 2743 nio,
469 2684 537 2740 Q.
560 2684 657 2733 Fa-
759 2667 1107 2755 Peregrina
1132 2690 1253 2746 res,
1272 2670 1387 2734 sed
1414 2668 1723 2733 memoria
1748 2667 1962 2754 digna,
1981 2668 2251 2733 traditur
2277 2688 2357 2732 eo
2385 2690 2556 2731 anno
2575 2666 2774 2733 facta:

343 2747 427 2796 b³⁰
448 2747 586 2798 0⁰⁸⁸·
672 2752 1087 2832 Vulturnum,
1122 2753 1537 2819 Etruscorum
1577 2755 1820 2831 urbem,
1857 2776 2022 2841 quae
2061 2776 2239 2819 nunc
2283 2751 2512 2840 Capua
2545 2766 2666 2833 est,
2697 2755 2778 2819 ab
2791 2769 2822 2819 8

343 2810 522 2874 Capua
542 2826 622 2861 oe-

345 2882 530 2938 cupata
547 2893 581 2926 a

674 2838 1065 2905 Samnitibus
1107 2852 1398 2926 captam3
1448 2839 1869 2927 Capuamque
1913 2840 1996 2905 ab
2038 2841 2203 2905 duce
2253 2862 2473 2905 eorum
2523 2840 2774 2928 Capye,
2791 2862 2823 2911 9

342 2939 575 3053 l{osup-[miti-
669 2924 773 2988 vel
816 2924 1023 3011 (quod
1062 2926 1321 3012 propius
1369 2948 1522 2991 vero
1563 2928 1690 3015 est)
1731 2951 1772 2993 a
1807 2927 2144 3014 campestri
2179 2948 2330 3014 agro
2367 2925 2774 3015 appellatam.

738 3130 766 3181 5
798 3118 1086 3181 δυρίΠαωε]
1125 3118 1265 3175 Quid
1296 3120 1359 3167 sit
1392 3120 1587 3193 proprie
1607 3138 1686 3170 su·
1752 3120 2104 3185 suppeditavit,
2117 3120 2350 3185 originem
2363 3119 2523 3171 duxit.
2577 3122 2776 3187 Capua,

666 3185 848 3246 villare
888 3182 1178 3247 intelligitur
1218 3198 1281 3232 ex
1328 3184 1459 3233 le.
1507 3185 1578 3235 H.
1617 3186 1686 3236 N.
1751 3188 1866 3235 urbs
1896 3186 2166 3247 antiquitus
2192 3184 2466 3248 Tyrrhena,
2489 3186 2624 3235 Osca
2655 3188 2776 3236 iam-

672 3248 809 3299 xxxi.
840 3263 887 3312 9.
918 3250 1046 3297 oculi
1074 3265 1137 3299 es·
1168 3250 1270 3297 iota
1300 3249 1482 3311 ruffini
1515 3266 1688 3300 eruore
1753 3249 1942 3312 pridem
1965 3250 2097 3297 facta
2121 3250 2295 3299 fuerat.
2361 3250 2474 3299 Iam
2497 3265 2612 3298 vero
2635 3252 2774 3301 Sam-

670 3313 1002 3375 sugyillatique,
1026 3318 1075 3361 et
1097 3328 1178 3361 xx.
1197 3310 1243 3361 6.
1265 3314 1502 3373 tuq-'llaec
1521 3320 1611 3361 aut
1631 3314 1687 3361 lo·-
1753 3312 1894 3373 nites‚
1921 3314 2006 3375 qui
2038 3328 2117 3362 an.
2144 3328 2252 3376 3¹4·
2278 3314 2347 3363 U.
2371 3314 2430 3364 G.
2476 3314 2539 3363 cf.
2565 3314 2772 3366 Diodor.

672 3378 854 3425 οεηιία.
904 3376 1337 3431 Quemadmodum
1355 3380 1522 3425 autem
1539 3378 1687 3439 mytt-
1752 3376 1837 3426 xii.
1863 3392 1938 3439 3¹·
1961 3377 2014 3425 in
2035 3377 2284 3427 civitatem
2317 3378 2512 3441 accepti
2539 3384 2677 3439 sunt,
2697 3396 2772 3429 ur-

672 3440 779 3490 Iare
800 3438 894 3487 hoc
914 3440 1043 3500 loeo,
1064 3440 1135 3489 ita
1154 3439 1264 3489 infr.
1286 3439 1409 3489 xliii.
1432 3456 1506 3501 ¹4·
1538 3442 1688 3505 mail·
1753 3442 1866 3489 bem
1880 3442 2126 3504 Capuam,
2139 3442 2326 3491 civibus
2345 3440 2562 3504 antiquis
2579 3449 2670 3491 aut
2690 3446 2772 3493 de-

672 3504 791 3552 latio
806 3504 870 3552 de
892 3502 1206 3553 contumelia.
1239 3504 1430 3554 Basca.
1753 3504 1893 3553 victis
1911 3513 2001 3554 aut
2031 3505 2314 3565 interfectis,
2335 3522 2454 3554 suae
2482 3506 2684 3556 ditionis
2705 3508 2770 3557 fe-

736 3565 768 3616 6
800 3568 1181 3627 Poenam-ibus]
1239 3566 1343 3624 Qui
1381 3582 1552 3629 agrum
1591 3583 1685 3630 pu-
1751 3573 1936 3617 cerunt.
1996 3569 2312 3618 Etruscorum
2334 3570 2386 3617 in
2407 3570 2690 3631 Campania
2709 3587 2772 3621 ne

672 3632 847 3741 w
873 3630 1099 3693 vectigali
1131 3631 1403 3681 subiectum
1432 3646 1525 3679 usu
1551 3636 1687 3680 tene-
1751 3631 2294 3746 mim'Nmumhrvestigiuigi
2337 3648 2590 3696 superesse
2623 3640 2769 3684 testa·

770 3698 806 3743 t.
1751 3701 1834 3743 tur
1908 3696 1988 3745 ieb
2048 3730 2061 3745 .
2083 3696 2116 3745 i.
2175 3732 2189 3747 .
2277 3732 2292 3745 .

747 3767 773 3817 7
811 3759 879 3805 In
918 3759 1213 3819 stipendium
1255 3760 1487 3817 militum]
1551 3758 1688 3807 Hine
1813 3774 1846 3824 9
1877 3761 1957 3808 Ab
1994 3760 2116 3810 duos
2139 3708 2320 3810 {ovim
2355 3762 2547 3823 Capye]
2599 3762 2766 3825 Heyn.

672 3820 827 3881 liquet
846 3822 1076 3880 fructum
1098 3825 1202 3872 sive
1222 3824 1429 3884 1700&an
1457 3824 1570 3884 cyri
1590 3838 1684 3885 pu-
1751 3824 1936 3885 Opuse.
1964 3824 2119 3871 Aead.
2145 3839 2189 3873 v.
2221 3840 2269 3887 p.
2302 3838 2410 3887 435.
2444 3840 2627 3874 nomen
2659 3828 2766 3875 urbi

670 3884 783 3932 ὁιᾶσὶ
799 3884 1070 3947 antiquitus
1083 3886 1135 3933 in
1152 3885 1450 3947 stipendium
1468 3885 1684 3935 militum
1747 3901 1781 3934 a
1811 3886 1987 3935 Tuscis
2021 3886 2234 3936 inditum
2268 3889 2416 3937 fiiisse
2447 3889 2634 3948 scribit,
2665 3890 2765 3939 viso

670 3952 921 4010 erogatum
952 3948 1135 4009 finisseg
1168 3950 1219 3997 id
1252 3950 1385 4011 quod
1417 3950 1600 3998 tribuni
1631 3949 1684 3999 in
1747 3950 1952 3999 moenis
2003 3952 2105 4001 sive
2159 3952 2366 4000 vulturis
2417 3954 2639 4016 augurio,
2681 3956 2764 4015 qui

670 4025 811 4061 usum
833 4026 1059 4061 revocare
1076 4013 1320 4063 volebant.
1344 4012 1682 4063 etNiebhr.ii.
1748 4012 1914 4063 Tusca
1933 4014 2102 4078 lingua
2122 4016 2194 4064 C'a
2261 4032 2286 4064 s
2307 4016 2500 4066 dicitur.
2543 4018 2606 4066 cf.
2629 4018 2762 4069 Serv.

668 4092 717 4126 n.
734 4072 841 4139 296.
856 4074 968 4139 966.
1026 4076 1169 4125 Idem
1190 4078 1349 4141 legem
1372 4078 1499 4125 hanc
1523 4078 1681 4140 perla-
1743 4078 1796 4127 in
1819 4079 1944 4128 Aen.
1967 4094 2016 4127 x.
2045 4091 2151 4142 145.
2221 4080 2344 4129 trab.
2363 4096 2408 4130 v,
2431 4094 2480 4143 p.
2501 4092 2612 4143 371.
2645 4082 2761 4131 Clu-

667 4146 771 4189 tam
790 4138 939 4188 fuisse
962 4146 1143 4198 censet,
1166 4140 1215 4190 ii.
1238 4157 1287 4203 p.
1311 4140 1421 4202 426.
1745 4157 1842 4191 ver.
1863 4142 1978 4191 Ital.
1994 4144 2113 4193 Ant.
2130 4142 2194 4193 iv.
2215 4158 2258 4193 1.
2315 4145 2455 4193 Adeo
2477 4150 2534 4193 ut
2558 4145 2760 4195 Vultus-

738 4204 771 4250 8
810 4204 889 4251 Ab
924 4206 1227 4253 Samnitibus
1258 4206 1478 4266 captam]
1541 4204 1680 4253 Hinc
1741 4220 1836 4255 nus
1849 4206 1956 4257 eius
1969 4206 2463 4270 interpretamentum
2478 4208 2758 4261 habendum

666 4266 881 4326 populus
916 4267 1004 4315 ille
1037 4266 1341 4327 Campanus,
1375 4267 1459 4329 qui
1498 4267 1681 4316 milites
1741 4268 1819 4319 sit.

664 4328 989 4377 mercenarios
1032 4328 1275 4391 Dionysio
1315 4335 1367 4379 et
1414 4330 1678 4393 Agathocli
