3000 4784
727 611 1880 744 PRAEFATIQ

1154 981 1166 986 -
1182 965 1293 1000 ..ο-
1306 979 1339 986 -.

215 1214 558 1303 HABES,
601 1215 957 1290 benevole
1005 1217 1300 1304 Lector,
1340 1241 1611 1292 novam
1660 1224 1737 1291 et
1788 1239 1951 1290 eam
1998 1215 2295 1314 quidem

213 1330 394 1404 novis
450 1329 786 1406 subsidiis
839 1331 1200 1406 munitam
1255 1331 1442 1406 Livii
1496 1331 1919 1406 editionem.
2026 1331 2295 1430 Neque

211 1447 384 1520 enim
453 1449 544 1522 ab
613 1471 694 1522 re
751 1447 910 1522 fore
975 1449 1312 1535 iudicavi,
1371 1471 1601 1545 quum
1658 1447 2069 1522 eruditione
2123 1447 2298 1520 Nie-

211 1561 454 1650 buhrii,
525 1563 1094 1652 Wachsmuthii,
1174 1565 1631 1662 aliorumque
1708 1561 2297 1638 doctissimorum

211 1675 509 1752 virorum
553 1682 840 1755 auctior
871 1679 1068 1756 facta
1113 1689 1306 1756 esset
1352 1680 1615 1755 notitia
1658 1678 2112 1778 antiquitatis
2148 1680 2299 1752 Ro·

209 1819 470 1886 manae,
541 1800 602 1872 si
670 1824 764 1874 ex
831 1800 1124 1874 illorum
1193 1799 1579 1888 thesauris,
1642 1823 2129 1898 quaecunque
2202 1800 2298 1874 ad

207 1911 388 1990 locos
465 1913 584 1989 vel
661 1917 1098 2015 depravatos
1167 1917 1596 2006 medendoS,
1657 1918 1775 1994 vel
1844 1915 2299 1992 obscuriores

207 2037 272 2102 et
316 2055 574 2130 parum
629 2031 1044 2108 intellectos
1103 2033 1581 2110 illustrandos
1634 2031 2053 2131 profectura
2102 2033 2301 2108 vide-

205 2155 464 2237 rentur,
521 2173 610 2222 ea
667 2149 1180 2247 depromerem
1247 2159 1474 2250 atque
1541 2152 1617 2226 in
1676 2149 2297 2236 annotationibus,

209 2273 550 2360 quantum
589 2263 744 2340 fieri
777 2276 1054 2364 posset,
1087 2267 1406 2350 breviter
1441 2266 1985 2342 concluderem.

295 2381 542 2464 Quum
577 2405 754 2454 vero
790 2407 968 2456 cura
1003 2383 1402 2481 Kreyssigii
1436 2382 1895 2458 emendatior
1927 2382 2077 2456 iam
2112 2379 2299 2456 Livii

207 2501 432 2571 textus
467 2497 546 2570 in
579 2494 822 2570 lucem
848 2497 1224 2595 prodierit,
1251 2523 1498 2596 neque
1522 2499 1717 2572 inter
1744 2506 2035 2572 nostros
2062 2497 2299 2572 codex

207 2609 378 2684 ullus
443 2611 792 2687 notabilis
857 2623 1168 2700 extaret,
1231 2637 1456 2711 quem
1526 2612 1907 2688 clarissimi
1966 2612 2301 2686 Draken-

210 2724 468 2802 borchii
497 2726 876 2826 diligentia
899 2729 1330 2804 iamdudum
1357 2752 1509 2804 non
1546 2728 1940 2814 evolverat,
1962 2725 2137 2800 satis
2172 2726 2301 2800 ha-

211 2842 316 2918 bui
351 2845 752 2944 Kreyssigii
787 2845 1184 2920 editionem
1221 2846 1452 2944 sequi,
1489 2853 1567 2920 et
1598 2843 1955 2920 lectiones
1980 2843 2300 2918 Bekkeri

207 2958 670 3058 aliorumque,
731 2961 1320 3060 quandocunque
1385 2962 1576 3036 ratio
1638 2983 1891 3036 earum
1960 2957 2299 3034 habenda

207 3075 579 3163 videretur,
615 3076 692 3148 in
727 3075 924 3150 notis
955 3075 1356 3152 identidem
1393 3099 1995 3152 commemorare.
2086 3077 2300 3150 Sum·

209 3211 316 3294 ma
351 3193 576 3290 igitur
607 3191 960 3290 religione
1003 3201 1080 3266 et
1124 3192 1511 3266 veritatem
1546 3191 1881 3266 lectionis
1919 3191 2300 3287 Kreyssig-

205 3302 418 3396 ianae,
453 3317 533 3384 et
565 3307 1166 3406 orthographiam
1201 3316 1498 3382 secutus
1540 3331 1729 3396 sum,
1769 3311 1853 3382 u't
1888 3305 2015 3404 qui
2050 3329 2295 3402 neque

207 3421 466 3502 levibus
493 3425 942 3524 incertisque
963 3424 1402 3500 coniecturis
1423 3425 1777 3500 lectorem
1799 3421 2032 3507 ludat,
2054 3443 2297 3517 neque

209 3543 764 3632 emendationes,
833 3541 972 3616 nisi
1031 3541 1484 3616 accuratiore
1544 3539 1823 3614 trutina
1876 3559 2295 3635 perpensas,

211 3660 576 3757 amplexus
611 3660 726 3734 sit.

299 3775 514 3858 Quod
585 3783 834 3850 autem
896 3799 936 3848 a
993 3782 1326 3847 veterum
1395 3772 1837 3869 scriptorum
1898 3768 2299 3844 editoribus

213 3885 348 3961 iure
371 3889 790 3988 requiritur,
817 3899 902 3964 ut
929 3889 1003 3962 in
1031 3887 1480 3987 praefatione
1509 3886 1799 3962 codices
1824 3894 1898 3959 et
1918 3884 2299 3971 editioneS,

214 4025 506 4098 quorum
543 4007 636 4081 sit
671 4007 992 4084 maxima
1025 4005 1446 4092 auctoritas,
1483 4005 1741 4079 saltem
1780 4013 2135 4099 tanquam
2168 4025 2301 4099 per

215 4115 482 4198 lancem
517 4133 844 4200 saturam
876 4123 1298 4211 exhibeant,
1333 4122 1408 4198 id
1451 4121 1633 4198 mihi
1674 4139 2299 4218 supervacaneum

220 4231 396 4310 duxi.
502 4239 718 4314 Unus
780 4241 974 4314 enim
1037 4237 1683 4314 Drakenborchius
1744 4235 2055 4312 eximiae
2122 4253 2299 4306 suae
