3000 4784
714 238 846 301 5:30
1488 229 1719 298 ΤΙΤΙ
1779 227 2050 297 LIVII

391 386 461 437 υ.
484 386 546 436 o.
568 398 680 448 440·
716 394 891 437 esse:
936 368 1502 455 intellecturosque
1531 368 1622 433 ita
1649 366 1718 431 id
1735 388 1894 445 esse,
1915 364 2108 432 simul
2135 364 2511 454 magistratu
2531 364 2843 433 abissent.
2958 405 2961 411 ·

388 452 453 501 A.
486 450 545 501 0·
569 464 683 513 δῖ’·
722 458 897 523 Tum
940 456 1265 521 enimvero
1308 453 1631 533 Maenius,
1661 454 1790 518 iam
1818 453 2021 518 fiimae
2063 452 2284 539 magis,
2317 474 2514 538 quam
2557 452 2848 540 imperii,
2958 520 2961 525 ,

720 564 983 620 memor,
1008 562 1373 629 progressus
1392 539 1463 604 in
1490 540 1868 605 concionem
1889 539 1980 603 ita
1997 540 2193 603 verba
2211 538 2398 603 fecit:
2449 548 2470 577 ‘
2489 538 2586 603 Et
2611 560 2850 603 omnm
2959 608 2961 611 Α

724 636 745 667 ‘
766 642 915 693 ante
960 640 1137 693 actae
1168 627 1333 691 vitae
1362 648 1475 691 vos
1519 626 1806 691 conscios
1847 624 2074 701 habe0,
2111 624 2419 701 Quirites,
2447 638 2518 689 et
2547 624 2660 690 hic
2701 626 2850 712 ipse

724 723 743 753 ‘
766 715 989 792 honos,
1008 713 1257 779 delatus
1285 711 1367 777 ad
1396 734 1523 789 me,
1543 712 1720 777 testis
1747 724 1845 777 est
1871 711 2276 777 innocentiae
2296 732 2498 777 meae.
2595 710 2850 798 Neque
2959 750 2961 753 <

724 808 745 839 ‘
764 801 961 877 enim,
992 798 1169 887 quod
1196 820 1385 885 saepe
1430 798 1604 875 alias,
1637 798 1790 897 quia
1815 798 1908 862 ita
1948 810 2239 884 tempora
2261 796 2682 885 postulabant
2717 798 2854 862 rei-

722 895 744 925 ‘
765 886 1077 974 publicae,
1110 884 1223 972 qui
1256 883 1427 950 bello
1454 884 1834 949 clarissimus
1861 895 2046 961 esset,
2077 883 2192 948 sed
2219 883 2334 970 qui
2371 884 2659 948 maxime
2689 906 2854 971 pro-

726 980 747 1011 ‘
763 972 869 1038 cul
914 973 994 1037 ab
1040 970 1142 1037 his
1185 970 1570 1037 coitionibus
1599 970 1793 1035 vitam
1837 969 2088 1056 egisset,
2127 970 2402 1035 dictator
2447 968 2854 1057 deligendus
2958 1040 2959 1043 ,

725 1067 747 1100 ⁶
768 1058 1144 1123 exercendis
1216 1057 1692 1145 quaestionibus
1749 1055 1888 1120 fuit.
1983 1054 2111 1121 Sed
2187 1055 2494 1143 quoniam
2565 1056 2854 1143 quidam
2958 1068 2960 1087 ἰ

726 1152 747 1185 ‘
768 1144 1015 1211 nobiles
1047 1144 1341 1209 homines
1368 1143 1530 1230 (qua
1566 1141 1649 1207 de
1677 1164 1885 1220 causa,
1915 1164 2028 1207 vos
2068 1141 2455 1220 existimare,
2487 1164 2694 1229 quam
2733 1164 2854 1207 me

728 1238 749 1271 ‘
768 1254 887 1319 pro
914 1230 1287 1318 magistratu
1315 1230 1660 1316 quicquam
1689 1228 2155 1315 incompertum
2178 1226 2410 1305 dioene,
2441 1228 2682 1293 melius
2711 1230 2856 1313 est)
2869 1253 2896 1303 3

726 1326 749 1357 ‘
814 1317 1047 1382 timum
1064 1318 1231 1404 ipsas
1251 1336 1620 1415 expugnare
1650 1315 2054 1401 quaestiones
2069 1313 2246 1379 omni
2273 1336 2397 1401 ope
2414 1314 2632 1379 annisi
2653 1327 2848 1379 sunt:

728 1412 749 1443 ‘
764 1340 938 1482 dein,
960 1416 1296 1492 postquam
1320 1401 1403 1469 ad
1430 1402 1499 1466 1d
1528 1422 1754 1487 parum
1781 1411 2080 1487 potentes
2107 1412 2307 1478 erant,
2329 1422 2415 1465 ne
2443 1422 2712 1465 eausam
2743 1401 2858 1465 di-

726 1498 750 1531 ‘
770 1502 1007 1567 cerent,
1048 1489 1117 1553 in
1158 1487 1474 1576 praesidia
1514 1485 2036 1565 adversariorum,
2078 1486 2576 1573 appellationem
2615 1498 2688 1553 et
2729 1487 2858 1552 tri-

728 1583 749 1616 ‘
768 1575 1101 1641 bunicium
1122 1574 1452 1651 auxilium,
1472 1572 1720 1659 patricii
1743 1572 2201 1658 confugerunt:
2247 1584 2574 1659 postremo
2595 1571 2856 1661 repulsi

723 1670 747 1702 ⁶
764 1660 917 1725 inde
946 1660 1139 1747 (adeo
1168 1660 1383 1725 omnia
1410 1660 1664 1736 tutiora,
1689 1680 1882 1745 quam
1909 1671 1986 1723 ut
2013 1658 2446 1723 innocentiam
2475 1681 2664 1724 suam
2685 1681 2857 1747 pur-

728 1755 749 1786 ‘
766 1758 1013 1833 gas-ent,
1034 1744 1199 1831 visa)
1218 1746 1288 1809 in
1310 1768 1427 1810 nos
1446 1746 1788 1823 irruerunt,
1807 1757 1874 1809 et
1899 1744 2158 1832 privatis
2174 1744 2552 1810 dictatorem
2565 1767 2856 1845 poscere

727 1839 748 1870 ‘
767 1852 946 1897 reum
994 1831 1415 1895 verecundiae
1466 1853 1602 1895 non
1651 1831 1807 1896 fuit:
1865 1842 1942 1895 ut
1991 1852 2214 1895 omnes
2261 1830 2358 1895 dii
2405 1830 2854 1919 hommoeque

727 1925 748 1956 ‘
766 1916 988 1995 sciant,
1012 1916 1093 1981 ab
1122 1914 1266 1993 illis,
1292 1916 1487 1981 etiam
1511 1938 1676 2003 quae
1701 1938 1830 1981 non
1845 1916 2110 2017 possint,
2129 1916 2382 1995 tentari,
2399 1937 2486 1982 ne
2515 1918 2854 1983 rationem

727 2010 749 2043 ‘
768 2002 935 2069 vitae
994 2001 1301 2079 reddant3
1370 2024 1474 2067 me
1535 2002 1786 2068 obviam
1839 2024 1935 2067 ire
1992 2002 2263 2081 crimini,
2321 2014 2390 2067 et
2445 2002 2680 2069 offerre
2735 2026 2852 2068 me

396 2109 611 2160 Abdieat
632 2124 685 2159 se
728 2088 1040 2155 ‘inimicis
1068 2111 1269 2167 reum,
1292 2088 1610 2155 dictatura
1636 2110 1740 2153 me
1763 2088 2006 2157 abdico·
2073 2086 2210 2153 Vos
2239 2110 2498 2175 quaeso,
2517 2090 2850 2167 consulas,
2950 2126 2961 2172 ³

397 2175 657 2227 dietatura.
730 2187 751 2216 ‘
771 2176 827 2242 si
846 2176 1026 2242 vobis
1053 2176 1275 2242 datum
1304 2177 1384 2241 ab
1400 2189 1626 2241 senatu
1655 2174 1984 2263 negotium
2013 2174 2222 2251 fuerit,
2245 2174 2316 2239 in
2331 2196 2438 2239 me
2465 2176 2758 2262 primum
2777 2189 2850 2243 et
2949 2219 2958 2248 .

730 2272 751 2303 ‘
766 2264 941 2329 hunc
1000 2262 1096 2328 M.
1132 2261 1413 2328 Foslium
1470 2260 1874 2349 quaestiones
1933 2261 2316 2337 exerceatis3
2373 2274 2449 2325 ut
2506 2275 2848 2349 appareat,
2950 2288 2962 2398 y

730 2358 751 2389 ‘
772 2349 1141 2415 innocentia
1194 2360 1410 2414 nostra
1462 2370 1601 2425 nos,
1649 2368 1781 2413 non
1837 2347 2164 2413 maiestate
2221 2346 2502 2425 honoris,
2563 2360 2744 2414 tutos
2805 2371 2850 2413 a

729 2444 751 2477 ⁶
770 2434 1317 2501 criminationibus
1350 2434 1486 2501 istis
1515 2434 1692 2499 esse.’
1778 2432 2063 2499 Abdicat
2105 2432 2256 2498 inde
2295 2455 2364 2499 se
2393 2434 2742 2513 dictatura,
2775 2448 2848 2500 et

726 2535 873 2610 post
900 2543 1050 2588 eum
1093 2520 1427 2587 confestim
1457 2520 1701 2585 Foslius
1735 2519 2095 2607 magisterio
2133 2519 2460 2606 equitumt
2505 2520 2847 2609 primique
2954 2554 2955 2558 ¹

398 2622 713 2739 ΕὲῖὛ
727 2607 900 2760 :3¹¹⁶
918 2607 1346 2758 ⁰⁰⁰⁸¹¹¹551<³³⁸
1374 2606 1907 2758 θέζὲῃὲξέῗω
1933 2604 2516 2761 Ἥὲιηᾬῖζξ)
2543 2606 2843 2759 '‘if''{ff’
2863 2636 2896 2679 ⁴

668 2724 683 2741 ο
1196 2718 1217 2757 ¹
2494 2738 2517 2756 0
2817 2730 2850 2744 -

726 2714 2097 2866 huzebsdlgmnffihdgrmultiplicatisegrugigmis
2133 2777 2500 2856 honoribus,
2543 2717 2720 2865 1)οεῖ
2739 2802 2850 2845 res

726 2879 824 2932 tot
850 2866 1027 2930 domi
1055 2866 1353 2951 belloque
1380 2879 1607 2952 gestas,
1631 2876 1915 2929 ceterum
1943 2862 2182 2928 invisus
2209 2862 2550 2942 nobilitati,
2573 2887 2846 2931 causam

722 2951 913 3027 dixit,
959 2950 1411 3036 absolutusque
1463 2964 1576 3016 est.
1669 2949 1738 3014 N
1739 2970 1814 3014 ec
1859 2949 2121 3027 diutius,
2167 2960 2243 3015 ut
2285 2948 2381 3027 fit,
2429 2972 2628 3036 quam
2675 2952 2846 3016 dum

726 3056 951 3101 recens
978 3048 1133 3113 erat,
1208 3036 1451 3101 uaestio
1478 3058 1595 3123 per
1623 3034 1791 3101 clara
1815 3034 2080 3100 nomina
2105 3058 2361 3101 reorum
2387 3035 2629 3123 viguit:
2679 3036 2842 3103 inde

724 3122 855 3189 labi
896 3121 1109 3209 coepit
1246 3120 1469 3187 viliora
1505 3123 1732 3209 capita,
1762 3120 1970 3187 donec
2013 3121 2394 3187 coitionibus
2421 3122 2846 3191 factionibus—
2953 3158 2955 3165 ·

728 3232 877 3298 que,
908 3209 1206 3276 adversus
1234 3230 1391 3296 quas
1420 3220 1783 3295 comparata
1797 3220 1951 3286 erat,
1983 3229 2282 3297 oppressa
2305 3221 2420 3273 est.
2953 3168 2955 3318 i

494 3319 599 3383 27,
816 3296 1058 3361 Earum
1084 3294 1253 3363 fama
1284 3316 1517 3372 rerum,
1549 3294 1749 3381 magis
1789 3306 2003 3359 tamen
2041 3316 2188 3381 spes
2218 3292 2589 3382 Campanae
2619 3295 2844 3363 defec-

726 3382 939 3461 tioniS,
992 3383 1061 3447 in
1112 3404 1307 3469 quam
1356 3381 1756 3446 coniuratum
1807 3393 1962 3458 erat,
2016 3378 2351 3457 Samnites,
2403 3381 2476 3445 in
2520 3382 2840 3469 Apuliam

724 3492 955 3546 versos,
978 3490 1194 3533 rursus
1221 3467 1304 3534 ad
1330 3465 1654 3531 Caudium
1683 3466 2032 3531 revocavit:
2065 3478 2140 3531 ut
2167 3465 2319 3531 inde
2341 3488 2424 3531 ex
2446 3468 2838 3569 propinquo,

725 3556 779 3619 si
808 3556 923 3642 qui
958 3567 1169 3619 motus
1204 3553 1596 3620 occasionem
1636 3553 1927 3639 aperiret,
1963 3551 2256 3640 Capuam
2287 3552 2598 3619 Romanis
2627 3576 2842 3641 enpe-
2951 3524 2953 3638 i

725 3653 888 3705 rent.
1000 3640 1099 3705 Eo
1150 3640 1441 3705 consules
1496 3660 1647 3704 cum
1695 3638 1907 3703 valido
1963 3638 2250 3703 exercitu
2298 3652 2629 3703 venerunt.
2745 3640 2838 3705 Et

723 3724 933 3812 primo
972 3725 1141 3789 circa
1182 3726 1395 3803 saltus,
1432 3747 1636 3812 quum
1678 3724 1999 3810 utrimque
2043 3723 2128 3788 ad
2170 3723 2418 3789 hostem
2461 3724 2686 3810 iniqua
2729 3726 2838 3791 via
2949 3736 2951 3782 1

725 3821 911 3891 esset,
940 3810 1222 3875 cunctati
1252 3823 1438 3876 sunt:
1482 3809 1718 3876 deinde
1753 3808 2070 3876 Samnites
2096 3832 2215 3897 per
2241 3822 2460 3897 aperta
2483 3810 2626 3875 loca
2651 3810 2836 3877 brevi
2949 3796 2951 3954 ἰ

792 4050 821 4099 3
853 4038 960 4087 Pro
978 4036 1296 4099 manistram]
1340 4034 1479 4085 Dum
1498 4051 1614 4098 gero
1635 4052 1742 4099 per·
1807 4037 2001 4100 liquet3
2031 4036 2220 4087 scilicet
2251 4040 2510 4098 postquam
2545 4036 2832 4099 magistratu
2947 4052 2949 4085 ε

723 4116 894 4149 sonam
916 4100 1241 4163 magistratus,
1258 4099 1396 4149 cuius
1414 4100 1650 4162 gravitate
1670 4100 1742 4148 in-
1807 4100 2017 4151 dictator
2065 4116 2118 4150 se
2165 4099 2494 4159 abdicaverat,
2535 4102 2674 4161 apud
2721 4117 2830 4150 con-

724 4166 927 4226 dignum
965 4170 1040 4213 est
1078 4163 1337 4226 quicquam
1383 4164 1742 4227 incompertum
1807 4166 1956 4225 sulen,
1977 4164 2016 4214 si
2050 4164 2169 4226 quid
2201 4168 2373 4212 contra
2403 4164 2536 4225 leges
2565 4166 2828 4214 commisis-

726 4226 901 4277 dicere.
936 4227 1099 4275 Cnv.
1807 4234 1899 4287 set,
1931 4243 2034 4277 rem
2067 4242 2210 4290 agere
2242 4234 2441 4277 coactus
2477 4232 2568 4276 est.
2614 4227 2678 4277 cf.
2701 4244 2828 4289 supr.

786 4306 819 4346 4
850 4290 946 4336 Rei
965 4290 1125 4349 sacti]
1164 4288 1300 4337 Hinc
1322 4289 1570 4348 quomodo
1591 4289 1740 4336 dicta-
1809 4289 1907 4340 viii.
1931 4304 2007 4353 33.

723 4354 833 4396 tura
885 4350 1072 4414 legibus
1113 4350 1325 4399 obnoxia
1368 4357 1510 4409 esset,
1545 4352 1741 4399 abunde
