3000 4784
706 221 832 284 150
1481 212 1706 280 ΤΙΤῙ
1757 210 2029 280 LIVII

375 357 444 408 U.
468 359 528 412 c.
552 361 662 425 289.
700 350 912 416 decim
950 349 1270 428 dicuntur,
1346 362 1554 414 raeter
1587 351 1772 414 orbos
1805 372 1880 414 or
2033 368 2134 412 ue.
2225 343 2308 410 In
2346 343 2596 432 Aequis
2635 339 2802 408 nihil
2815 359 2844 401 4

373 423 435 472 A.
470 425 529 475 c·
552 423 662 488 4⁶3·
700 437 937 501 deinde
966 437 1307 501 memorab‘
1337 459 1373 500 e
1404 449 1634 500 actum.
1726 433 1804 498 In
1835 435 1988 522 oppi
2106 455 2222 498 sua
2248 455 2318 496 re
2347 452 2669 518 recepere,
2699 429 2802 492 uri

700 545 815 587 sua
834 521 1249 622 popularique
1272 523 1455 609 passi.
1537 520 1800 598 Consul,
1825 543 2025 607 quum
2047 519 2382 605 aliquoties
2403 539 2520 604 per
2539 537 2800 582 omnem

700 607 977 672 hostium
1006 630 1227 694 agrum
1256 608 1486 673 infesto
1662 608 1766 671 ine
1797 605 2286 692 populabundus
2315 605 2486 680 isset,
2516 625 2668 668 cum
2701 602 2800 665 in-

498 700 560 758 4.
782 694 877 757 nti
911 693 1099 758 laude
1135 695 1497 781 praedaque
1516 629 1817 758 nfiffmam
1857 692 2063 756 rediit.
2160 689 2477 756 Consules
2519 688 2675 752 inde
2713 687 2796 750 A.

316 809 323 818 ·
376 780 445 829 U.
469 781 527 830 0·
552 795 661 844 290·
758 781 1065 844 ostumius
1096 781 1322 857 Albus,
1359 780 1466 866 Sp.
1500 779 1730 844 Furius
1771 778 1990 843 Fusus.
2082 777 2306 842 Furios
2339 775 2563 840 Fusios
2599 775 2797 859 scrip-
2815 788 2840 837 ⁵

371 844 436 956 ᾗ
461 842 661 956 goni?
700 888 837 966 sere
868 866 1163 952 quidam:
1212 866 1282 930 id
1310 867 1646 965 admoneo,
1676 888 1759 930 ne
1791 866 1935 951 quis
1975 864 2486 928 immutationem
2515 881 2800 1011 {llil-bmm

373 971 683 1087 ssa...
698 973 1429 1125 zszmfffflffiffl.
1442 973 1792 1102 sema
1823 963 2189 1101 {affi-
2231 947 2484 1100 Hs?
2527 967 2800 1120 ...31¹2ss

701 1123 929 1210 Itaque
993 1124 1208 1210 Aequi
1260 1127 1341 1190 ab
1402 1061 1735 1188 chetranis
1785 1121 2036 1188 Volscis
2085 1121 2474 1208 praesidium
2533 1119 2796 1206 petiere.

706 1210 857 1284 Quo
880 1210 1110 1296 cupide
1140 1211 1373 1288 oblato,
1404 1210 1598 1296 (adeo
1627 1209 1912 1274 civitates
1942 1208 2060 1273 hae
2102 1219 2415 1295 perpetuo
2443 1206 2514 1270 in
2558 1204 2802 1269 Roma-

699 1318 817 1359 nos
848 1296 997 1360 odio
1026 1297 1377 1380 certavere)
1406 1295 1646 1361 bellum
1674 1317 1922 1360 summa
1949 1295 2014 1357 vi
2045 1294 2397 1381 parabatur.
2493 1291 2804 1356 Sentiunt

702 1381 991 1460 Hernici,
1040 1396 1108 1447 et
1154 1383 1533 1470 praedicunt
1581 1382 1906 1458 Romanis,
1957 1379 2342 1444 Ecetranum
2394 1379 2478 1444 ad
2529 1377 2801 1464 Aequos

371 1475 580 1553 Antium
699 1467 986 1533 descisse.
1083 1468 1390 1555 Suspecta
1432 1482 1498 1533 et
1541 1469 1790 1533 colonia
1833 1466 2107 1532 Antium
2156 1466 2298 1543 fuit,
2343 1465 2520 1552 quod
2565 1469 2844 1550 magna6

372 1540 566 1590 ⁰⁰¹⁰¹¹¹⁸
696 1554 792 1618 vis
812 1555 1145 1618 hominum
1168 1555 1340 1631 inde,
1366 1577 1567 1640 quum
1593 1553 1900 1641 oppidum
1923 1565 2180 1639 captum
2205 1565 2386 1630 esset,
2411 1550 2801 1637 confugisset

372 1609 616 1667 mpectn.
698 1639 781 1704 ad
811 1639 1110 1739 Aequos:
1158 1640 1339 1726 isque
1380 1639 1562 1704 miles
1601 1663 1718 1727 per
1747 1639 1985 1704 bellum
2028 1639 2395 1724 Aequicum
2423 1637 2526 1702 vel
2565 1636 2792 1701 acerri-

698 1747 841 1788 mus
879 1725 1017 1789 fmt.
1114 1724 1477 1814 Compulsis
1518 1725 1753 1790 deinde
1789 1727 1856 1789 in
1887 1724 2125 1812 oppida
2163 1724 2430 1810 Aequi&
2462 1746 2541 1788 ea
2579 1721 2801 1788 multi-

698 1810 856 1874 tudo
886 1810 1017 1874 dila
1060 1833 1130 1874 sa
1158 1833 1359 1896 quum
1389 1812 1664 1876 Antium
1692 1812 1980 1889 redisset,
2009 1833 2125 1876 sua
2151 1825 2374 1897 sponte
2403 1811 2532 1875 iam
2563 1807 2800 1872 infidos

696 1895 955 1961 colonos
999 1833 1306 1961 §omanis
1344 1897 1739 1963 abalienavit.
1835 1896 2134 1962 Necdum
2175 1909 2421 1960 matura
2457 1919 2548 1973 re,
2591 1915 2798 1981 quum

697 1981 1121 2048 defectionem
1149 1984 1357 2069 parari
1386 1983 1670 2048 delatum
1699 1983 1783 2048 ad
1811 1999 2102 2048 senatum
2131 1995 2314 2059 esset,
2345 1982 2568 2046 datum
2597 2003 2799 2067 nego-

698 2067 859 2132 tium
882 2081 979 2132 est
998 2069 1381 2146 consulibus,
1401 2081 1493 2146 ut,
1519 2069 1910 2156 principibus
1931 2069 2215 2134 coloniae
2249 2069 2524 2134 Romam
2545 2067 2795 2144 excitis,

696 2167 1095 2240 quaererent,
1142 2154 1447 2241 quidnam
1495 2155 1589 2218 rei
1635 2169 1817 2220 esset.
1914 2155 2049 2229 Qui
2095 2178 2294 2242 quum
2338 2154 2513 2218 haud
2549 2153 2798 2241 gravati

693 2241 1033 2317 venissent,
1065 2239 1412 2306 introducti
1441 2264 1481 2306 a
1508 2241 1870 2308 consulibus
1898 2242 1982 2307 ad
2011 2254 2300 2306 senatum
2329 2241 2420 2305 ita
2445 2240 2798 2329 responde-

695 2339 846 2390 runt
873 2326 954 2390 ad
996 2327 1398 2414 interrogata,
1430 2339 1504 2390 ut
1541 2328 1742 2415 magis
1779 2328 2073 2414 suspecti,
2105 2351 2300 2415 quam
2334 2340 2663 2406 venerant,
2696 2328 2796 2392 di-

368 2423 549 2472 Furius
694 2411 1113 2477 mitterentur.
1178 2411 1431 2480 Bellum
1453 2413 1605 2478 inde
1627 2413 1802 2480 haud
1823 2413 2092 2478 dubium
2107 2415 2346 2480 haberi.
2405 2413 2512 2501 Sp.
2540 2413 2792 2491 Furius,

366 2489 480 2538 ⁰⁰⁸·
503 2489 636 2564 ”³2¹⁰
693 2499 1026 2565 consulum
1072 2497 1253 2578 alter,
1302 2499 1407 2564 cui
1464 2523 1544 2566 ea
1599 2499 1922 2588 provincia
1979 2513 2298 2578 evenerat,
2350 2500 2674 2587 profectus
2723 2501 2796 2565 in

364 2567 469 2601 '⁰¹¹²
490 2557 627 2616 gent.
694 2585 980 2686 Aequos,
1031 2584 1459 2652 Hernicorum
1507 2586 1574 2651 in
1621 2609 1774 2673 agro
1818 2584 2344 2672 populabundum
2391 2586 2642 2651 hostem
2693 2587 2796 2651 in-

690 2685 909 2748 ven1t3
970 2672 1352 2758 ignarusque
1410 2671 1856 2749 multitudinis,
1918 2672 2070 2759 quia
2126 2695 2439 2759 nusquam
2497 2673 2795 2739 universa

692 2770 1032 2845 conspecta
1057 2757 1281 2834 fuerat,
1313 2758 1622 2843 imparem
1652 2758 1850 2845 copiis
1878 2758 2231 2823 exercitum
2267 2771 2506 2826 temere
2533 2777 2790 2847 pugnae

692 2843 1023 2906 commisit.
1114 2841 1334 2906 Primo
1392 2866 1707 2908 concursu
1797 2844 1970 2908 ulsus
2015 2867 2082 2908 se
2142 2845 2211 2909 in
2257 2859 2460 2910 castra
2508 2847 2787 2934 recepit:

692 2947 905 3012 neque
937 2927 989 2989 is
1018 2927 1163 2990 finis
1201 2927 1467 3012 periculi
1507 2928 1646 2993 fuit.
1809 2953 2038 3017 amque
2075 2945 2142 2996 et
2180 2933 2472 3017 proxima
2503 2947 2699 2997 nocte
2725 2945 2793 2998 et

692 3025 945 3097 postero
968 3011 1072 3076 die
1093 3023 1271 3076 tanta
1290 3013 1356 3076 vi
1374 3027 1576 3078 castra
1592 3028 1742 3079 sunt
1759 3017 2166 3080 circumsessa
2185 3031 2378 3103 atque
2403 3041 2488 3106 op
2531 3033 2788 3104 agnata,

366 3119 635 3172 obsidetur
693 3109 768 3161 ut
794 3120 877 3162 ne
907 3097 1170 3162 nuntius
1200 3096 1463 3184 quidem
1490 3099 1642 3164 inde
1674 3102 1840 3166 mitti
1873 3101 2146 3168 Romam
2175 3117 2402 3189 posset.
2567 3106 2788 3184 etnici,

362 3184 416 3234 in
438 3185 619 3235 ‘²⁸⁸‘ss
691 3197 759 3250 et
816 3184 979 3252 male
1040 3198 1413 3272 pugnatum,
1463 3199 1530 3250 et
1576 3187 1901 3252 consulem
1951 3189 2430 3275 exercitumque
2490 3191 2788 3270 obsideri,

689 3271 1182 3336 nuntiaverunt:
1246 3285 1622 3358 tantumque
1660 3290 1962 3338 terrorem
1995 3275 2314 3340 incussere
2358 3275 2672 3354 Patribus,
2715 3293 2791 3342 ut

688 3356 882 3442 (quae
940 3356 1142 3422 forma
1198 3359 1726 3426 senatusconsulti
1788 3361 2049 3426 ultimae
2099 3383 2350 3448 semper
2398 3363 2790 3429 necessitatis

752 3579 783 3623 4
814 3564 1026 3612 Praeter
1045 3563 1181 3612 orbos
1200 3564 1457 3626 orbusque]
1494 3562 1704 3622 Quimt-
1771 3563 1962 3626 riosque
1997 3572 2250 3626 venerunt,
2287 3567 2360 3616 ita
2393 3569 2567 3627 Athos,
2606 3568 2790 3630 Labos,

755 3632 806 3674 te
825 3626 1069 3675 immunes
1094 3626 1286 3686 militia,
1306 3641 1527 3675 annuum
1548 3627 1703 3689 equit-
1772 3629 1942 3691 Vapos
1984 3630 2152 3688 etiam,
2186 3637 2239 3679 et
2281 3632 2484 3680 Clamos
2533 3648 2594 3682 ac
2633 3632 2790 3682 Lases

704 3691 797 3738 bus
828 3691 1143 3752 stipendium,
1174 3707 1240 3740 sc.
1267 3707 1352 3740 aas
1377 3691 1706 3753 horaeon-ium,
1768 3693 1945 3741 aetatis
1957 3695 2206 3743 fuerunt.”
2229 3695 2531 3757 Quinctius.
2571 3695 2658 3744 Ait
2671 3713 2788 3746 vero

686 3755 983 3816 pendebant.
1007 3769 1136 3816 supr.
1160 3754 1192 3804 i.
1216 3767 1295 3816 43.
1771 3755 1947 3818 Pomp.
1966 3758 2028 3805 de
2047 3758 2131 3806 Or.
2145 3757 2182 3806 J
2184 3774 2275 3818 ur.‚
2291 3760 2503 3820 primum
2523 3760 2619 3822 Ap.
2633 3761 2788 3810 clau-

752 3829 780 3880 5
814 3819 997 3878 Fran-1⁹00
1010 3820 1210 3877 Furios]
1248 3821 1281 3843 “
1301 3816 1363 3865 In
1397 3817 1568 3866 multis
1600 3833 1702 3867 ver-
1767 3819 1902 3867 dium
1941 3821 2290 3870 centimanum
2327 3825 2378 3871 R
2413 3823 2606 3872 literam
2649 3824 2788 3874 inve»

686 3881 777 3940 bis,
820 3881 871 3929 in
914 3881 1091 3943 quibus
1136 3881 1325 3943 antiqui
1377 3880 1606 3930 dicebant
1647 3885 1702 3940 S,
1765 3883 1892 3932 nisse
1913 3899 2026 3934 ann.
2043 3885 2111 3934 U.
2127 3886 2186 3934 C.
2202 3900 2311 3946 404.
2335 3887 2399 3935 de
2419 3901 2518 3948 quo
2541 3887 2788 3948 Muretus,

686 3951 857 4006 postea
876 3945 1048 3994 dicunt
1066 3947 1133 4005 R,
1154 3951 1210 3992 ut
1240 3945 1289 3992 in
1312 3945 1526 3994 carmine
1548 3946 1700 3995 Salio-
1764 3947 1796 3974 “
1816 3947 1935 3995 Non
1956 3948 2054 4008 hic,
2075 3949 2292 4010 quisquis
2311 3955 2404 4009 est,
2423 3953 2474 3999 R
2495 3950 2690 3999 literam
2711 3953 2788 4001 in-

684 4023 793 4056 rum
825 4015 938 4056 sunt
972 4008 1110 4068 haec,
1143 4009 1333 4067 Dolosi‚
1362 4009 1461 4057 Eso
1483 4043 1497 4057 .
1522 4045 1535 4058 .
1561 4045 1573 4058 .
1599 4009 1698 4058 Ve-
1767 4011 1914 4070 venit,
1947 4013 2032 4061 sed
2071 4011 2176 4060 fieri
2213 4019 2393 4074 potest,
2423 4019 2480 4061 ut
2511 4029 2656 4063 usum
2693 4017 2784 4066 ali-

682 4074 985 4184 iffiieffid
1004 4074 1227 4184 33:¹13}
1258 4073 1698 4193 ffifflfssfiffl
1761 4075 2040 4187 2332&
2067 4077 2239 4126 mm
2269 4077 2510 4126 “wem
2529 4080 2616 4140 ‘¹¹¹³
2647 4080 2788 4142 ”¹¹³³

960 4171 976 4194 ‚
1989 4175 2002 4188 .

682 4214 785 4247 sem
820 4201 1130 4248 Meliorem.”
1196 4201 1277 4247 Ita
1314 4199 1451 4248 locus
1482 4214 1516 4248 a
1547 4200 1697 4248 Scali-
1821 4201 1858 4250 6
1889 4205 2088 4264 Alma
2124 4206 2201 4253 vis
2234 4205 2508 4265 hominum]
2573 4206 2784 4257 Volsco-

681 4275 797 4322 gero
820 4263 1109 4310 emendatus
1130 4275 1210 4322 ap.
1236 4262 1377 4310 Vm.
1398 4264 1462 4310 de
1486 4262 1544 4336 13.
1569 4262 1626 4311 1..
1654 4275 1697 4324 7.
1761 4278 1869 4314 rum
1907 4265 2110 4326 scilicet,
2141 4269 2228 4329 qui
2259 4269 2453 4330 expulsi
2487 4284 2552 4320 ex
2586 4272 2783 4322 colonia

682 4325 716 4348 ‘⁶
734 4323 808 4373 Ut
831 4325 1019 4373 valesii
1040 4333 1091 4374 et
1114 4324 1247 4374 hasii
1277 4323 1328 4374 in
1353 4325 1580 4376 Valerios
1601 4326 1697 4378 Fu·
1759 4343 1850 4378 sua
1871 4329 2080 4379 reditum
2103 4331 2443 4383 moliebantur.
2481 4394 2488 4402 Ι
