3000 4784
834 225 1029 293 LIB.
1079 226 1200 293 IX.
1267 226 1489 295 cAP.
1539 232 1642 294 22.
2171 232 2300 296 525

26 430 64 467 1
224 382 321 425 „m
375 358 461 427 ad
505 361 1133 429 circumveniendum
1187 364 1379 453 cepit,
1423 378 1491 431 et
1535 364 1784 431 diversa
1828 364 2051 431 statuit
2099 365 2296 453 signa.
2321 383 2390 433 U.
2411 382 2472 433 ο.
2496 386 2608 445 ⁴38·

64 430 499 514 “Infestior
540 462 755 515 tamen
784 450 853 514 in
888 464 1293 537 erumpentes
1320 450 1610 519 incessit:
1657 474 1778 517 nec
1823 472 2056 539 magno
2099 449 2380 519 certa-A·
2413 448 2473 498 0·
2500 462 2610 509 3¹⁴·

140 534 371 599 mine
416 535 585 599 intra
612 537 869 602 moenia
908 536 1234 624 compulit.
1325 538 1499 603 Tum
1530 551 1730 603 totam
1771 538 1975 603 aciem
2005 539 2074 603 in
2119 536 2302 603 Sam·-
2615 566 2620 573 ·

140 622 365 685 nites
422 621 711 687 obvertit.
802 622 905 687 Ibi
954 622 1099 710 plus
1147 624 1510 689 certaminis
1560 624 1700 689 fuit.
1792 623 2082 690 Victoria
2135 625 2302 691 sicut

148 730 356 784 sera,
388 708 483 772 ita
496 730 618 773 nec
647 708 861 787 dubia,
884 732 1005 775 nec
1026 710 1199 775 varia
1217 710 1355 775 fuit.
1448 710 1599 776 Fusi
1630 712 1698 775 in
1727 727 1932 776 castra
1963 710 2299 789 Samnites,

154 794 531 859 exstinctis
578 808 767 860 nocte
827 796 1099 884 ignibus,
1153 797 1347 861 tacito
1404 798 1657 897 agmine
1709 797 1986 862 abeunt:
2049 810 2135 875 et,
2187 820 2300 885 spe

154 880 447 945 abiecta
481 879 793 946 Saticulae
817 883 1113 960 tuendae,
1136 881 1423 948 Plistiam
1447 884 1587 971 ipsi,
1613 884 1814 949 socios
1838 883 2298 962 Romanorum,

156 978 267 1031 ut
384 989 517 1031 rem
549 966 833 1032 dolorem
862 968 1029 1033 hosti
1060 968 1422 1047 redderent,
1450 968 1928 1035 circumsidunt.

403 1075 489 1118 no
518 1054 919 1132 circumacto,
942 1054 1182 1120 bellum
1214 1054 1518 1142 deinceps
1545 1055 1626 1121 ab
1655 1056 1960 1121 dictatore
1997 1056 2079 1131 Q.
2103 1056 2300 1122 Fabio
2415 1064 2519 1125 22.

86 1171 137 1205 α
164 1152 453 1227 gestum
481 1154 591 1205 est.
689 1139 1004 1206 Consules
1032 1142 1201 1218 novi,
1232 1142 1399 1206 sicut
1431 1164 1508 1206 su
1591 1142 1802 1218 riores,
1837 1140 2082 1207 Romae
2119 1164 2296 1208 man-
2318 1149 2386 1199 U·
2409 1150 2468 1199 0.
2491 1162 2603 1215 439·

170 1239 455 1291 serunt:
504 1226 755 1304 Fabius,
787 1227 869 1292 ad
898 1226 1343 1315 accipiendum
1372 1228 1451 1293 ab
1498 1164 1780 1293 ffimilio
1811 1229 2182 1305 exercitum,
2213 1228 2298 1293 ad
2314 1217 2376 1325 ᾗ·
2391 1214 2470 1326 19·
2494 1226 2605 1325 3:53·

180 1311 551 1377 Saticulam
580 1335 727 1378 cum
758 1313 1201 1401 supplemento
1221 1315 1413 1379 venit.
1507 1312 1575 1378 N
1577 1336 1614 1379 e
1661 1336 1743 1379 ue
1773 1314 1948 1379 enim
1981 1313 2298 1379 Samnites
2315 1292 2625 1397 1573?in-

176 1399 283 1463 ad
326 1398 617 1463 Plistiam
662 1412 1057 1465 manserant:
1106 1400 1239 1479 sed,
1270 1400 1487 1465 accitis
1518 1402 1597 1466 ab
1671 1423 1820 1465 omo
1862 1400 2042 1467 novis
2080 1399 2300 1465 militi-
2313 1404 2420 1453 lilio
2443 1404 2541 1456 1v.

176 1486 338 1562 bus,
372 1484 781 1551 multitudine
808 1485 973 1565 freti,
1004 1500 1207 1551 castra
1232 1486 1480 1564 eodem,
1513 1510 1643 1574 quo
1665 1498 1870 1564 antea,
1900 1486 2042 1552 loco
2068 1509 2300 1587 posue·-
2313 1469 2450 1520 ⁰⁰⁸⁸·

176 1584 387 1635 runt:
432 1570 934 1673 lacessentesque
956 1573 1197 1660 proelio
1218 1572 1544 1639 Romanos
1563 1586 1844 1639 avertere
1867 1574 1948 1639 ab
1969 1573 2298 1639 obsidione

178 1659 610 1723 conabantur.
702 1658 803 1723 Eo
832 1659 1139 1724 intentius
1167 1659 1439 1725 dictator
1465 1660 1536 1725 in
1569 1661 1825 1725 moenia
1850 1660 2128 1725 hostium
2156 1682 2299 1726 ver·
2315 1668 2382 1745 Q«
2403 1670 2586 1719 Fabius

114 1766 159 1814 3
184 1767 328 1822 sus,
376 1744 445 1809 id
486 1744 725 1809 bellum
764 1758 1011 1810 tantum
1063 1746 1317 1825 ducere,
1362 1746 1540 1833 quod
1583 1748 1806 1811 urbem
1849 1746 2294 1835 oppugnabat:
2313 1734 2536 1786 metator.

182 1830 479 1896 securior
498 1832 579 1895 ab
605 1830 995 1897 Samnitibus
1014 1854 1228 1919 agere,
1246 1832 1622 1900 stationibus
1649 1833 1841 1899 modo
1870 1833 2191 1922 oppositis,
2213 1856 2297 1899 ne

186 1940 331 2004 qua
365 1916 434 1980 in
474 1929 677 1982 castra
708 1918 803 1983 vis
836 1917 1036 1983 fieret.
1130 1918 1229 1984 Eo
1256 1919 1530 1985 ferocius
1570 1921 1940 2009 adequitare
1985 1920 2302 1987 Samnites
2318 1931 2568 1982 Proelium

184 2002 388 2080 vall0,
429 2026 639 2090 neque
688 2005 891 2069 otium
940 2005 1093 2105 pati.
1188 2005 1277 2071 Et
1319 2028 1520 2093 quum
1563 2007 1690 2071 iam
1740 2029 1940 2093 prope
1982 2006 2052 2070 in
2103 2008 2302 2094 portis
2315 2003 2538 2059 equestre
2569 2087 2589 2095 -

188 2102 547 2154 castrorum
593 2102 757 2155 esset
810 2091 1026 2169 hostis,
1072 2090 1233 2155 nihil
1288 2092 1577 2157 consulto
1631 2092 1956 2170 dictatore,
2004 2093 2304 2179 magister
2314 2062 2568 2175 ,ffiffim

188 2175 492 2262 equitum
530 2174 611 2251 Q.
640 2175 874 2241 Aulius
908 2176 1312 2253 Cerretanus,
1346 2198 1577 2261 magno
1610 2176 1888 2240 tumultu
1916 2198 2066 2241 cum
2095 2178 2304 2241 omni-

188 2264 322 2326 bus
366 2262 591 2327 turmis
633 2262 923 2349 equitum
966 2273 1242 2339 evectuS,
1279 2261 1620 2325 summovit
1655 2260 1922 2326 hostem.
2013 2261 2190 2327 Tum
2233 2262 2302 2327 in

134 2376 175 2420 4
194 2348 469 2413 minime
508 2348 818 2435 pertinaci
846 2370 1079 2436 genere
1119 2370 1373 2436 pugnae
1402 2347 1493 2412 sic
1521 2346 1778 2413 fortuna
1809 2348 2098 2414 exercuit
2125 2371 2298 2435 opes,

192 2446 277 2498 ut
304 2434 585 2521 insignes
613 2434 935 2521 utrimque
965 2434 1175 2500 clades
1203 2448 1269 2499 et
1302 2433 1472 2499 clara
1498 2433 1779 2522 ipsorum
1809 2434 2047 2499 ducum
2081 2434 2303 2501 ederet

192 2520 445 2586 funera.
535 2520 721 2586 Prior
772 2520 1151 2586 Samnitium
1204 2520 1566 2608 imperator,
1611 2542 1686 2585 ae
1850 2520 2116 2621 patiens,
2169 2544 2300 2607 quo

194 2620 333 2672 tam
366 2607 661 2672 ferociter
698 2607 1141 2694 adequitasset,
1174 2607 1325 2673 inde
1364 2630 1431 2673 se
1460 2606 1648 2671 fundi
1824 2629 2028 2695 nque,
2059 2606 2300 2673 orando

196 2692 645 2780 hortandoque
674 2694 923 2781 equites
949 2694 1261 2781 proelium
1302 2693 1658 2781 integravit.
1861 2716 2074 2781 quem,
2105 2693 2301 2781 insig-

196 2802 357 2845 nem
386 2779 555 2845 inter
580 2802 729 2845 suos
766 2780 1040 2845 cientem
1070 2802 1371 2868 pugnam,
1402 2780 1702 2867 magister
1738 2780 2028 2867 equitum
2060 2780 2300 2846 Roma-

198 2888 329 2931 nus
356 2865 585 2931 infesta
625 2866 887 2953 cuspide
920 2866 1011 2931 ita
1036 2867 1325 2954 permisit
1352 2889 1614 2954 equum,
1645 2880 1720 2931 ut
1747 2890 1878 2933 uno
1907 2866 2040 2932 ictu
2079 2868 2302 2933 exani-

198 2974 377 3016 mem
420 2974 591 3039 equo
630 2952 1105 3040 praecipitaret:
1152 2974 1291 3033 nec,
1324 2966 1399 3018 ut
1423 2953 1519 3031 fit,
1550 2954 1632 3019 ad
1675 2953 1856 3019 ducis
1895 2976 2110 3019 casum
2151 2974 2300 3043 per-

200 3038 383 3103 culsa
398 3039 618 3126 magis,
642 3062 835 3126 quam
863 3038 1123 3117 irritata,
1149 3052 1245 3104 est
1263 3039 1624 3105 multitudo.
1720 3040 1985 3119 Omnes,
2005 3039 2116 3128 qui
2134 3040 2302 3107 circa

200 3136 407 3201 erant,
426 3124 497 3189 in
528 3124 814 3204 Aulium,
838 3136 1077 3191 temere
1100 3126 1421 3191 invectum
1452 3150 1570 3213 per
1589 3126 1868 3193 hostium
1899 3140 2153 3204 turmas,
2175 3128 2304 3192 tela

152 3232 183 3281 5
201 3210 650 3276 coniecerunt:
699 3212 872 3277 fratri
914 3213 1325 3300 praecipuum
1363 3213 1560 3277 decus
1599 3210 1718 3275 ulti
1767 3212 2146 3277 Samnitium
2182 3214 2306 3275 im-·

200 3297 511 3385 peratoris
538 3296 876 3363 dederunt.
963 3297 1028 3363 Is
1056 3298 1357 3363 victorem
1388 3297 1741 3362 detractum
1784 3320 1865 3361 ex
1895 3320 1932 3360 e
1981 3320 2063 3361 uo
2103 3299 2304 3385 magi-

200 3396 407 3449 strum
438 3383 748 3471 equitum,
778 3384 1005 3472 plenus
1036 3384 1335 3449 maeroris
1364 3397 1556 3471 atque
1588 3382 1738 3461 irae,
1764 3320 2134 3448 trucidavit:
2183 3406 2305 3450 nec

200 3468 479 3535 multum
518 3470 697 3549 afuit,
729 3472 889 3558 quin
916 3493 1178 3559 corpore
1214 3470 1427 3548 etiam,
1456 3469 1611 3557 quia
1638 3469 1807 3534 inter
1835 3468 2097 3535 hostiles
2136 3471 2304 3535 ceci-

274 3737 297 3772 1
322 3724 535 3773 Diversa
553 3725 727 3773 ualuit
745 3724 915 3785 siqua]
952 3723 1221 3771 obversam
1283 3722 1456 3771 urbem
1476 3726 1811 3783 oppugnaret:
1847 3719 2140 3770 Samnitium
2167 3738 2304 3773 exer-

202 3787 453 3848 utrimque
471 3788 523 3835 in
546 3787 711 3837 hostes
728 3786 901 3835 aciem.
935 3787 1097 3835 Cam.
1286 3784 1437 3833 citum
1462 3786 1822 3835 contemnebat.
1889 3784 2109 3845 sic,infr.
2134 3787 2303 3837 xxviii.

270 3866 299 3900 ἰ
336 3852 567 3901 Consules
586 3852 727 3911 novi]
768 3850 826 3900 L.
851 3850 1079 3912 Papirius
1100 3850 1220 3899 Cur·
1290 3864 1365 3911 32.
1390 3849 1556 3913 Scipio
1589 3848 1772 3897 milites
1801 3849 2066 3899 adhortans
2097 3850 2184 3911 ait,
2215 3853 2303 3900 im-

202 3930 285 3963 sor
306 3928 377 3963 iv,
402 3914 467 3971 Q.
492 3914 740 3963 Publilius
768 3912 917 3963 Philo
939 3928 1008 3961 w.
1039 3928 1221 3962 memo-
1284 3930 1536 3964 memorem
1572 3930 1674 3963 esee
1708 3929 1876 3963 rerum
1907 3930 2112 3963 suarum
2144 3922 2304 3975 qesta-

204 3978 299 4027 rati
332 3977 495 4027 Fastis
524 3976 837 4041 Capitolinis,
872 3976 1092 4026 Diodoro
1120 3976 1221 4027 xix.
1285 3994 1415 4037 mm,
1436 3980 1523 4040 qui
1542 3979 1597 4026 id
1616 3979 1790 4027 bellun
1810 3979 1973 4027 ducat.
2011 3979 2173 4025 canv-

204 4048 257 4091 et
293 4042 419 4091 aliis.
486 4042 683 4091 Horum
721 4040 923 4090 nomina
958 4056 1047 4104 per
1081 4041 1221 4089 libra-
1351 4058 1384 4102 4
1414 4044 1658 4091 Exere-uit
1690 4042 1827 4103 opes]
1878 4039 1960 4089 Sic
1997 4041 2214 4089 samnii
2253 4046 2304 4089 et

204 4106 386 4155 riorum
410 4105 653 4154 incuriam
676 4104 843 4155 deesse
866 4106 1105 4163 videntur,
1126 4120 1222 4153 non
1289 4105 1568 4167 perdomuit
1597 4122 1726 4168 opes,
1747 4105 1797 4153 h.
1827 4118 1870 4152 e.
1911 4102 2078 4165 copias
2113 4102 2300 4151 bellan-

205 4169 359 4232 ipnus
380 4169 529 4229 Livii,
549 4170 632 4231 qui
664 4168 719 4217 in
748 4168 1028 4218 nominibus
1052 4184 1223 4218 consu-
1286 4170 1425 4218 tium.
1462 4170 1629 4218 Dona.

205 4234 311 4281 lum
332 4232 595 4283 reddendis
616 4233 823 4296 diligens
843 4238 931 4283 est.
964 4234 1125 4283 Ganv.
1354 4244 1381 4293 5
1414 4234 1613 4292 Fratri]
1664 4230 1992 4292 Praecipuum
2031 4230 2180 4277 decus
2211 4229 2304 4279 ulti

272 4312 301 4360 3
341 4299 405 4346 Id
446 4298 621 4348 bellum
664 4304 859 4347 tantum
900 4299 1101 4358 dume]
1162 4296 1223 4345 Id
1290 4294 1584 4345 Samnitium
1605 4293 1908 4357 imperatoris
1934 4308 2086 4356 penes
2105 4294 2306 4344 statrem

208 4363 551 4409 tantummodo
578 4376 666 4422 pro
688 4362 821 4411 bello
844 4362 1073 4420 habebat,
1093 4361 1224 4422 quod
1290 4360 1395 4407 eius
1415 4373 1520 4407 esse
1543 4359 1813 4407 voluerunt.
1847 4358 2008 4407 Cur.
