3000 4784
395 362 466 413 11.
487 362 550 413 C.
571 374 682 425 405.

393 428 455 477 A.
489 429 550 477 G.
573 439 683 490 347.

716 218 846 279 424
1486 210 1713 276 ΤΙΤΙ
1769 208 2042 276 LIVII

719 360 938 413 vectus
971 345 1056 411 ad
1092 346 1300 433 prima
1331 346 1531 433 signa,
1580 356 1599 385 ‘
1626 346 1807 421 Quid
1835 360 1979 423 stas,
2012 345 2269 409 miles?’
2297 344 2529 445 inquit.
2632 352 2655 383 ⁸
2678 342 2821 409 Non

723 444 744 475 ⁶
763 456 912 500 cum
943 433 1178 497 Latino
1217 432 1583 519 Sabinoque
1623 433 1803 498 hoste
1842 456 1943 497 res
1980 446 2095 508 est,
2127 454 2323 519 quem
2348 444 2599 495 victum
2642 433 2825 496 armis

723 529 744 559 ‘
763 520 1006 585 socium
1057 542 1142 584 ex
1189 518 1370 583 hoste
1421 520 1628 583 facias·
1722 519 1803 583 In
1852 519 2093 584 belluas
2140 518 2516 582 strinximus
2566 518 2823 583 ferrum.

723 616 744 647 ‘
767 606 1198 684 HaurienduS,
1231 618 1342 669 aut
1371 604 1623 670 dandus
1652 618 1751 669 est
1776 606 2046 691 sanguis.
2108 603 2491 691 Propulistis
2520 628 2563 669 a
2588 605 2829 679 castris,

723 702 744 732 ‘
764 694 992 780 supina.
1017 691 1179 757 valle
1216 692 1593 778 praecipites
1628 692 1863 778 egistiS,
1894 690 2103 755 stratis
2136 690 2509 777 corporibus
2548 691 2831 755 hostium

723 787 744 817 ‘
763 780 1146 865 superstatiS.
1242 776 1579 864 Complete
1610 778 1835 841 eadem
1870 789 2077 863 strage
2106 798 2381 862 campos,
2412 798 2549 862 qua
2578 792 2832 841 montes

724 874 832 929 ‘re
879 865 1066 929 lestis.
1161 864 1382 928 Nolite
1433 875 1822 950 exspectare,
1874 863 2029 927 dum
2080 876 2318 926 stantes
2366 884 2483 926 vos
2534 864 2607 926 fu
2660 864 2677 877 ⁶
2772 878 2829 926 t:

725 962 744 991 ‘
765 888 1097 1016 ingerenda
1130 963 1280 1015 sunt
1318 950 1517 1037 signa,
1548 961 1616 1015 et
1654 948 2017 1013 vadendum
2056 948 2127 1011 in
2164 948 2454 1012 hostem!
2622 972 2685 1013 ts
2730 949 2831 1012 ad·

719 1038 1182 1103 hortationibus
1211 1038 1440 1101 iterum
1481 1037 1681 1101 coorti
1722 1035 1971 1123 pellunt
2009 1034 2149 1099 loco
2188 1036 2429 1121 primos
2462 1036 2831 1123 manipulos

725 1124 1100 1201 Gallorum3
1147 1124 1366 1188 cuneis
1401 1122 1637 1187 deinde
1678 1123 1747 1185 in
1786 1121 2069 1187 medium
2108 1144 2341 1221 agmen
2376 1144 2647 1207 perrum
2744 1137 2827 1185 nt.

722 1208 886 1276 Inde
919 1212 1164 1275 barbari
1193 1210 1498 1296 dissipati,
1532 1209 1765 1295 quibus
1792 1232 1913 1273 nec
1950 1220 2123 1272 certa
2156 1208 2445 1294 imperia,
2474 1230 2605 1273 nec
2686 1231 2829 1271 ηοω

722 1312 950 1375 essent,
981 1309 1236 1362 vertunt
1279 1296 1591 1383 impetum
1634 1296 1699 1359 in
1744 1317 1930 1371 suos3
1976 1294 2227 1379 fusique
2272 1316 2388 1380 per
2430 1317 2722 1381 eampoe,
2766 1310 2825 1357 et

721 1398 971 1485 praeter
1014 1396 1216 1449 castra
1260 1383 1452 1447 etiam
1491 1404 1605 1445 sua
1648 1380 1800 1468 fuga
1892 1380 2129 1457 raelati,
2156 1380 2355 1480 ‘quod
2398 1380 2825 1445 editissimum

721 1485 890 1535 mter
933 1470 1228 1557 aequales
1276 1468 1552 1533 tumulos
1597 1490 1855 1531 occurre
1900 1480 1963 1531 at
2007 1466 2225 1543 oculis,
2256 1488 2469 1531 arcem
2498 1467 2825 1532 Albanam

805 1570 967 1621 tunt.
1064 1555 1327 1633 Consul,
1359 1578 1489 1619 non
1520 1554 1685 1618 ultra
1710 1568 1915 1618 castra
1942 1554 2283 1631 insecutus,
2315 1554 2469 1640 quia
2494 1568 2567 1617 et
2596 1554 2825 1619 vulnus

719 1578 1116 1729 figgravabat,
1159 1656 1226 1707 et
1267 1642 1575 1706 subiicere
1622 1640 1977 1705 exercitum
2017 1661 2236 1726 pugna
2276 1639 2514 1703 fessum
2566 1640 2823 1705 tumulss
2836 1658 2861 1703 8

720 1728 800 1793 ab
844 1728 1023 1793 hoste
1067 1729 1388 1814 occupatis
1431 1727 1706 1805 nolebat,
1737 1726 1973 1814 praeda
2014 1727 2192 1790 omni
2238 1738 2589 1790 castrorum
2638 1726 2823 1790 militi

717 1814 885 1890 data,
933 1815 1238 1879 victorem
1287 1814 1660 1891 exercitum,
1707 1812 2213 1913 opulentumque
2264 1810 2533 1911 Gallicis
2586 1812 2817 1900 spoliis

721 1898 994 1964 Romam
1023 1898 1295 1963 reduxit.
1360 1898 1615 1964 Moram
1646 1900 1968 1986 triumpho
1996 1898 2229 1969 vulnus
2256 1898 2535 1963 consulis
2566 1898 2781 1963 attuht
2798 1924 2815 1959 :

718 1984 1070 2087 eademque
1129 2008 1318 2051 causa
1373 1985 1697 2051 dictatoris
1754 1985 2141 2051 desiderium
2206 1985 2457 2049 senatui
2512 1984 2693 2061 fecit,
2752 1998 2819 2048 ut

393 2085 620 2135 Dictator
641 2084 700 2134 Ι..
717 2085 900 2150 esset,
933 2095 1046 2159 qm
1241 2072 1292 2136 's
1335 2072 1700 2137 consulibus
1742 2072 1999 2137 comitia
2039 2072 2316 2136 haberet.
2409 2069 2716 2137 Dictator
2742 2071 2813 2135 L

389 2150 571 2267 Ἐξ
587 2150 681 2201 Ca-
719 2158 948 2225 Furius
979 2094 1292 2225 Οαιῗέᾗῗιε
1335 2158 1562 2235 dictae„
1604 2158 1821 2223 addito
1864 2158 2163 2245 magistro
2207 2157 2501 2257 equitum
2544 2157 2623 2221 P.
2660 2156 2817 2223 Cor-

495 2510 598 2572 25.

391 3026 460 3076 U.
483 3024 543 3073 C.
568 3020 677 3085 406.

388 3090 450 3139 A.
484 3089 544 3138 C.
571 3086 678 3153 346.

390 3154 448 3202 L.
469 3153 634 3213 Furio,

718 2246 890 2311 nelio
943 2245 1260 2333 Scipione,
1307 2244 1589 2310 reddidit
1634 2244 1928 2309 Patribus
1976 2265 2434 2345 possessionem
2484 2244 2815 2330 pristinam
2942 2276 2944 2358 i

719 2332 1096 2397 consulatus·
1189 2331 1334 2418 Ipse
1382 2331 1466 2396 ob
1525 2331 1593 2394 id
1642 2332 1940 2396 meritum
1990 2331 2239 2417 ingenti
2288 2329 2556 2394 Patrum
2610 2330 2815 2396 studio

717 2430 964 2483 creatus
991 2418 1232 2496 consul,
1263 2416 1571 2505 collegam
1604 2418 1730 2504 Ap.
1758 2416 2103 2481 Claudium
2138 2416 2439 2481 Crassum
2468 2416 2661 2483 dixit.
2826 2443 2855 2491 9

803 2505 1184 2605 Priusquam
1212 2504 1448 2568 inirent
1475 2504 1625 2568 novi
1654 2503 1945 2568 consules
1972 2504 2427 2589 magistratum,
2456 2504 2817 2591 triumphus

715 2614 754 2656 a
799 2590 1074 2678 Popilho
1121 2592 1203 2657 de
1253 2589 1457 2655 Gallis
1502 2603 1679 2655 actus
1718 2612 1951 2676 magno
1988 2589 2201 2654 favore
2236 2588 2479 2677 plebis=
2530 2612 2816 2655 mussan-

713 2690 938 2765 tesque
989 2678 1158 2743 inter
1207 2700 1274 2742 se
1323 2678 1700 2764 rogitabant,
1756 2685 1775 2715 ‘
1798 2698 1955 2739 num
2006 2698 2201 2762 quem
2297 2675 2489 2741 lebeii
2540 2677 2817 2741 consulis

717 2773 736 2803 ‘
759 2765 1188 2863 poeniteret?’
1301 2762 1507 2828 Simul
1562 2763 1933 2828 dictatorem
1991 2762 2251 2849 increpa
2292 2776 2422 2839 ant,
2484 2763 2603 2849 qui
2664 2764 2815 2851 legis

713 2849 1002 2914 Liciniae
1108 2862 1283 2950 retae
1313 2849 1686 2950 mercedem
1714 2849 2133 2948 consulatum,
2164 2849 2413 2935 privata
2438 2849 2812 2948 cupiditate,

715 2956 918 3083 ssffi
947 2935 1891 3085 ffiss'tssissrussi'ssssrsstfoeffiffi}
1914 2948 2837 3107 ιίῗέιὶἷθξέἶῑεῗηέἱῗοέἓὲἑ-

715 3106 838 3171 fuit
864 3106 1146 3194 insignis·
1244 3104 1414 3170 Galli
1451 3130 1535 3171 ex
1565 3106 1835 3171 Albanis
1870 3108 2209 3184 montibuS,
2240 3108 2393 3193 quia
2426 3107 2665 3172 hiemis
2692 3110 2809 3172 vim

389 3216 700 3279 Ap.claudio
761 3194 850 3258 ati
871 3194 1308 3282 nequiverant,
1333 3216 1448 3279 per
1475 3216 1733 3280 campos
1754 3193 2196 3280 maritimaque
2218 3192 2359 3259 loca
2380 3194 2525 3280 vagi
2548 3196 2809 3282 popula.

387 3281 524 3331 eous.

759 3293 965 3346 antur.
1059 3280 1242 3345 Mare
1287 3279 1583 3345 infestum
1622 3279 1922 3344 classibus
1954 3277 2345 3344 Graecorum
2380 3292 2538 3357 erat,
2577 3303 2806 3368 oraque

713 3367 914 3431 litoris
962 3367 1260 3444 Antiatis,
1312 3367 1725 3453 Laurensque
1778 3378 2033 3443 tractu8‚
2080 3378 2145 3429 et
2196 3366 2447 3430 Tiberis
2492 3366 2697 3430 ostia:
2742 3383 2807 3431 ut

713 3454 1063 3541 praedones
1123 3453 1442 3530 maritimi,
1503 3474 1651 3517 cum
1704 3451 2101 3516 terrestribus
2149 3452 2491 3539 congressi,
2552 3453 2802 3539 ancipiti

711 3540 908 3604 semel
1005 3540 1201 3603 roelio
1245 3539 1647 3615 decertarint,
1692 3537 1997 3638 dubiique
2044 3538 2442 3602 discesserint
2490 3538 2564 3601 in
2616 3552 2803 3603 castra

717 3624 909 3702 Gan,
956 3562 1188 3689 graeci
1233 3638 1401 3690 retro
1453 3625 1540 3689 ad
1588 3646 1798 3700 naves,
1844 3638 2042 3689 vlctos
2094 3647 2180 3701 se,
2227 3646 2311 3687 an
2354 3624 2647 3701 victore&
2695 3648 2801 3725 pu-

715 3722 936 3775 tarent.
1027 3709 1207 3775 Inter
1247 3711 1365 3775 hos
1407 3710 1596 3798 longe
1642 3710 1955 3775 maximus
1998 3710 2241 3774 exstitit
2280 3724 2501 3787 terror,
2542 3712 2799 3776 concllia

777 3964 807 4012 8
839 3962 1088 4011 Subiioere
1108 3963 1398 4023 exercitum]
1437 3962 1538 4011 Ubi
1556 3961 1724 4021 hostis,
1790 3976 1912 4010 cere.
1972 3962 2141 4017 Quare
2160 3962 2321 4011 dicere
2342 3962 2391 4010 h.
2410 3962 2445 4011 1.
2468 3962 2601 4011 idem
2626 3978 2723 4011 ense
2740 3978 2792 4009 ac

711 4026 959 4076 montibus
972 4026 1239 4089 occupatis,
1255 4024 1525 4075 exercitum
1542 4026 1723 4075 Roma·
1788 4042 1963 4087 royare
1986 4032 2123 4087 puto,
2166 4026 2227 4073 cf.
2250 4025 2360 4075 infr.
2384 4026 2568 4075 xxxvii.
2588 4038 2667 4087 47.
2689 4026 2789 4074 xxii.

710 4107 830 4141 num
869 4107 930 4139 ex
964 4091 1188 4139 inferiore
1220 4092 1330 4139 loco
1366 4088 1724 4153 aggredientem
1792 4102 1869 4150 35.
1914 4090 2029 4138 Hoc
2046 4090 2154 4136 loco
2170 4095 2337 4137 autem
2356 4090 2419 4138 de
2432 4089 2653 4139 Camillo
2672 4090 2787 4138 adhi-

708 4157 820 4205 telis
841 4156 941 4203 suis
962 4154 1234 4204 subiectum
1268 4162 1318 4203 et
1351 4152 1617 4203 obnoxium
1640 4154 1723 4201 hs-
1790 4155 1934 4203 betur
1976 4168 2070 4201 vox
2114 4154 2256 4209 dixit,
2293 4153 2411 4214 quia
2449 4152 2557 4215 ipse
2600 4154 2789 4202 comitiis

709 4222 858 4269 beret.
895 4219 1129 4269 Gaoxov.
1788 4223 2041 4279 praeerat:
2104 4217 2237 4276 quod
2288 4216 2419 4264 idem
2472 4216 2655 4265 Fulvio
2696 4216 2785 4266 infr.

778 4298 810 4343 9
851 4284 1088 4343 Collegmm
1125 4318 1136 4330 .
1162 4318 1174 4330 .
1198 4318 1210 4330 .
1245 4283 1394 4340 dtu-ie]
1459 4281 1722 4329 Insolitum
1787 4280 1973 4331 xxxvii.
1997 4291 2075 4341 47.
2098 4279 2294 4329 accidit.
2332 4281 2549 4329 samm.

708 4345 802 4391 hoc
825 4344 887 4391 de
909 4345 1126 4404 consule,
1141 4360 1256 4392 eum
1277 4344 1366 4393 sibi
1389 4345 1627 4405 collegam
1652 4344 1721 4392 di-
