3000 4784
710 216 833 277 246
1484 205 1713 273 ΤΙΤῙ
1773 205 2036 271 LIVII

660 398 673 410 .
712 346 941 448 ducem
972 346 1281 421 novimum,
1312 344 1433 408 nisi
1463 343 1644 407 cuius
1673 341 1953 429 auspicio
1991 340 2228 405 bellum
2247 338 2521 440 ‘geritur
2548 362 2568 401 :
2625 334 2852 401 titulus

712 457 734 499 1
847 482 866 510 ,
920 432 1134 520 spoliis
1183 431 1373 497 inseri
1418 444 1540 507 tus,
1600 428 1740 493 illos
1798 449 2028 515 meque
2088 440 2315 514 arguit,
2362 423 2736 489 consulem
2785 445 2856 485 ea

718 456 993 585 &gessum
1050 518 1306 605 cepisse.
1470 540 1546 582 oc
1605 540 1728 603 ego
1779 538 1980 602 quum
2033 513 2404 600 Augustum
2453 510 2858 585 Caesarem,
2877 534 2900 579 3

716 606 1099 693 templorum
1122 605 1408 670 omnium
1430 603 1827 669 conditorem
1857 615 1967 667 aut
1995 602 2440 677 restitutorem,
2465 599 2550 662 in
2685 618 2860 661 mum

715 691 938 757 aedem
982 691 1247 755 Feretrii
1287 690 1475 768 Iovia,
1519 712 1712 777 quam
1755 698 2065 753 vetustate
2109 687 2418 773 dilapsam
2463 708 2548 749 re
2577 684 2750 761 ecit,
2799 704 2864 746 se

717 781 923 867 ipsum
965 778 1033 841 in
1068 778 1324 843 thorace
1361 777 1560 841 linteo
1606 778 1910 863 scriptum
1956 775 2179 861 legisse
2223 774 2598 848 audissem3
2655 791 2866 857 prope

718 865 1113 951 sacrilegium
1148 876 1319 929 ratus
1358 886 1519 941 sum,
1556 862 1759 927 Cosso
1902 862 2133 925 liorum
2166 882 2427 925 suorum
2460 858 2868 929 Caesarem,

719 953 915 1039 ipsius
958 951 1179 1038 templi
1222 964 1565 1028 auctorem,
1606 950 1724 1015 sub
1868 970 1973 1013 ere
2017 961 2261 1013 testem.
2357 946 2494 1021 Qui
2547 946 2616 1009 si
2667 968 2758 1009 ea
2802 942 2870 1005 in
2885 962 2908 1003 4

722 1063 790 1104 re
844 1040 925 1103 sit
974 1060 1167 1115 error,
1218 1037 1393 1124 quod
1449 1050 1583 1101 tam
1628 1050 1871 1101 veteres
1929 1034 2206 1113 annaleS,
2260 1032 2581 1184 fflodque
2653 1028 2870 1115 magi·
2956 1106 2957 1113 ἵ

722 1139 1030 1190 stratuum
1052 1124 1214 1203 libri,
1240 1148 1399 1211 quos
1420 1123 1650 1187 linteos
1671 1124 1740 1187 in
1763 1122 1920 1187 aede
1943 1122 2248 1208 repositos
2350 1134 2594 1184 onetae
2625 1116 2872 1181 Macer

725 1212 1011 1277 Licinius
1050 1212 1205 1277 citat
1242 1210 1594 1275 identidem
1635 1223 1940 1286 auctores,
1971 1232 2144 1274 nono
2229 1221 2328 1272 ost
2355 1206 2648 1270 demum
2689 1224 2870 1268 anno

726 1323 873 1364 cum
918 1298 997 1363 Τ.
1028 1298 1335 1373 Quinctio
1378 1297 1606 1361 Penno
1648 1296 1729 1361 A.
1761 1294 2135 1360 Cornelium
2246 1314 2458 1358 ossum
2502 1288 2868 1357 consulem

726 1387 1021 1463 habeant,
1053 1384 1433 1451 existimatio
1477 1383 1832 1447 communis
1874 1382 2169 1447 omnibus
2211 1392 2324 1445 est.
2417 1377 2606 1443 Nam
2659 1376 2868 1442 etiam
2885 1390 2908 1437 5
2956 1446 2957 1449 ¹

726 1473 886 1537 illud
916 1472 1179 1549 accedit,
1209 1495 1292 1536 ne
1330 1484 1459 1535 tam
1493 1469 1662 1534 clara
1693 1490 1911 1569 pugna
1943 1469 2012 1533 in
2047 1491 2196 1532 eum
2232 1489 2474 1531 annum
2512 1460 2866 1530 transferri
2956 1472 2957 1481 ’

726 1571 955 1645 posset,
989 1557 1166 1643 quod
1199 1556 1451 1621 imbelle
1488 1557 1834 1621 trienmum
1863 1556 2060 1619 ferme
2210 1553 2457 1619 tilentia
2483 1552 2864 1639 inopiaque

726 1644 982 1731 frugum
1012 1644 1180 1708 circa
1209 1644 1290 1708 A.
1318 1641 1694 1708 Cornelium
1723 1642 2048 1708 consulem
2103 1641 2235 1706 uit:
2281 1640 2442 1705 adeo
2472 1654 2552 1704 ut
2572 1638 2864 1726 quidam

728 1730 1007 1807 annaleS,
1038 1730 1212 1794 velut
1248 1730 1503 1807 funesti,
1536 1730 1696 1793 nihil
1735 1742 1984 1816 praeter
2019 1728 2280 1793 nomina
2313 1726 2668 1791 consulum
2708 1746 2864 1810 sug*

727 1976 855 2021 Iano
872 1973 1081 2030 Quirino
1100 1988 1285 2033 aynum
1305 1977 1509 2020 matrem
1537 1972 1748 2020 caedito:

1815 1973 2176 2034 propemodum⁴
2226 1976 2387 2034 neget,
2439 1968 2566 2019 illud
2627 1970 2858 2019 alterum

728 2038 815 2101 qui
848 2038 992 2099 cepit,
1022 2038 1150 2085 aeris
1183 2043 1377 2085 centum
1408 2036 1578 2084 dar-‘er
1612 2052 1749 2098 opor-

1813 2035 2146 2099 amplecti·ac
2183 2050 2272 2097 pro
2310 2036 2452 2083 firmo
2487 2036 2621 2082 tueri
2643 2052 2660 2084 ε
2703 2034 2862 2093 idque

730 2104 879 2151 πίσθ’

798 2180 849 2229 3*
858 2167 969 2215 Ηοο
988 2169 1076 2226 ὸρο
1096 2180 1247 2228 quum
1266 2165 1574 2227 Augustum]
1605 2163 1750 2211 Haec

732 2232 881 2278 verba
901 2235 951 2277 et
974 2229 1229 2290 sequentia
1250 2244 1404 2289 usque
1420 2229 1483 2276 ad
1499 2230 1752 2289 scripserit

732 2294 904 2343 Livius
921 2293 1082 2342 iudice
1100 2292 1393 2351 Niebuhrio,
1407 2298 1644 2353 tanquam
1666 2306 1750 2340 an·

732 2358 1054 2415 notationem,
1084 2355 1331 2419 apposuit,
1364 2362 1622 2419 postquam
1651 2356 1750 2404 Au·

731 2428 901 2487 gustus
925 2421 1103 2470 librum
1136 2421 1269 2469 hunc
1291 2422 1540 2469 evolverat
1561 2425 1611 2468 et
1633 2420 1751 2469 Cos-

733 2502 787 2537 so
811 2485 997 2535 consuli
1024 2484 1290 2560 spoliorum
1324 2500 1375 2533 se
1405 2490 1581 2534 testem
1613 2499 1752 2547 prae-

734 2554 921 2600 buerat.
1001 2550 1249 2599 Diodorus
1285 2549 1369 2599 xii.
1414 2550 1489 2609 18,
1530 2548 1613 2611 qui
1659 2548 1751 2595 Fa-

734 2616 870 2664 bium
920 2614 1153 2676 sequitur.
1199 2614 1401 2662 minime
1452 2628 1565 2662 cum
1611 2610 1752 2660 Livio

737 2678 991 2727 consentit.
1040 2678 1101 2727 cf.
1137 2678 1345 2727 Niebhr.
1378 2676 1427 2727 ii.
1469 2683 1570 2727 not.
1614 2690 1750 2725 1011.

736 2740 1084 2790 Wachsmuth.
1110 2758 1157 2805 p.
1182 2756 1293 2802 412.

802 2824 832 2865 4
868 2808 963 2863 Qui
984 2807 1054 2865 εἰ]
1094 2805 1231 2853 Huic
1252 2806 1363 2853 loco
1386 2820 1564 2867 magna
1585 2807 1754 2853 obscu-

736 2868 853 2916 ritas
888 2869 1030 2927 inest,
1062 2874 1113 2916 et
1144 2869 1345 2917 fortasse
1376 2870 1441 2916 ab
1472 2869 1580 2931 ipso
1615 2868 1755 2918 Livio

738 2932 985 2991 affectata,
1008 2933 1125 2979 dum
1149 2932 1257 2979 vult
1288 2932 1358 2979 ita
1387 2934 1609 2994 Augusto
1643 2948 1755 2981 con-

737 3000 815 3042 tra
846 2995 916 3042 rei
948 2994 1198 3043 veritatem
1234 2994 1485 3053 assentari,
1509 3000 1566 3043 ut
1590 3002 1756 3044 tamen

738 3058 1031 3121 intelligenti
1064 3064 1115 3106 et
1145 3064 1337 3106 attento
1358 3058 1528 3105 lectori
1551 3061 1758 3107 subodo-

738 3123 947 3173 randum
1000 3121 1262 3184 relinquat,
1304 3121 1422 3185 quid
1473 3121 1579 3185 ipse
1621 3125 1758 3185 apud

740 3188 960 3236 animum
983 3202 1123 3235 suum
1148 3186 1339 3236 sentiat.
1392 3186 1537 3235 Haec
1559 3203 1672 3250 ergo
1691 3188 1758 3236 vi-

741 3253 885 3301 detur
928 3266 1031 3300 esse
1072 3250 1217 3299 huius
1270 3250 1618 3299 intricatissimi
1661 3251 1757 3301 loci

740 3316 995 3365 sententia.
1071 3315 1169 3364 Pro
1212 3320 1345 3363 certo
1390 3316 1531 3377 ponit
1574 3315 1758 3375 Livius,

740 3396 839 3428 non
863 3395 925 3427 ex
958 3395 1047 3427 sua
1078 3378 1327 3439 nimirum,
1348 3380 1436 3428 sed
1464 3396 1528 3428 ex
1551 3380 1758 3443 Augusti

741 3448 925 3503 mente,
954 3443 1113 3505 spolia
1146 3442 1313 3506 opima
1344 3444 1552 3493 Cossum
1589 3460 1757 3493 consu-

742 3508 841 3558 lem
886 3506 1085 3571 cepisse.
1162 3508 1259 3557 Sed
1302 3522 1455 3569 quum
1498 3508 1757 3571 scriptores

742 3588 912 3621 omnes
954 3572 1005 3621 in
1049 3572 1181 3621 hunc
1223 3588 1409 3621 annum
1452 3572 1612 3635 spolia
1653 3571 1758 3621 eius

742 3637 924 3699 opima,
961 3635 1015 3685 in
1054 3652 1255 3695 nonum,
1292 3636 1393 3711 sive
1432 3636 1595 3699 potius
1628 3636 1756 3685 deci-

742 3714 879 3811 Ξζῖἲ
888 3706 1259 3823 οέἕὲἓέἓῖἳῗῃ
1281 3702 1758 3813 ἶῗέἑῖἰῗωοᾜὲῖ

740 3826 856 3886 rint,
878 3842 1074 3875 necesse
1096 3834 1198 3877 est:
1236 3834 1287 3877 et
1314 3829 1391 3876 vel
1424 3829 1475 3877 in
1509 3828 1643 3876 hunc
1675 3844 1758 3877 an-

741 3906 861 3940 num
884 3892 1184 3941 revocandus
1206 3896 1278 3941 est
1300 3892 1438 3941 Cossi
1461 3894 1760 3953 consulatus,

742 3957 819 4004 vel
847 3955 899 4003 in
923 3955 1168 4003 decimum
1201 3960 1313 4019 post
1332 3972 1518 4006 annum
1542 3956 1756 4006 reiicien-

740 4020 807 4069 da
836 4018 1007 4082 spolia.
1078 4018 1261 4069 Utrum
1286 4020 1604 4070 retrahendus
1625 4022 1686 4069 sit
1706 4021 1759 4071 in

740 4084 873 4133 hunc
895 4098 1079 4132 annum
1103 4084 1239 4133 Cossi
1264 4085 1562 4145 consulatus,
1582 4086 1633 4134 in
1655 4100 1755 4135 me-

740 4148 823 4197 dio
869 4147 1039 4197 Livius
1087 4147 1349 4210 relinquit:
1404 4149 1457 4197 in
1510 4148 1756 4199 decimum

742 4218 851 4273 post
882 4226 1067 4260 annum
1094 4212 1253 4272 spolia
1276 4211 1357 4259 vix
1381 4228 1439 4259 ac
1462 4228 1525 4260 ne
1549 4212 1629 4261 vix
1651 4213 1753 4275 qui-

741 4276 854 4341 dem
892 4274 1026 4323 reiici
1066 4288 1205 4337 posse
1240 4274 1325 4323 ait.
1402 4274 1620 4324 Deberet
1652 4276 1755 4337 qui—

742 4338 872 4396 dem,
901 4353 1051 4399 quum
1088 4338 1181 4385 hoc
1214 4337 1445 4386 ultimum
1480 4338 1582 4387 fieri
1617 4355 1756 4401 posse

1813 2102 1984 2163 procul
2029 2098 2180 2149 dubio
2229 2098 2442 2159 fecisset,
2483 2099 2527 2147 si
2571 2114 2642 2148 ex
2695 2093 2856 2147 animi

1813 2164 2056 2213 sententia
2071 2166 2291 2225 Augusto
2307 2178 2530 2212 assensus
2545 2170 2701 2213 esset.
2757 2160 2856 2209 Sed

1817 2228 1914 2277 veri
1950 2228 2000 2277 vi
2037 2228 2207 2287 victus,
2241 2242 2344 2275 rem
2383 2243 2483 2275 non
2523 2228 2686 2277 audet
2725 2226 2856 2275 affir-

1815 2306 1969 2351 mare,
2005 2306 2064 2339 ac
2103 2293 2301 2340 dubiam
2341 2292 2589 2353 relinquit.
2659 2294 2741 2350 Si,
2781 2288 2850 2337 in-

1817 2356 1940 2419 quit,
1961 2356 1992 2405 i.
2017 2372 2061 2406 e.
2081 2372 2147 2404 an
2175 2373 2236 2405 ea
2267 2360 2322 2405 in
2355 2374 2428 2415 re,
2461 2357 2564 2405 sive
2594 2355 2652 2405 in
2689 2371 2757 2406 eo
2789 2356 2854 2403 sit

1817 2420 1902 2469 ille
1923 2437 2079 2479 error,
2100 2419 2294 2485 (eorum
2315 2436 2498 2483 nempe
2519 2420 2604 2483 qui
2629 2422 2851 2471 Cossum

1817 2484 1974 2547 spolia
1990 2484 2156 2546 opima
2171 2484 2419 2533 tribunum
2443 2485 2664 2533 militum
2691 2482 2844 2546 cepis-

1818 2564 1870 2596 se
1900 2547 2114 2612 dicunt‚)
2137 2551 2269 2611 quod
2291 2548 2430 2599 Cossi
2467 2551 2762 2599 consulatus
2797 2546 2846 2593 in

1817 2628 2021 2671 nonum,
2042 2614 2142 2661 sive
2163 2614 2410 2663 decimum
2433 2614 2601 2675 potius
2621 2619 2740 2676 post
2761 2627 2846 2659 an-

1817 2692 1937 2725 num
1969 2676 2178 2725 reiectus
2208 2678 2290 2737 sit,
2309 2680 2603 2727 existimatio
2635 2692 2842 2727 eommu-

1817 2743 1898 2789 m's
1930 2744 2148 2791 omnibus
2178 2748 2266 2801 est,
2299 2742 2330 2791 i.
2365 2758 2408 2791 e.
2443 2742 2651 2791 cuilibet
2685 2744 2752 2791 de
2787 2754 2842 2787 eo

1819 2820 1957 2853 suam
1992 2804 2421 2865 existimationem,
2451 2806 2555 2855 sive
2587 2821 2738 2855 suum
2773 2804 2842 2851 in-

1823 2869 2006 2918 dicium
2033 2870 2340 2931 interponere
2361 2870 2494 2919 licet.
2561 2871 2662 2920 Sed
2687 2870 2740 2918 in
2763 2870 2840 2916 de-

1822 2933 2004 2982 cimum
2033 2939 2143 2997 post
2168 2950 2352 2983 annum
2384 2934 2518 2983 reiici
2547 2935 2714 2997 spolia
2745 2947 2842 2981 non

1824 3002 2038 3059 possunt.
2109 3000 2261 3056 Nam,
2305 3004 2498 3061 praeter
2547 3010 2840 3049 eonsensum

1823 3062 2112 3123 scriptorum
2145 3061 2382 3122 omnium,
2405 3063 2492 3124 qui
2522 3062 2575 3111 in
2609 3062 2765 3122 hunc,
2793 3062 2838 3108 in

1823 3140 1920 3187 quo
1941 3140 2072 3175 nunc
2096 3125 2359 3183 versamur..
2378 3142 2564 3175 annum
2589 3143 2652 3176 ea
2673 3132 2839 3176 contu-

1822 3190 2002 3248 lerunt,
2038 3192 2185 3239 etiam
2226 3192 2354 3239 illua
2393 3193 2596 3250 accedit,
2633 3208 2702 3242 ne
2747 3199 2840 3239 cam

1821 3254 1960 3301 clara
1989 3269 2164 3315 puyna
2190 3256 2246 3301 in
2274 3270 2386 3303 eum
2407 3270 2616 3315 annum,
2635 3255 2670 3304 i.
2694 3271 2740 3305 e.
2763 3256 2838 3303 de-

1824 3315 2007 3364 cimum
2033 3322 2142 3379 post
2163 3332 2366 3378 annum,
2379 3320 2648 3379 “masfa-n·
2665 3324 2838 3382 posset,

1821 3382 1951 3443 quod
1991 3382 2178 3430 imbelle
2222 3384 2492 3431 trienninm
2533 3384 2668 3431 civ-m
2719 3381 2836 3431 illud

1823 3450 2037 3506 tempus,
2058 3459 2157 3517 quo
2177 3445 2358 3494 Cossus
2379 3446 2550 3495 consul
2569 3446 2724 3495 fuine
2744 3462 2838 3494 me-

1820 3514 2038 3557 moratur
2067 3522 2120 3556 111
2151 3508 2412 3558 annalibus
2438 3525 2497 3557 ac
2527 3508 2662 3559 libris
2694 3508 2835 3573 magi-

1820 3577 2082 3631 stratuum,
2099 3575 2224 3633 fuit.
2272 3574 2575 3622 Particulam
2595 3577 2640 3623 εἰ
2662 3589 2754 3636 pro
2773 3591 2836 3623 aa

1823 3652 1921 3684 non
1943 3652 2050 3685 raro
2073 3642 2277 3699 usurpat
2300 3637 2486 3695 Livius,
2509 3638 2617 3688 infr.
2639 3638 2777 3688 xxxi.
2792 3654 2834 3701 9.

1824 3702 2058 3749 Ceterum
2093 3701 2236 3776 longe
2263 3701 2408 3749 aliter
2429 3700 2626 3750 Livium
2651 3702 2714 3750 de
2733 3718 2834 3765 spo-

1825 3764 1902 3812 liis
1934 3764 2071 3815 Cossi
2105 3765 2286 3828 opimis
2325 3765 2547 3825 sensisse,
2577 3781 2728 3827 quam
2761 3767 2835 3814 hic

1821 3844 1942 3940 335³
1975 3844 2032 3955 Ξῖ
2059 3830 2407 3942 ’ΐξὲῗέοξξ
2441 3832 2834 3943 {iffiffi

1823 3955 2074 4006 dictatoris
2113 3958 2294 4007 Cossus
2327 3958 2492 4006 adhuc
2532 3957 2727 4006 dicatur
2761 3959 2835 4006 tri-

1823 4022 1984 4070 bunus
2033 4020 2248 4069 militum
2293 4021 2453 4084 spolia
2495 4022 2668 4083 opima
2713 4022 2834 4071 Iovis

1823 4085 2026 4135 Feretrii
2051 4087 2239 4149 templo
2263 4084 2498 4134 intulisse.
2534 4086 2702 4137 Cam.

1895 4164 1922 4213 5
1964 4151 2243 4200 Communis
2279 4150 2528 4210 omnibus]
2590 4150 2832 4199 Ineuriose

1820 4213 1944 4263 haec
1975 4213 2141 4262 scribit
2175 4212 2362 4273 Livius,
2393 4228 2546 4277 quum
2577 4214 2760 4264 Fabius
2787 4216 2830 4263 in

1821 4277 1971 4327 aliam
1994 4276 2287 4327 sententiam
2311 4276 2534 4327 discedit.
