3000 4784
824 202 1015 271 L1B.
1066 204 1147 271 V.
1217 205 1440 273 CAP.
1488 211 1593 272 38.
2018 206 2030 223 ‘
2135 208 2264 270 329

106 352 133 399 8
148 332 567 401 undecimum
594 336 879 424 lapidem
912 362 1245 405 occursum
1283 353 1398 419 est,
1427 362 1558 427 qua
1597 339 1840 405 flumen
1870 337 2062 415 Allia,
2097 336 2267 403 Cru-
2286 349 2354 400 U.
2377 350 2437 399 c,
2462 349 2572 413 365·

148 420 439 521 stuminis
485 424 821 489 montibus
864 426 1145 513 praealto
1191 426 1477 491 defluens
1528 424 1726 503 alveo,
1773 424 1951 490 haud
1993 423 2264 490 multum
2283 416 2345 465 A.
2377 414 2438 465 C·
2464 414 2574 477 3⁸⁷·

144 505 307 571 mfm
360 530 539 573 vlam
602 509 917 576 Tiberino
966 514 1140 577 amni
1190 514 1506 588 miscetur.
1598 511 1736 578 Iam
1787 512 2002 577 omnia
2045 524 2268 577 contra

146 592 441 679 circaque
490 594 783 661 hostium
826 597 1018 685 plena
1060 612 1257 677 erant,
1302 613 1369 665 et
1410 613 1562 664 nata
1601 598 1674 663 in
1716 621 1910 663 vanos
1955 598 2266 663 tumultus

144 700 319 764 gens,
374 682 548 745 truci
605 695 803 748 cantu
848 683 1353 773 clamoribusque
1398 685 1607 763 variiS,
1659 684 1977 750 horrendo
2034 698 2266 749 cuncta

144 765 633 852 compleverant
661 791 835 835 sono.

106 874 129 923 9
230 850 333 915 Ibi
383 854 645 919 tribuni
694 855 991 934 militum,
1045 880 1177 922 non
1222 857 1365 923 loco
1412 858 1629 923 castris
1678 871 1826 923 ante
1873 876 2081 945 capto,
2131 880 2264 922 non
2381 864 2484 923 38.

142 940 559 1021 praemunito
604 942 793 1019 vallo,
830 966 960 1030 quo
1001 958 1293 1031 receptus
1331 957 1515 1021 esset,
1552 967 1686 1009 non
1718 944 1985 1009 deorum
2023 944 2264 1022 saltem,
2285 945 2509 995 vineunt

146 1023 198 1085 si
240 1046 377 1115 non
422 1024 795 1105 hominum,
841 1052 1171 1107 memores,
1216 1054 1337 1095 nec
1374 1031 1718 1117 auspicato,
1763 1054 1884 1095 nec
1925 1030 2124 1107 litato,
2169 1031 2268 1095 in-
2283 1011 2571 1124 {fffflaffi

109 1136 126 1169 1
146 1121 403 1209 struunt
438 1113 657 1179 aciem
696 1114 1025 1181 diductam
1058 1116 1129 1180 in
1166 1139 1422 1195 cornua,
1454 1140 1537 1182 ne
1576 1116 2018 1182 circumveniri
2053 1116 2269 1181 multi-

148 1195 371 1260 tudine
402 1196 701 1264 hostium
729 1215 1004 1288 possent.
1096 1202 1166 1266 N
1166 1226 1241 1267 ec
1280 1216 1495 1268 tamen
1524 1203 1782 1289 aequari
1809 1203 2048 1268 frontes
2085 1216 2268 1289 pote·

148 1296 323 1381 rant?
340 1307 555 1370 quum
600 1288 1011 1354 extenuando
1044 1288 1363 1353 infirmam
1402 1301 1469 1353 et
1506 1289 1617 1354 vix
1651 1288 2096 1354 cohaerentem
2133 1311 2269 1354 me-

149 1366 320 1432 diam
363 1372 583 1437 aciem
622 1373 946 1439 haberent.
1037 1374 1333 1440 Paullum
1372 1388 1508 1440 erat
1548 1376 1628 1441 ab
1666 1375 1893 1439 dextra
1929 1374 2088 1439 editi
2121 1374 2268 1453 loci,

152 1475 344 1538 quem
372 1458 777 1525 subsidiariis
804 1461 1035 1549 repleri
1108 1461 1337 1538 lacuit3
1384 1484 1588 1547 eaque
1618 1484 1738 1539 rea,
1769 1473 1843 1526 ut
1869 1461 2125 1526 initium
2153 1484 2268 1549 pa-

108 1541 315 1605 moris
344 1566 422 1608 ac
462 1544 683 1633 fugae,
714 1547 805 1611 sic
834 1571 965 1613 una
1002 1484 1167 1613 anfus
1196 1548 1587 1647 fugientibus
1625 1548 1765 1613 fuit.
1857 1546 2034 1612 Nam
2065 1546 2266 1612 Bren-

152 1647 289 1725 qus,
320 1632 597 1718 regulus
632 1631 983 1711 Gallorum,
1013 1635 1083 1699 in
1104 1647 1420 1722 paucitate
1451 1634 1730 1699 hostium
1759 1648 1958 1699 artem
1991 1634 2267 1700 maxime

156 1724 407 1815 timens,
470 1732 653 1785 ratus
710 1720 797 1784 ad
850 1720 921 1785 id
972 1734 1231 1808 captum
1280 1722 1672 1809 superiorem
1730 1721 1961 1799 locum,
2017 1734 2108 1801 ut,
2157 1720 2270 1786 ubi

159 1796 331 1900 Galli
366 1826 525 1869 cum
558 1806 697 1871 acie
725 1805 1049 1893 legionum
1088 1820 1263 1873 recta
1288 1808 1495 1872 fronte
1527 1808 2090 1885 concucurrissent,
2119 1809 2270 1873 sub-

158 1884 317 1983 sldla
343 1889 417 1953 in
447 1914 705 1957 aversos
734 1904 1243 1981 transversosque
1273 1894 1590 1981 impetum,
1613 1895 1856 1971 darent,
1889 1895 1972 1960 ad
1999 1893 2271 1959 subsidi-

158 1992 319 2071 anos
354 1975 549 2063 signa
589 1980 935 2045 convertit:
984 1981 1037 2044 si
1071 2002 1179 2045 eos
1217 1980 1357 2045 loco
1391 1979 1757 2068 depulisset,
1800 1980 1974 2045 haud
2017 1981 2269 2059 dubius,
2313 2044 2325 2047 -

160 2056 411 2155 facilem
441 2064 517 2128 in
556 2088 633 2130 ae
680 2088 764 2130 uo
794 2066 1003 2154 campi
1032 2079 1279 2132 tantum
1310 2089 1383 2131 su
1466 2067 1632 2131 ranti
1652 2066 2047 2132 multitudini
2075 2067 2274 2133 victo-

161 2164 317 2209 riam
356 2148 499 2248 fore
521 2176 541 2217 z
590 2088 751 2218 adeo
790 2175 923 2217 non
964 2153 1219 2218 fortuna
1262 2174 1325 2216 m
1410 2177 1470 2230 0,
1513 2154 1626 2217 sed
1669 2152 1829 2217 ratio
1871 2152 2083 2230 etiam,
2125 2175 2274 2217 cum

164 2228 444 2299 barbaris
486 2238 711 2303 stabat.
803 2237 884 2303 In
924 2238 1121 2304 altera
1148 2240 1283 2304 acie
1332 2239 1495 2303 nihil
1535 2238 1737 2303 simile
1781 2238 2108 2315 RomaniS,
2139 2262 2272 2303 non

167 2318 337 2400 apud
375 2321 601 2401 duces,
633 2346 764 2389 non
804 2324 976 2412 apud
1016 2324 1247 2390 milites
1276 2337 1428 2390 erat.
1522 2325 1730 2391 Pavor
1957 2346 2038 2389 ue
2081 2346 2272 2390 occu-

166 2420 424 2484 paverat
466 2411 735 2488 animos,
776 2428 842 2477 et
880 2424 1057 2477 tanta
1094 2412 1382 2476 omnium
1423 2411 1680 2488 oblivio,
1716 2424 1790 2475 ut
1827 2432 1891 2474 m
1964 2422 2029 2474 to
2071 2410 2273 2475 maior

170 2507 309 2571 pars
340 2492 565 2575 Veios,
596 2497 663 2561 in
693 2498 971 2563 hostium
999 2498 1243 2574 urbem,
1276 2520 1475 2583 quum
1507 2496 1758 2561 Tiberis
1787 2509 2044 2573 arceret,
2077 2518 2266 2582 quam

114 2604 127 2617 ·
172 2589 339 2641 recto
366 2580 603 2648 itinere
638 2584 912 2650 Romam
940 2583 1023 2648 ad
1052 2584 1355 2669 coniuges
1384 2606 1457 2648 ac
1484 2582 1716 2648 liberos
1743 2582 2055 2669 fugerent.
2147 2581 2274 2646 Pa·
2288 2590 2474 2655 Turpis
2497 2593 2598 2641 Ro-

130 2683 158 2731 3
176 2678 431 2751 rumper
455 2669 861 2735 subsidiarios
890 2682 1129 2735 tutatus
1158 2681 1255 2735 est
1291 2668 1500 2734 locust
1550 2669 1620 2732 in
1648 2668 1894 2756 reliqua
1920 2668 2054 2733 acie
2086 2669 2274 2734 simul
2287 2671 2544 2769 {annorum

175 2760 268 2842 §est
312 2751 572 2833 clamor,
618 2756 923 2843 proximis
965 2758 1045 2821 ab
1087 2756 1303 2833 latere,
1350 2755 1590 2821 ultimis
1634 2756 1712 2820 ab
1757 2768 1954 2843 tergo,
2000 2754 2272 2833 auditus,

178 2852 466 2918 ignotum
497 2841 743 2907 hostem
772 2842 947 2930 prius
974 2865 1177 2930 paene
1196 2864 1389 2930 quam
1418 2842 1729 2921 viderent,
1760 2865 1892 2907 non
1921 2841 2112 2907 modo
2142 2865 2273 2907 non

180 2930 418 2991 tentato
454 2930 821 3007 certamine,
852 2930 964 2995 sed
1001 2952 1083 2993 ne
1124 2929 1396 2995 clamore
1437 2929 1699 3016 quidem
1739 2928 2010 3006 redditu,
2041 2928 2274 3017 integri

180 3120 319 3176 efflet,
348 3136 519 3183 quum,
550 3130 607 3171 ut
650 3128 813 3171 noster
853 3121 962 3172 infr.
1000 3122 1079 3173 vii.
1114 3124 1190 3173 28.

182 3182 307 3258 (190ξί
320 3199 413 3244 per
433 3202 635 3247 maynoe
650 3189 889 3235 tumultus
906 3189 1039 3247 solet,
1054 3189 1191 3237 iusti-

185 3248 249 3290 ειο
268 3249 465 3309 maiolo,
486 3252 695 3299 delectus
722 3253 830 3300 sine
860 3254 1195 3300 vacationibus

184 3304 375 3360 habitus
395 3321 533 3363 esset.
576 3315 637 3362 cf.
662 3314 770 3363 infr.
796 3314 875 3364 vii.
899 3330 947 3379 9.

1327 3139 1346 3172 1
1384 3124 1676 3183 Diducimu]
1728 3124 1811 3171 Ita
1837 3122 2048 3171 Bekker.
2079 3122 2166 3170 sed
2194 3122 2272 3171 do·

1256 3190 1451 3236 ductam
1492 3189 1604 3236 edd.
1644 3188 1905 3248 quaedam,
1941 3186 1974 3233 i.
2010 3200 2054 3233 e.
2098 3200 2273 3247 parum

1258 3252 1458 3299 densam
1492 3252 1544 3298 in
1572 3249 1926 3311 longitudinem
1950 3254 2202 3296 extensam
2224 3255 2276 3296 et

1257 3314 1393 3375 quasi
1436 3318 1770 3362 extenuatam.
1845 3312 1964 3367 Quo
2002 3326 2146 3359 sensu
2175 3314 2276 3373 fila

254 3372 284 3418 8
322 3378 488 3437 Allia]
539 3380 661 3426 Alia
703 3378 974 3441 antiquitus
1012 3378 1195 3441 scripta

189 3440 315 3511 ἐπὶ]
346 3455 409 3488 ex
444 3442 639 3490 officina
666 3442 937 3504 virgiliana
970 3442 1193 3504 provenit

188 3499 333 3573 fillum
369 3505 431 3554 cf.
448 3507 570 3553 Aen.
585 3506 665 3555 vii.
684 3518 790 3568 717.
833 3524 951 3569 quos
971 3508 1193 3567 irqsaueta

189 3566 407 3636 tates-luit
428 3571 567 3617 Allia
586 3586 774 3620 nomen.
819 3572 940 3618 Alia
962 3574 1193 3621 etAlien-

190 3639 254 3734 {⁸⁸
288 3633 465 3690 passim
500 3632 553 3681 in
586 3640 779 3683 textum
814 3634 1033 3697 reposuit
1064 3636 1193 3683 Bek-

226 3705 286 3740 er.

250 3770 285 3832 Q
310 3761 412 3823 Ibi]
440 3762 721 3824 Pugnatum
743 3768 817 3811 cst
832 3763 1066 3823 postridie
1076 3763 1199 3811 Idus

197 3819 577 3894 ‘homiliarius
590 3826 671 3875 die
692 3842 771 3875 xv.
786 3832 886 3875 ant.
904 3827 1023 3875 Kal.
1042 3826 1197 3875 Sexti-

197 3879 393 3954 leainfiz
410 3890 471 3937 vi.
493 3906 533 3939 1.
577 3890 681 3939 Hic
703 3906 817 3939 vero
839 3890 945 3938 dies
964 3890 1096 3938 idem
1113 3888 1197 3951 qui

196 3945 293 3995 dies
312 3952 424 4002 xvii.
450 3960 567 4003 ante
602 3954 721 4003 Kal.
756 3954 971 4013 Sextilis,
998 3954 1199 4016 quippe,

199 4015 425 4081 niensium
459 4018 631 4067 diebus
662 4034 695 4067 a
727 4018 859 4067 Iulio
885 4019 1094 4067 Caesare
1126 4032 1199 4065 or-

199 4071 305 4125 dine
334 4096 459 4129 novo
491 4082 705 4144 digestis,
734 4083 831 4131 duo
863 4082 1063 4145 insuper
1093 4081 1200 4130 dies

200 4134 351 4209 ‘Mensi
372 4144 616 4201 quinctili
642 4146 797 4195 additi
828 4151 955 4196 sunt.
991 4146 1042 4194 N
1045 4146 1197 4194 iebhr.

201 4214 245 4249 u.
274 4220 318 4254 n.
347 4222 481 4273 1179.
516 4212 579 4259 A.
602 4210 735 4259 Gen.
762 4226 805 4261 v.
832 4223 905 4273 17.
942 4210 1199 4259 Wachsm.

202 4277 248 4323 P·
279 4286 381 4329 422.
418 4289 471 4323 n.
508 4289 585 4337 43.
627 4274 669 4323 F
672 4282 759 4324 est.
800 4290 845 4323 v.
880 4276 1113 4337 Reliyiosi
1150 4278 1201 4323 et

198 4330 462 4390 Nonarum.

1258 3377 1436 3426 deduci
1469 3378 1576 3425 vult
1610 3375 1998 3433 Drakenborch„
2025 3390 2180 3437 quum
2213 3391 2276 3425 ex

1258 3442 1366 3491 colo
1389 3442 1622 3503 decerpta
1642 3440 1758 3487 lana
1778 3440 2014 3487 formatur
2045 3438 2096 3487 in
2130 3440 2276 3501 longa

1258 3522 1316 3554 ac
1345 3506 1516 3553 tenuia
1540 3505 1640 3552 fila.
1707 3504 1805 3551 Sed
1829 3504 2057 3551 diducere
2087 3519 2278 3551 cornua

1258 3586 1347 3632 pro
1368 3569 1419 3617 in
1442 3571 1638 3630 lorcyum
1659 3568 1932 3624 extendere,
1946 3572 2109 3615 noster
2125 3566 2272 3615 etiam

1259 3633 1405 3693 dixit,
1436 3632 1546 3681 infr.
1574 3630 1740 3679 xxviii.
1769 3646 1841 3691 14·
1875 3630 2008 3678 xxxi.
2041 3646 2118 3681 21.
2152 3630 2273 3681 Tac.

1261 3697 1421 3760 Agric.
1447 3710 1524 3759 35.

1328 3777 1355 3809 2
1391 3762 1648 3821 Brennus]
1686 3759 1928 3822 Adelung.
1947 3759 2277 3819 Mithridates,

1262 3825 1313 3875 ii.
1338 3841 1386 3888 p.
1410 3841 1485 3890 49.
1509 3826 1704 3875 Brenin
1737 3824 1903 3887 lingua
1925 3824 2172 3873 Cimbrica
2201 3840 2277 3874 re-

1256 3907 1366 3953 yem
1405 3888 1566 3937 vocari
1605 3888 1756 3937 dicit:
1807 3888 2029 3937 similiter
2067 3888 2278 3946 Galatis,

1262 3955 1363 4003 sive
1396 3953 1656 4003 Cimbricis
1689 3953 1918 4014 Delphos
1952 3950 2276 4013 oppugnanti-

1263 4020 1371 4078 bus,
1386 4020 1620 4067 Brennus
1640 4018 1742 4065 dux
1757 4016 2038 4078 appellatur
2057 4030 2136 4077 ap.
2153 4014 2274 4062 Dio-

1262 4084 1363 4131 dor.
1389 4098 1433 4130 v.
1458 4096 1535 4130 22.

1331 4161 1359 4208 3
1381 4147 1552 4210 *Simul
1579 4152 1650 4194 est
1681 4144 1886 4201 clamor]
1939 4141 2098 4189 Simul
2131 4144 2281 4200 atque

1264 4211 1528 4258 clamorem
1552 4208 1690 4270 quasi
1722 4208 1785 4253 ab
1819 4206 1970 4253 latere
2003 4204 2278 4251 venientem

1265 4274 1493 4335 proximi,
1535 4270 1674 4334 quasi
1719 4271 1781 4316 ab
1823 4272 1960 4329 tergo
2004 4266 2281 4315 venientem

1266 4336 1429 4386 ultimi
1450 4348 1701 4396 accepere.
1733 4332 1895 4379 Cazv.
