3000 4784
880 226 1075 293 LIB.
1124 224 1247 293 IX.
1314 225 1540 293 CAP.
1586 232 1690 293 31.
2203 232 2330 293 535

162 361 588 431 Bovianum
616 362 865 429 ductus.
938 362 1159 451 Caput
1185 363 1309 431 hoc
1338 378 1475 429 erat
1505 364 1890 430 Pentrorum
1923 362 2326 443 Samnitium,
2349 376 2418 427 U.
2441 376 2500 427 c.
2523 389 2640 439 443.

162 451 415 539 longe
436 450 821 515 ditissimum
849 462 1045 539 atque
1074 449 1626 537 opulentissimum
1653 451 1844 515 armis
1864 451 2160 539 virisque.
2223 441 2408 519 Ibis*-
2439 442 2500 493 0·
2525 456 2646 507 ³⁰9·

165 536 377 625 quia
403 536 581 601 haud
610 546 861 601 tantum
888 536 1123 601 irarum
1154 550 1307 614 erat,
1337 559 1449 625 spe
1476 537 1751 624 praedae
1787 536 2022 602 milites
2055 538 2328 617 accensi,

168 622 463 710 oppido
506 622 857 709 potiuntur.
951 621 1174 687 Minus
1216 623 1433 709 itaque
1476 622 1784 688 saevitum
1824 624 1896 688 in
1934 622 2148 689 hostes
2189 638 2324 690 este

168 708 495 795 praedae
560 707 705 859 ἔξω
766 728 995 797 paene,
1056 729 1251 795 quam
1310 730 1393 773 ex
1452 709 1629 773 omni
1693 708 1954 774 Samnio
2019 732 2326 797 unquam,

172 808 531 881 egestum,
644 795 967 881 nigneque
996 796 1203 859 omnis
1238 794 1425 859 militi
1460 817 1774 861 concessa.
1867 795 1956 859 Et
1989 809 2326 883 postquam

172 893 703 969 praepotentem
746 881 937 945 armis
974 878 1337 945 Romanum
1382 903 1505 945 nec
1547 882 1714 946 acies
1756 882 2092 947 subsistere
2135 882 2326 961 ullae,

174 990 345 1031 nec
402 980 621 1043 castra,
672 988 795 1032 nec
854 966 1041 1031 urbes
1092 978 1427 1053 poterant3
1488 968 1778 1031 omnium
1836 968 2198 1055 principum
2256 971 2330 1035 in

188 1052 493 1119 Samnio
538 1076 619 1117 eo
670 1074 859 1117 curae
916 1065 1069 1117 sunt
1124 1054 1430 1130 intentae,
1482 1065 1557 1116 ut
1613 1052 1860 1117 insidiis
1917 1068 2330 1140 quaereretur

182 1138 421 1217 locus,
450 1139 505 1203 si
534 1162 663 1225 qua
687 1138 949 1203 licentia
1060 1138 1341 1225 pulando
1382 1138 1620 1203 effusus
1657 1138 1973 1203 exercitus
2011 1140 2154 1205 exci
2199 1141 2221 1205 i
2251 1164 2326 1207 ac

184 1224 669 1291 circumveniri
688 1238 915 1312 posset.
1047 1225 1377 1311 ransfugae
1400 1236 1676 1311 agrestes
1697 1238 1764 1289 et
1785 1225 2018 1313 captivi
2040 1162 2326 1312 quigam,

185 1334 367 1399 pars
415 1311 597 1390 forte,
642 1334 787 1398 pars
830 1310 1095 1376 consilio
1140 1310 1355 1388 oblati,
1404 1310 1824 1397 congruentia
1872 1310 1956 1375 ad
1998 1311 2328 1377 consulem

188 1398 576 1475 afferentes,
624 1420 789 1484 quae
841 1408 909 1461 et
953 1418 1104 1461 vera
1152 1409 1354 1475 erant,
1402 1397 1649 1483 pecoris
1694 1397 1824 1461 vim
1873 1397 2202 1484 ingentem
2253 1398 2326 1463 in

189 1483 457 1549 saltum
496 1483 707 1549 avium
746 1481 1139 1569 compulsam
1178 1506 1335 1561 esse,
1370 1481 1808 1569 perpulerunt,
1839 1495 1912 1547 ut
1949 1483 2326 1571 praedatum

124 1594 171 1641 4
196 1593 303 1635 eo
362 1569 697 1657 expeditae
755 1569 1140 1634 ducerentur
1195 1567 1495 1655 legiones.
1605 1568 1707 1633 Ibi
1765 1570 1990 1656 ingens
2047 1570 2328 1635 hostium

196 1656 543 1721 exercitus
584 1656 815 1720 itinera
856 1654 1143 1721 occultus
1184 1655 1522 1731 insederat,
1560 1667 1645 1732 et,
1681 1668 2018 1743 postqu
2061 1657 2326 1723 intrasse

200 1742 555 1808 Romanos
598 1741 761 1806 vidit
804 1740 1054 1819 saltum,
1102 1764 1171 1806 re
1256 1752 1367 1807 nte
1420 1753 1678 1807 exortus
1729 1764 1876 1807 cum
1927 1741 2200 1808 clamore
2252 1766 2328 1809 ac

200 1828 507 1893 tumultu
532 1828 821 1893 incautos
848 1827 1109 1893 invadit.
1235 1840 1262 1892 t
1288 1828 1496 1914 primo
1525 1850 1692 1893 nova
1717 1850 1818 1895 res
1839 1828 2332 1917 trepidationem

202 1915 397 1991 fecit,
436 1915 594 1979 dum
640 1936 815 1979 arma
860 1914 1141 2001 capiunt,
1182 1916 1457 1979 sarcinas
1493 1927 1852 2001 congerunt
1887 1916 1960 1979 in
1999 1915 2324 1981 mediumx

206 2000 398 2078 dein,
428 2013 784 2088 postquam,
814 2012 891 2065 ut
918 1999 1024 2087 qu‘
1106 2022 1189 2063 ue
1217 1999 1592 2065 liberaverat
1624 2022 1690 2065 se
1727 2024 1942 2079 onere,
1974 2014 2329 2101 aptaverat·

209 2109 355 2174 que
384 2087 593 2165 armis,
623 2086 709 2150 ad
745 2087 927 2173 signa
966 2022 1251 2171 uffique
1280 2087 1556 2162 coibant,
1587 2097 1655 2149 et
1693 2088 1862 2151 notis
1895 2087 2226 2152 ordmibus
2259 2088 2330 2151 in

208 2184 439 2239 vetere
490 2172 647 2239 disci
694 2172 827 2237 lina
873 2171 1157 2249 militiae,
1212 2172 1339 2235 iam
1391 2171 1528 2235 sine
1581 2184 1924 2271 praecepto
1974 2172 2164 2237 ullius
2214 2196 2330 2238 sua

210 2272 451 2346 sponte
480 2271 653 2325 strue
696 2272 839 2324 atur
865 2258 1049 2335 acies,
1082 2256 1323 2335 consul,
1354 2256 1431 2321 ad
1470 2256 1818 2344 anclpitem
1855 2258 2130 2323 maxime
2163 2281 2332 2347 pug-

211 2368 379 2409 nam
405 2345 727 2422 advectus,
758 2343 971 2409 desilit
1002 2366 1087 2409 ex
1120 2366 1309 2431 equ0‚
1340 2355 1408 2409 et
1436 2342 1658 2408 Iovem
1688 2342 2096 2445 Martemque
2132 2358 2328 2433 atque

212 2430 383 2497 alios
427 2443 699 2508 testatur
742 2430 917 2508 deos,
972 2438 991 2469 ‘
1013 2452 1101 2508 se,
1150 2429 1393 2495 nullam
1448 2450 1628 2495 suam
1677 2429 1944 2579 §loriam
1993 2429 2166 2508 mde,
2214 2431 2330 2497 sed

216 2525 243 2559 ⁶
264 2516 569 2605 praedam
626 2516 815 2581 militi
864 2528 1295 2604 quaerentem,
1348 2515 1421 2581 in
1475 2538 1626 2580 eum
1707 2538 1898 2581 ocum
1954 2515 2282 2582 devenisse
2305 2541 2326 2583 τ

216 2612 243 2643 ‘
264 2625 483 2690 neque
516 2604 587 2667 in
620 2626 689 2668 se
719 2602 912 2681 aliud,
944 2624 1140 2689 quam
1175 2602 1439 2668 nimiam
1478 2601 1728 2667 ditandi
1767 2624 1850 2666 ex
1888 2602 2072 2667 hoste
2113 2602 2332 2669 militis

218 2698 244 2729 ‘
262 2712 506 2768 curm,
535 2688 918 2777 reprehendi
946 2710 1149 2776 posse.
1232 2688 1342 2752 Ab
1372 2710 1451 2753 eo
1479 2710 1548 2753 se
1578 2687 1890 2753 dedecore
1922 2688 2164 2754 nullam
2191 2710 2328 2754 rem

218 2784 243 2821 ⁴
264 2774 479 2853 aliam,
530 2798 725 2863 quam
770 2775 1077 2841 virtutem
1124 2774 1422 2852 militum,
1472 2771 1972 2839 vindicaturam:
2038 2776 2330 2841 connite-

220 2870 246 2901 ‘
264 2876 494 2927 rentur
528 2861 723 2927 modo
762 2884 895 2927 uno
932 2861 1145 2926 animo
1188 2883 1411 2926 omnes
1448 2858 1748 2925 invadere
1788 2861 2058 2940 hostem,
2088 2861 2330 2927 victum

222 2956 245 2987 ‘
266 2948 431 3027 acie,
482 2948 701 3013 castris
758 2960 1046 3024 exutum,
1098 2947 1415 3012 nudatum
1470 2946 1756 3026 urbibus,
1809 2946 2100 3015 ultimam
2149 2970 2330 3035 spem

222 3043 245 3075 ‘
264 3034 441 3099 furto
456 3034 825 3099 insidiarum
846 3046 1219 3110 tentantem,
1242 3045 1311 3098 et
1330 3033 1491 3110 loco,
1512 3055 1646 3099 non
1667 3034 1874 3112 armis,
1893 3034 2146 3100 fletum.
2198 3034 2330 3101 Sed

224 3130 245 3161 ‘
270 3142 469 3207 quem
498 3142 633 3186 esse
672 3121 801 3185 iam
830 3120 1049 3185 virtuti
1084 3118 1413 3184 Romanae
1444 3120 2008 3219 inexpugnabilem
2041 3121 2254 3185 locum
2271 3122 2328 3183 ‘1²'

220 3206 602 3294 Fregellana
628 3228 761 3283 arx,
796 3205 1183 3292 Soranaque,
1213 3218 1283 3269 et
1308 3205 1676 3291 ubicunque
1705 3206 1930 3291 miquo
1969 3227 2332 3270 successum

223 3306 367 3359 erat
387 3292 548 3370 loco,
578 3292 1106 3357 memorabantur.
1179 3290 1305 3355 His
1330 3312 1634 3355 accensus
1661 3290 1861 3366 miles,
1891 3290 2180 3355 omnium
2209 3290 2332 3355 im-

223 3401 473 3444 memor
498 3379 989 3455 difficultatinm,
1018 3376 1195 3441 vadit
1231 3375 1530 3441 adversus
1568 3376 2008 3440 imminentem
2049 3376 2332 3441 hostium

224 3465 449 3531 aciem.
538 3463 641 3530 Ibi
668 3464 954 3552 paullum
987 3463 1216 3529 laboris
1242 3462 1383 3540 fuit,
1414 3460 1572 3526 dum
1612 3462 1682 3525 in
1721 3460 2054 3527 adversum
2093 3462 2328 3527 clivum

224 3551 497 3639 erigitur
524 3572 793 3639 agmen:
842 3564 1145 3627 ceterum,
1176 3562 1516 3637 postquam
1543 3547 1752 3635 prima
1784 3548 1965 3635 signa
1998 3548 2328 3636 planitiem

225 3659 543 3703 summam
581 3650 909 3724 ceperunt,
938 3636 1262 3722 sensitque
1303 3635 1469 3699 acies
1509 3657 1716 3735 aequo
1755 3656 1823 3699 se
1863 3633 1990 3699 iam
2029 3636 2330 3703 institisse

226 3724 391 3801 loco,
421 3746 639 3789 versus
666 3722 989 3809 extemplo
1018 3735 1115 3787 est
1150 3735 1352 3787 terror
1390 3721 1460 3785 in
1497 3720 1916 3799 insidiatores,
1947 3722 2331 3825 easdemque

227 3810 518 3888 latebras,
550 3810 783 3897 quibus
828 3832 893 3874 se
941 3807 1155 3896 paullo
1202 3820 1349 3873 ante
1401 3819 1712 3886 texerant,
1751 3808 1947 3897 palati
1993 3823 2186 3897 atque
2231 3833 2334 3875 m-

229 3918 439 3961 ermes
482 3896 637 3983 fuga
678 3918 747 3961 re
794 3896 1090 3960 etebant:
1138 3894 1251 3959 sed
1293 3893 1434 3960 loca
1472 3894 1771 3973 difficilia,
1817 3895 1984 3961 hosti
2027 3896 2330 3983 quaesita,

180 3998 212 4051 5
230 3984 403 4071 ipsos
436 3994 575 4048 tum
609 4004 725 4048 sua
846 3982 971 4047 ude
1006 3981 1459 4069 impediebant.
1551 3980 1780 4069 Itaque
1817 4004 1967 4069 ergo
2001 3982 2334 4068 perpaucis

312 4225 345 4268 4
384 4210 467 4257 Ibi
508 4210 683 4271 inqem
724 4208 931 4258 hostium
981 4208 1249 4267 exercitus]
1316 4208 1626 4257 afficerentur
1648 4204 1880 4255 Romani.

234 4274 401 4337 Prope
424 4272 570 4335 afuit,
590 4277 649 4322 ut
676 4273 818 4321 clade
849 4272 1007 4321 altera
1026 4270 1255 4323 Caudina
1385 4282 1413 4332 5
1445 4272 1624 4333 Itaque
1645 4272 1784 4331 erpo]
1821 4268 1883 4319 cf.
1905 4266 1937 4317 i.
1963 4280 2040 4332 τε.
