3000 4784
472 607 604 704 T.
698 610 1120 710 LIVII
1210 612 2001 716 PATAVINI

842 884 1365 986 LIBER
1462 904 1632 989 III.

1042 1161 1437 1201 ——4-.

184 1383 573 1532 ANTIO
604 1408 683 1453 ca
727 1400 812 1464 to,
837 1388 942 1453 Ti.
965 1387 1287 1453 Aemilius
1316 1399 1385 1452 et
1412 1386 1495 1462 Q.
1523 1385 1758 1452 Fabius
1787 1388 2078 1454 consules
2106 1389 2288 1455 fiunt.
2311 1403 2380 1455 U.
2403 1406 2462 1457 c.
2487 1406 2595 1469 287.

142 1478 161 1511 ¹
350 1470 489 1537 Hic
520 1487 668 1538 erat
748 1474 928 1538 abius
961 1472 1265 1551 Quium,
1297 1474 1410 1561 qui
1440 1496 1608 1538 unus
1635 1474 1986 1539 exstinctae
2015 1474 2099 1540 ad
2133 1474 2294 1541 Cre-
2312 1472 2371 1547 A.
2406 1473 2465 1522 c·
2489 1468 2600 1549 ⁴⁶.·‘›.·

180 1575 414 1620 meram
444 1560 639 1647 genti
676 1560 1086 1646 superfuerat.
1178 1558 1319 1623 Iam
1354 1559 1563 1647 priore
1603 1560 1936 1625 consulatu
1975 1561 2293 1627 Aemilius
2310 1536 2387 1651 ⁷1¹}
2404 1536 2619 1659 &ui-{2⁰

183 1638 373 1705 dandi
422 1646 567 1731 agri
614 1644 789 1745 plebi
842 1646 1048 1710 fuerat
1098 1658 1335 1710 auctor.
1424 1644 1652 1732 Itaque
1706 1647 1988 1711 secundo
2035 1670 2290 1735 quoque
2308 1664 2390 1715 bio
2413 1666 2549 1717 com.

140 1744 166 1777 α
184 1728 513 1793 consulatu
566 1754 712 1796 ems
764 1744 831 1795 et
880 1732 1107 1818 agrarii
1154 1752 1219 1796 se
1273 1730 1342 1795 in
1392 1754 1571 1819 spem
1622 1731 1781 1819 legis
1823 1748 2176 1811 erexerant,
2227 1748 2294 1799 et

181 1812 416 1878 tribuni
441 1838 610 1894 rem,
636 1830 859 1899 contra
878 1817 1168 1882 consules
1190 1840 1376 1904 saepe
1401 1830 1730 1895 tentatam,
1755 1818 2042 1885 adiutore
2064 1820 2157 1885 uti
2207 1842 2290 1885 ue

184 1900 457 1978 consule,
491 1904 775 1968 obtineri
812 1926 995 1990 posse
1036 1903 1176 1980 rati,
1209 1904 1596 1990 suscipiunt3
1643 1918 1710 1969 et
1737 1905 1960 1969 consul
1997 1928 2182 1971 mane
2227 1920 2294 1971 at

143 1988 169 2035 3
184 1980 248 2045 in
286 1989 615 2053 sententia
652 2012 782 2053 sua.
875 1988 1272 2053 Possessores
1301 2003 1368 2053 et
1408 2011 1638 2076 magna
1675 2012 1820 2076 pars
1863 1990 2148 2068 Patrum‚
2181 1993 2292 2057 tri-

144 2067 451 2137 4buniciis
493 2097 565 2138 se
611 2075 843 2139 iactare
885 2075 1237 2139 actionibus
1276 2075 1632 2174 principem
1674 2076 1962 2154 civitatis,
2001 2090 2068 2141 et
2103 2076 2294 2163 largi-

186 2155 348 2220 endo
387 2158 471 2223 de
516 2159 733 2225 alieno
776 2160 1149 2248 popularem
1177 2161 1317 2224 fieri
1357 2174 1718 2246 querentes,
1751 2162 1946 2226 totius
1984 2162 2292 2229 invidiam

190 2240 277 2303 rei
326 2265 365 2307 a
412 2246 697 2311 tribunis
746 2246 815 2310 in
868 2245 1195 2310 consulem
1246 2258 1619 2311 averterant.
1705 2246 1921 2319 ,Atrox
1968 2262 2291 2313 certamen

188 2325 413 2407 aderat,
460 2332 535 2395 ni
582 2330 816 2396 Fabius
858 2331 1123 2397 consilio
1166 2332 1379 2396 neutri
1430 2332 1595 2418 parti
1641 2333 1870 2398 acerbo
1915 2354 2050 2397 rem
2093 2356 2291 2421 expe-

191 2408 393 2478 disset.
472 2416 557 2482 T.
592 2416 887 2492 Quinctii
913 2417 1117 2481 ductu
1143 2430 1211 2480 et
1240 2417 1522 2502 auspicio
1545 2418 1680 2503 agri
1703 2420 1873 2504 capti
1889 2419 2098 2506 priore
2121 2442 2290 2483 anno

191 2494 587 2584 aliquantum
632 2526 671 2568 a
713 2502 965 2569 Volscis
1009 2524 1181 2568 esse:
1231 2501 1529 2578 Antium,
1567 2524 1684 2588 pro
1729 2503 2011 2603 inquam,
2057 2526 2292 2604 oppor-

152 2592 423 2664 5tunam,
468 2604 539 2653 et
586 2588 966 2653 maritimam
1008 2589 1253 2664 urbem,
1292 2586 1608 2651 coloniam

194 2666 321 2764 §ine
350 2674 635 2759 querelis

1697 2588 1886 2653 educl
1928 2610 2110 2675 posse
2131 2614 2146 2653 :
2203 2603 2294 2654 ita

934 2696 1078 2738 rum
1106 2671 1361 2760 plebem
1390 2671 1459 2735 in
1489 2694 1673 2759 agros
1695 2673 1946 2753 ituram,
1971 2674 2292 2739 civitatem

192 2773 256 2816 111
282 2760 629 2827 concordia
651 2696 806 2825 iore.
900 2758 1085 2825 Haec
1112 2757 1431 2825 sententia
1468 2771 1734 2849 accepta
1759 2773 1873 2825 est.
1965 2758 2291 2825 Triumvi-

258 3006 279 3039 1
314 2994 414 3045 11·ae
444 3005 560 3047 erat
590 2998 777 3047 Fabius
808 2998 1048 3057 Quinem]
1100 2995 1207 3053 Qui

196 3053 384 3127 quidem
415 3076 613 3124 pugnae
635 3059 965 3112 Cramer-ensis
985 3065 1207 3123 tempore

196 3116 347 3188 §hctus
368 3129 443 3172 est
467 3141 627 3188 prope
653 3126 888 3187 puberem
909 3130 1113 3173 aetatem
1133 3124 1207 3171 fu—

195 3193 295 3231 me-
350 3186 453 3235 Hic
474 3194 647 3236 autem
669 3202 827 3236 annua
846 3189 911 3235 ab
932 3187 1021 3235 illa
1042 3202 1209 3249 pugna

198 3246 475 3299 undecimus
532 3251 705 3315 agitur.
796 3251 947 3300 Unde
1000 3256 1208 3312 apparet

199 3304 397 3380 Ifabium
420 3318 598 3377 quarto
618 3315 719 3363 fere
741 3320 792 3363 et
814 3314 1043 3362 vicesimo
1076 3318 1206 3361 aeta-

199 3374 259 3417 tu
276 3388 401 3424 auno
421 3379 676 3427 consulem
700 3378 884 3426 factum
907 3390 1041 3425 esset
1076 3376 1209 3438 quod

202 3438 250 3480 et
270 3436 465 3490 Valerio
490 3442 651 3492 Corvo
684 3440 941 3503 contigisse
972 3454 1209 3488 memora-

202 3496 323 3568 bitur
342 3503 449 3554 infr.
470 3505 553 3553 vii.
578 3501 656 3554 26.
689 3506 850 3555 (Συ-ιν.
907 3502 1213 3553 Niebuhrius

202 3558 1211 3693 msaasszbffiama

205 3699 323 3751 rum,
336 3701 507 3743 contra
524 3700 721 3757 gentem
739 3710 897 3753 suam,
908 3694 1085 3742 favisse
1101 3708 1211 3741 een-

206 3756 287 3822 }et.
324 3756 669 3807 Wachsmuth.
692 3764 859 3807 autem
877 3774 926 3819 p.
948 3772 1055 3821 391.
1069 3756 1213 3805 illum

209 3826 271 3889 m·
296 3821 410 3869 urbe
452 3822 535 3871 die
572 3822 877 3871 Cremerensi
914 3821 1079 3878 filinae,
1116 3835 1213 3881 quo

210 3888 361 3930 mnus
390 3886 423 3911 “
436 3886 741 3935 Sacrificium
780 3885 905 3933 illud
942 3888 1125 3931 statum
1162 3883 1215 3931 in

214 3938 448 3996 Quirinali
488 3950 617 3997 colle
650 3948 818 4011 'gentis
850 3948 1070 3996 Fabiae”
1108 3946 1215 3995 Liv.

216 4015 257 4051 V·
288 4007 361 4066 46.
392 4012 728 4075 negligeretur.
796 4012 1009 4073 Utrique
1048 4010 1215 4072 displi-

216 4074 321 4116 cent
335 4076 529 4123 omnino
540 4090 706 4124 merae
716 4074 835 4123 illae
846 4088 1005 4136 nugae
1017 4075 1051 4100 “
1063 4088 1217 4137 prope

216 4132 435 4189 puberem
464 4145 676 4187 aetatem
698 4138 897 4187 fuisse?
929 4138 989 4185 οἱ
1012 4152 1143 4199 supr.
1166 4136 1215 4184 ii.

224 4206 298 4255 49,
318 4210 390 4258 50.
454 4203 633 4264 Neque
670 4216 853 4251 novum
884 4200 1037 4250 videri
1073 4201 1220 4248 debet

220 4268 387 4309 nomen
414 4265 717 4327 praenomini
747 4262 991 4327 postponi.
1026 4264 1087 4313 cs.
1110 4264 1219 4314 infr.

224 4332 295 4382 ²9.
336 4327 595 4379 Menenius
616 4332 864 4391 Δρῆρρα,
883 4343 1015 4389 supr.
1038 4327 1087 4376 ii.
1112 4342 1188 4389 32.

1337 3012 1365 3046 α
1400 2998 1633 3060 Amat-ii]
1677 2996 1782 3054 Qui
1803 3010 1943 3061 agros
1962 2994 2186 3059 accipere
2208 3012 2288 3047 eu·

1271 3058 1486 3123 piebant.
1506 3060 1567 3110 cf.
1576 3061 1680 3110 Cic.
1689 3059 1742 3109 in
1749 3060 1860 3111 Cat.
1869 3061 1932 3109 iv.
1943 3072 1987 3110 α.
2011 3060 2142 3110 Phil.
2153 3061 2234 3111 vii.
2242 3060 2289 3112 6.

1338 3138 1367 3187 3
1398 3126 1702 3177 Paucum-es
1721 3132 1770 3173 ee
1995 3126 2145 3186 pars]
2193 3125 2288 3174 Co-

1272 3188 1441 3249 pulam
1458 3188 1512 3235 in
1525 3188 1649 3236 Cod.
1669 3188 1812 3235 Harl.
1833 3202 1874 3235 1.
1897 3187 2125 3235 omissam
2141 3186 2289 3235 habe-

1270 3265 1397 3309 mus,
1404 3248 1609 3309 scilicet,
1619 3253 1678 3297 ut
1693 3249 1958 3311 Doeringio
1980 3250 2162 3311 placet,
2175 3250 2292 3312 quia

1272 3326 1451 3424 magica
1484 3328 1598 3375 pars
1631 3312 1836 3362 Petrum
1867 3312 1963 3375 ipsi
1995 3326 2292 3375 possemres

1274 3391 1391 3425 eran
1414 3412 1428 3425 .

1339 3456 1370 3500 4
1406 3441 1694 3505 Τῄόαηόἑίίι
1713 3455 1766 3489 ee
1785 3442 1972 3489 iactare
1991 3442 2288 3501 actionibus]

1276 3502 1410 3551 Eum
1432 3504 1516 3565 qui
1539 3503 1810 3565 principem
1832 3504 1996 3551 locum
2017 3503 2070 3551 in
2094 3504 2292 3553 civitate

1274 3572 1481 3625 teneret,
1502 3566 1593 3615 sibi
1613 3566 1828 3614 favorem
1849 3572 1900 3613 et
1919 3567 2123 3628 gloriam
2143 3582 2293 3617 aucu-

1276 3630 1382 3693 pari
1414 3644 1477 3677 ex
1508 3628 1567 3677 iis
1599 3644 1724 3691 quae
1762 3629 1896 3690 apud
1937 3630 2177 3691 populum
2209 3630 2290 3680 tri·

1276 3692 1395 3742 buni
1418 3699 1634 3755 agerent,
1657 3693 1735 3740 vel
1761 3692 1951 3754 agendo
1973 3694 2143 3742 eadem
2167 3708 2294 3756 quae

1278 3755 1474 3805 tribuni.
1509 3756 1672 3806 cuv.

1338 3832 1365 3881 5
1382 3822 1613 3869 Antium.
1626 3820 1929 3881 ..ooloaeaamJ
1943 3820 2112 3878 Quam
2126 3826 2294 3870 tamen

1278 3882 1481 3931 minime
1523 3884 1576 3931 in
1619 3898 1824 3931 numero
1862 3884 2162 3933 coloniarum
2198 3886 2294 3933 Ro-

1278 3962 1538 3996 manorum
1569 3947 1847 3996 habendam
1881 3952 2048 3996 censet
2067 3947 2296 4007 Niebhr.,

1279 4016 1336 4057 ut
1348 4026 1491 4073 quae,
1507 4010 1657 4059 Dion.
1674 4009 1742 4059 ix.
1760 4008 1842 4074 69,
1853 4017 2069 4069 auctore,
2085 4026 2148 4058 ex
2167 4010 2295 4057 Her-

1280 4073 1403 4122 nicis
1436 4080 1486 4122 et
1521 4072 1712 4122 Latinis
1744 4079 1796 4121 et
1829 4074 2069 4122 Romanis
2100 4084 2302 4131 compo·

1282 4136 1376 4185 sita
1397 4142 1541 4196 esset,
1563 4136 1748 4199 quippe
1779 4136 1996 4185 maxime
2023 4134 2228 4183 Latinos
2245 4138 2300 4180 et

1284 4200 1530 4249 Hernicos
1551 4200 1839 4262 attingebat,
1855 4206 1911 4247 ut.
1932 4197 2136 4245 Antium
2161 4210 2300 4255 prae-

1283 4263 1407 4313 sidio
1436 4264 1581 4313 firmo
1604 4270 1774 4312 contra
1794 4263 1994 4321 Aequos
2019 4264 2070 4308 et
2091 4257 2303 4307 Vol-coe

1282 4332 1544 4376 teneretur.
1912 4388 1951 4447 2
