3000 4784
806 232 999 299 LIB.
1048 233 1165 299 IV.
1232 233 1456 299 CAP.
1507 238 1609 298 54.
2137 235 2266 299 279

136 362 331 426 atibus
376 364 727 444 tribunum,
775 368 1009 431 collum
1056 368 1349 445 torsisset,
1396 381 1578 432 metu
1621 367 1818 432 ceteri
1869 380 2262 433 sacramento
2281 387 2350 437 U.
2374 388 2432 437 c,
2461 398 2572 449 345·

172 448 393 513 dixere.
488 451 749 517 Ductus
790 455 1105 518 exercitus
1150 453 1233 518 ad
1280 452 1750 519 Carventanam
1787 476 2018 531 arcem,
2059 476 2262 540 quan-
2279 451 2340 499 A.
2373 452 2430 501 0·
2461 463 2570 512 407·

172 558 349 619 quam
378 536 625 602 invisus
647 538 1037 627 infestusque
1060 540 1306 604 consuli
1334 554 1489 616 erat,
1514 540 1782 627 impigre
1811 540 2020 627 primo
2048 540 2258 605 statim
2279 516 2559 627 ἒξζξξῃιῇ“

170 620 453 699 adventu,
472 624 749 689 deiectis
766 626 879 711 qui
902 627 971 689 in
994 626 1309 712 praesidio
1328 639 1528 702 erant,
1549 648 1760 690 arcem
1779 626 2030 713 recipit:
2079 648 2261 712 prae-
2277 644 2586 692 mouven-

168 705 427 785 datores,
457 733 546 773 ex
586 712 903 797 praesidio
1022 733 1055 776 r
1092 734 1139 775 n
1219 711 1546 798 ligentiam
1587 711 1834 812 dilapsi,
1866 712 2260 777 occasionem
2279 712 2409 755 ‘⁸¹¹⁸-

166 814 459 877 aperuere
490 796 581 860 ad
627 735 1077 862 invadenssein.
1140 735 1453 863 ePraedae
1497 819 1583 862 ex
1610 798 1876 863 asslduis
1903 798 2262 885 populatio-

166 878 359 956 nibus,
392 882 577 967 quod
606 883 823 948 omnia
848 884 919 947 in
948 884 1159 949 locum
1192 896 1401 948 tutum
1440 896 1742 969 congesta
1767 899 1967 961 erant,
1997 884 2120 949 fuit
2147 885 2262 949 ali-

124 986 151 1033 3
166 980 491 1049 quantum.
586 967 943 1035 Venditum
978 970 1097 1035 sub
1136 970 1319 1034 hasta
1359 970 1581 1035 consul
1621 969 1690 1032 in
1736 971 2050 1034 aerarium
2091 971 2261 1035 redi-

238 1073 303 1115 re
332 1067 707 1138 quaestores
744 1055 963 1132 iussit3
1010 1068 1145 1121 tum
1175 1055 1546 1142 praedicans
1585 1056 1958 1142 participem
1987 1056 2260 1142 praedae

186 1158 287 1200 ore
344 1141 727 1219 exercitum,
780 1164 981 1227 quum
1040 1142 1329 1206 militiam
1387 1164 1518 1205 non
1577 1141 1915 1205 abnuisset.
2010 1142 2260 1207 Auctae

164 1221 307 1287 inde
334 1224 547 1310 plebis
578 1250 653 1291 ac
674 1226 953 1292 militum
982 1228 1049 1291 in
1078 1228 1403 1293 consulem
1419 1228 1581 1291 irae.
1673 1225 1921 1313 Itaque,
1945 1250 2146 1313 quum
2177 1250 2260 1293 ex

164 1312 711 1377 senatusconsulto
760 1314 985 1379 urbem
1031 1337 1225 1379 ovans
1276 1313 1586 1389 introiret,
1640 1312 1898 1377 alternis
1947 1312 2261 1377 inconditi

162 1416 369 1459 versus
416 1398 687 1463 militari
731 1399 993 1464 licentia
1040 1400 1295 1465 iactati:
1345 1398 1578 1485 quibus
1622 1398 1842 1463 consul
1893 1398 2258 1485 increpitus,

164 1477 405 1545 Maeuii
464 1484 720 1551 celebre
778 1508 1017 1550 nomen
1060 1484 1355 1550 laudibus
1410 1485 1554 1562 fuit,
1608 1507 1808 1572 quum
1860 1484 1942 1549 ad
2003 1506 2260 1549 omnem

162 1569 555 1634 mentionem
584 1571 823 1635 tribuni
864 1571 1041 1637 favor
1066 1572 1530 1636 circumstantis
1558 1570 1780 1658 populi
1808 1570 2162 1657 plausuque
2193 1586 2262 1635 et

163 1672 409 1719 assensu
458 1678 615 1721 cum
660 1657 921 1723 vocibus
970 1657 1242 1722 militum
1294 1669 1580 1723 certaret.
1673 1655 1953 1743 Plusque
2007 1678 2084 1721 ea
2139 1679 2258 1735 res,

204 1760 347 1803 uam
384 1764 595 1843 prope
634 1743 935 1808 sollennis
974 1743 1248 1807 militum
1288 1742 1546 1807 lascivia
1582 1744 1653 1807 in
1692 1742 2040 1819 consulem,
2070 1765 2260 1807 curae

218 1826 453 1892 auibus
500 1830 759 1895 miecit:
806 1842 873 1894 et
920 1842 1223 1917 tanquam
1268 1828 1443 1893 haud
1486 1828 1721 1894 dubius
1763 1830 1932 1895 inter
1973 1828 2260 1894 tribunos

125 1928 154 1970 4
168 1910 433 2060 mililtum
462 1914 673 1981 honos
702 1914 969 1993 Maeuii,
1000 1916 1053 1981 si
1092 1928 1357 2002 peteret,
1388 1914 1824 1981 consularibus
1858 1916 2133 1981 comitiis
2164 1928 2260 1979 est

164 2016 277 2059 exc
300 2022 469 2066 usus.

250 2082 470 2152 Creati
520 2089 815 2155 consules
858 2102 1009 2154 sunt
1055 2089 1177 2154 Cn.
1222 2088 1564 2154 Cornelius
1611 2088 1868 2167 Cossus,
1915 2090 1997 2154 L.
2029 2090 2259 2153 Furius
2380 2090 2483 2149 54.

166 2165 567 2265 Medullinus
604 2176 851 2241 iterum.
946 2174 1099 2239 Non
1142 2175 1295 2240 alias
1340 2198 1413 2239 ae
1493 2176 1590 2239 'us
1629 2174 1809 2261 plebs
1854 2175 2018 2251 tulit,
2061 2176 2261 2239 tribu·
2281 2171 2347 2221 U.
2371 2172 2431 2221 0·
2457 2170 2569 2233 34⁶·

166 2257 325 2321 mcia
352 2260 473 2325 sibi
500 2262 759 2325 comitia
780 2283 911 2325 non
940 2261 1287 2325 commissa.
1380 2198 1554 2325 ἔξω
1581 2259 1866 2325 dolorem
1889 2260 2261 2346 quaestoriis
2279 2234 2578 2346 ffissoffi

168 2343 431 2410 comitiis
474 2346 669 2411 simul
708 2347 1007 2424 ostendit,
1044 2360 1111 2411 et
1154 2347 1289 2411 ulta
1330 2361 1445 2423 est,
1478 2360 1632 2411 tunc
1675 2347 1952 2432 primum
1997 2344 2262 2432 plebeiis
2279 2360 2430 2419 1io‚L.
2443 2362 2592 2410 Furio

172 2434 605 2509 quaestoribus
648 2433 905 2497 creatis:
954 2434 1046 2496 ita
1077 2446 1169 2508 ut,
1212 2432 1282 2495 in
1322 2444 1626 2517 quattuor
1659 2430 1966 2508 creandis,
1997 2431 2112 2494 uni
2150 2454 2264 2516 pa-
2283 2424 2357 2472 11.
2373 2425 2510 2474 0⁰⁵⁸·

174 2513 343 2579 tricio
384 2518 475 2583 K.
513 2519 708 2583 Fabio
739 2519 1059 2583 Ambusto
1090 2517 1560 2603 relinqueretur
1585 2516 1798 2590 locus;
1847 2530 1971 2581 tres
2009 2516 2261 2614 plebeii,
2281 2488 2582 2611 ἓὲξξῗοζξ

176 2596 253 2671 Q.-
288 2601 505 2682 Silius,
551 2605 625 2669 P.
664 2604 909 2681 Aelius,
957 2604 1029 2668 P.
1071 2602 1317 2688 Pupius
1358 2601 1843 2665 clarissimarum
1886 2600 2264 2665 samlliarum
2282 2615 2439 2687 deqqe
2463 2614 2556 2661 dis-

172 2681 503 2755 iuvenibus
530 2690 1012 2790 praeferrentur.
1108 2690 1423 2752 Auctores
1444 2687 1636 2751 fiiisse
1667 2700 1798 2750 tam
1820 2686 2000 2751 liberi
2029 2686 2266 2773 populo
2283 2678 2488 2726 cordiae.

172 2772 443 2865 Suffragii
476 2775 687 2841 Icilios
714 2776 979 2862 accipio,
1009 2797 1093 2839 ex
1120 2774 1359 2839 familia
1385 2774 1788 2837 infestissima
1815 2772 2111 2837 Patribus
2140 2785 2265 2838 tres

174 2874 237 2917 111
278 2881 427 2925 eum
471 2884 715 2927 annum
759 2862 1042 2927 tribunos
1076 2860 1279 2947 plebis
1319 2872 1580 2937 creatos,
1623 2858 1962 2923 multarum
2007 2880 2266 2945 magna·-

132 2960 157 3007 5
172 2961 433 3032 rumque
486 2970 699 3013 rerum
752 2946 983 3012 molem
1030 2946 1387 3012 avidissimo
1438 2946 1600 3011 adeo
1651 2944 1890 3045 populo
1939 2958 2266 3009 ostentan-

174 3038 299 3093 tes:
353 3056 555 3121 quum
596 3034 1023 3110 affirmassent,
1052 3032 1217 3096 nihil
1254 3054 1320 3096 se
1362 3045 1663 3108 moturos
1695 3055 1748 3095 s1
1777 3054 1860 3095 ne
1891 3032 2264 3117 quaestoriis

174 3114 429 3197 quidem
482 3120 773 3197 comitiiS,
819 3142 983 3205 quae
1030 3119 1163 3183 sola
1212 3119 1574 3205 promiscua
1621 3118 1793 3204 plebi
1838 3117 2260 3203 Patribusque

174 3198 525 3289 reliquisset
567 3220 839 3283 senatus,
888 3206 1035 3269 satis
1086 3204 1281 3268 animi
1328 3203 1567 3289 populo
1615 3216 1782 3266 essct
1827 3201 1908 3265 ad
1955 3202 2043 3278 id,
2087 3203 2263 3287 quod

177 3296 299 3351 tam
328 3290 443 3356 diu
472 3290 729 3367 vellent,
774 3304 841 3355 et
882 3313 998 3378 per
1041 3290 1213 3375 leges
1254 3288 1492 3352 liceret.
1585 3286 1712 3350 Pro
1757 3286 2004 3372 ingenti
2044 3287 2260 3373 itaque

131 3376 161 3425 6
178 3371 429 3443 victoria
455 3378 523 3441 id
552 3377 674 3441 fuit
700 3376 913 3464 plebi:
962 3389 1495 3463 quaesturamque
1526 3394 1668 3437 eam
1697 3393 1830 3435 non
1869 3371 2125 3437 honoris
2165 3373 2261 3459 ip-
2361 3428 2368 3437 .

236 3516 263 3549 ²
296 3507 485 3556 conum
504 3509 739 3566 torsisset]
792 3506 977 3554 Manus
996 3503 1129 3553 iniici
1151 3520 1184 3553 a
1246 3504 1449 3552 comitiis
1480 3509 1554 3552 est
1582 3503 1834 3561 exclama]
1882 3502 2092 3550 Senatus
2121 3516 2260 3563 spem

176 3562 421 3619 lictoribus
448 3571 675 3619 instinct.
744 3568 1019 3619 Familiaris
1052 3568 1183 3617 locu·
1248 3566 1443 3613 honoris
1464 3566 1667 3614 Maenio
1699 3565 1902 3623 ademit,
1923 3564 2121 3613 indictis
2147 3580 2262 3613 con-

178 3627 259 3689 tio,
288 3637 405 3683 collo
440 3636 621 3684 obtorto
654 3649 849 3695 rapere,
884 3633 935 3681 id
968 3638 1059 3690 est,
1097 3646 1186 3693 per
1248 3630 1489 3678 sularibus
1511 3629 1738 3687 comitiis,
1751 3629 1801 3677 in
1816 3628 1993 3690 quibus
2011 3627 2137 3675 ratio
2157 3627 2264 3678 eius

179 3690 275 3807 ξιξ
290 3696 481 3811 ἰὸίεοίίι
502 3698 553 3746 in
576 3704 727 3759 caput
748 3702 799 3745 et
821 3697 1005 3744 collum
1029 3693 1183 3743 mani-
1249 3691 1418 3803 habeji
1440 3708 1542 3803 1333
1563 3698 1770 3805 potearzz.
1795 3693 2048 3816 JCXBivdloei

240 3836 267 3882 3
297 3776 633 3876 langen-ium
652 3826 895 3887 redivere]
940 3824 1059 3873 Non
1080 3837 1181 3871 am—
1248 3768 1393 3878 iud’03
1415 3772 1742 3881 inemssgguia
1765 3772 1960 3869 inulam
1981 3826 2034 3868 et
2049 3772 2263 3882 ¹31sz

180 3883 301 3942 plius
330 3890 381 3937 in
406 3892 679 3951 publicum,
710 3906 775 3937 sc.
800 3890 1065 3951 poplicum,
1096 3885 1181 3934 ubi
1246 3898 1323 3932 res
1343 3884 1727 3933 ostentabantur.
1755 3884 1919 3933 Cur.
1970 3886 2055 3932 Ad
2073 3900 2132 3933 ea
2154 3898 2262 3933 sua-

180 3953 379 4005 Pecunia
394 3954 587 4015 populi,
615 3958 671 4001 ut
695 3959 845 4002 antea
874 3966 1005 4013 supr.
1028 3949 1077 3999 ii.
1100 3964 1181 4009 42,
1245 3948 1329 3997 ‹let
1353 3946 1607 3995 Graevius.

180 4012 257 4059 sed
277 4015 325 4063 in
347 4020 617 4075 aerarium,
636 4017 723 4065 ubi
756 4014 965 4079 pecunia
990 4014 1179 4062 univer·
1309 4009 1340 4060 6
1372 4014 1490 4059 Non
1524 4012 1722 4059 honoris
1757 4011 1916 4072 ipsius
1939 4012 2076 4081 fine]
2143 4009 2262 4056 Non

179 4086 255 4123 ⁸⁸0
308 4080 467 4141 gentis
520 4080 777 4129 Romanae
830 4080 1181 4133 asservabatur,
1244 4073 1429 4123 honore
1462 4074 1570 4135 ipso
1602 4080 1782 4130 tenus3
1813 4088 1912 4120 non
1947 4078 2072 4120 tanti
2100 4072 2264 4127 modo,

180 4144 349 4196 Praeda
370 4144 573 4193 vendita
602 4160 663 4191 ex
696 4144 791 4191 hoc
813 4149 1035 4203 tempore
1056 4140 1179 4189 redi·
1245 4137 1416 4200 quanti
1450 4138 1556 4199 ipse
1589 4152 1674 4197 per
1702 4151 1754 4183 se
1786 4139 2074 4196 quaesturae
2106 4131 2264 4179 honos

180 4200 309 4259 gitur,
344 4208 553 4257 Niebhr.
576 4206 626 4255 ii.
650 4223 697 4257 n.
724 4204 831 4269 386.
854 4218 965 4269 954.
1248 4201 1391 4263 pretii
1413 4206 1533 4249 erat.
1569 4202 1732 4249 Casv.

238 4286 266 4327 4
294 4274 461 4321 Honos
478 4273 677 4321 Maeuii
699 4306 712 4319 .
738 4306 749 4318 .
774 4304 787 4319 .
812 4306 824 4319 .
843 4269 1181 4317 consularibus
