<?xml version="1.0" encoding="UTF-8"?>
<!DOCTYPE html PUBLIC "-//W3C//DTD XHTML 1.0 Transitional//EN"
    "http://www.w3.org/TR/xhtml1/DTD/xhtml1-transitional.dtd">
<html xmlns="http://www.w3.org/1999/xhtml" xml:lang="en" lang="en">
 <head>
  <title>
</title>
<meta http-equiv="Content-Type" content="text/html;charset=utf-8" />
  <meta name='ocr-system' content='tesseract 3.04.00' />
  <meta name='ocr-capabilities' content='ocr_page ocr_carea ocr_par ocr_line ocrx_word'/>
</head>
<body>
  <div class='ocr_page' id='page_1' title='image "./tliviipatavinih10unkngoog_0327.png"; bbox 0 0 3000 4784; ppageno 0'>
   <div class='ocr_carea' id='block_1_1' title="bbox 834 208 2262 278">
    <p class='ocr_par' dir='ltr' id='par_1_1' title="bbox 834 208 2262 278">
     <span class='ocr_line' id='line_1_1' title="bbox 834 208 2262 278; baseline -0.001 -1"><span class='ocrx_word' id='word_1_1' title='bbox 834 209 1024 278; x_wconf 90' lang='lat' dir='ltr'><strong>LIB.</strong></span> <span class='ocrx_word' id='word_1_2' title='bbox 1072 208 1155 277; x_wconf 89' lang='lat' dir='ltr'><strong>V.</strong></span> <span class='ocrx_word' id='word_1_3' title='bbox 1223 210 1445 278; x_wconf 84' lang='lat' dir='ltr'><strong>CAP.</strong></span> <span class='ocrx_word' id='word_1_4' title='bbox 1494 216 1599 277; x_wconf 85' lang='lat'><strong>23.</strong></span> <span class='ocrx_word' id='word_1_5' title='bbox 2133 214 2262 276; x_wconf 84' lang='grc'><strong>313</strong></span> 
     </span>
    </p>
   </div>
   <div class='ocr_carea' id='block_1_2' title="bbox 130 348 2570 543">
    <p class='ocr_par' dir='ltr' id='par_1_2' title="bbox 130 348 2570 543">
     <span class='ocr_line' id='line_1_2' title="bbox 132 348 2570 442; baseline 0.005 -30"><span class='ocrx_word' id='word_1_6' title='bbox 132 371 260 434; x_wconf 90' lang='lat' dir='ltr'><strong>que</strong></span> <span class='ocrx_word' id='word_1_7' title='bbox 292 348 545 416; x_wconf 87' lang='lat' dir='ltr'><strong>delecti</strong></span> <span class='ocrx_word' id='word_1_8' title='bbox 564 376 656 416; x_wconf 86' lang='lat' dir='ltr'><strong>ex</strong></span> <span class='ocrx_word' id='word_1_9' title='bbox 678 356 852 418; x_wconf 89' lang='lat' dir='ltr'><strong>omni</strong></span> <span class='ocrx_word' id='word_1_10' title='bbox 871 357 1158 421; x_wconf 84' lang='lat' dir='ltr'><strong>exercitu</strong></span> <span class='ocrx_word' id='word_1_11' title='bbox 1174 357 1455 433; x_wconf 74' lang='lat' dir='ltr'><strong>iuveneS,</strong></span> <span class='ocrx_word' id='word_1_12' title='bbox 1523 378 1634 419; x_wconf 90' lang='lat' dir='ltr'><strong>ure</strong></span> <span class='ocrx_word' id='word_1_13' title='bbox 1663 354 1852 419; x_wconf 84' lang='lat' dir='ltr'><strong>lautis</strong></span> <span class='ocrx_word' id='word_1_14' title='bbox 1873 354 2260 442; x_wconf 86' lang='lat' dir='ltr'><strong>corporibus,</strong></span> <span class='ocrx_word' id='word_1_15' title='bbox 2285 374 2351 423; x_wconf 87' lang='lat' dir='ltr'><strong>U.</strong></span> <span class='ocrx_word' id='word_1_16' title='bbox 2375 374 2434 423; x_wconf 83' lang='lat' dir='ltr'><strong>C.</strong></span> <span class='ocrx_word' id='word_1_17' title='bbox 2461 386 2570 437; x_wconf 80' lang='lat'>359·</span> 
     </span>
     <span class='ocr_line' id='line_1_3' title="bbox 130 435 2569 543; baseline -0.002 -40"><span class='ocrx_word' id='word_1_18' title='bbox 130 435 415 501; x_wconf 79' lang='lat' dir='ltr'><strong>candida</strong></span> <span class='ocrx_word' id='word_1_19' title='bbox 467 452 675 517; x_wconf 83' lang='lat' dir='ltr'><strong>veste,</strong></span> <span class='ocrx_word' id='word_1_20' title='bbox 725 442 957 527; x_wconf 90' lang='lat' dir='ltr'><strong>quibus</strong></span> <span class='ocrx_word' id='word_1_21' title='bbox 1014 442 1425 543; x_wconf 41' lang='lat' dir='ltr'><strong>deportanda,</strong></span> <span class='ocrx_word' id='word_1_22' title='bbox 1532 464 1739 506; x_wconf 89' lang='lat' dir='ltr'><strong>omam</strong></span> <span class='ocrx_word' id='word_1_23' title='bbox 1791 440 2044 528; x_wconf 84' lang='lat' dir='ltr'><strong>Regina</strong></span> <span class='ocrx_word' id='word_1_24' title='bbox 2096 440 2262 507; x_wconf 89' lang='lat' dir='ltr'><strong>Iuno</strong></span> <span class='ocrx_word' id='word_1_25' title='bbox 2280 440 2342 488; x_wconf 78' lang='lat' dir='ltr'><strong>A.</strong></span> <span class='ocrx_word' id='word_1_26' title='bbox 2377 438 2436 489; x_wconf 77' lang='grc' dir='ltr'><strong>Ο·</strong></span> <span class='ocrx_word' id='word_1_27' title='bbox 2461 451 2569 502; x_wconf 84' lang='grc'>393-</span> 
     </span>
    </p>
   </div>
   <div class='ocr_carea' id='block_1_3' title="bbox 94 522 2270 2769">
    <p class='ocr_par' dir='ltr' id='par_1_3' title="bbox 94 522 2268 1993">
     <span class='ocr_line' id='line_1_4' title="bbox 128 522 2261 615; baseline 0.004 -31"><span class='ocrx_word' id='word_1_28' title='bbox 128 522 457 608; x_wconf 85' lang='lat' dir='ltr'><strong>assignata</strong></span> <span class='ocrx_word' id='word_1_29' title='bbox 488 538 654 604; x_wconf 89' lang='lat' dir='ltr'><strong>erat,</strong></span> <span class='ocrx_word' id='word_1_30' title='bbox 679 528 1114 593; x_wconf 80' lang='lat' dir='ltr'><strong>venerabundl</strong></span> <span class='ocrx_word' id='word_1_31' title='bbox 1144 529 1454 615; x_wconf 88' lang='lat' dir='ltr'><strong>templum</strong></span> <span class='ocrx_word' id='word_1_32' title='bbox 1483 529 1702 604; x_wconf 89' lang='lat' dir='ltr'><strong>iniere,</strong></span> <span class='ocrx_word' id='word_1_33' title='bbox 1727 528 1940 615; x_wconf 76' lang='lat' dir='ltr'><strong>,primo</strong></span> <span class='ocrx_word' id='word_1_34' title='bbox 1970 528 2261 613; x_wconf 83' lang='lat' dir='ltr'>religiose</span> 
     </span>
     <span class='ocr_line' id='line_1_5' title="bbox 128 608 2258 701; baseline 0.004 -31"><span class='ocrx_word' id='word_1_35' title='bbox 128 608 563 675; x_wconf 82' lang='lat' dir='ltr'><strong>admoventes</strong></span> <span class='ocrx_word' id='word_1_36' title='bbox 618 635 873 677; x_wconf 86' lang='lat' dir='ltr'><strong>manus:</strong></span> <span class='ocrx_word' id='word_1_37' title='bbox 932 614 1107 701; x_wconf 92' lang='lat' dir='ltr'><strong>quod</strong></span> <span class='ocrx_word' id='word_1_38' title='bbox 1154 614 1224 678; x_wconf 92' lang='lat' dir='ltr'><strong>id</strong></span> <span class='ocrx_word' id='word_1_39' title='bbox 1270 616 1522 701; x_wconf 75' lang='lat' dir='ltr'><strong>signum</strong></span> <span class='ocrx_word' id='word_1_40' title='bbox 1572 637 1746 679; x_wconf 89' lang='lat' dir='ltr'><strong>more</strong></span> <span class='ocrx_word' id='word_1_41' title='bbox 1797 614 2086 690; x_wconf 81' lang='lat' dir='ltr'><strong>EtruscO,</strong></span> <span class='ocrx_word' id='word_1_42' title='bbox 2137 614 2258 679; x_wconf 91' lang='lat' dir='ltr'><strong>nisi</strong></span> 
     </span>
     <span class='ocr_line' id='line_1_6' title="bbox 126 698 2256 783; baseline 0.004 -26"><span class='ocrx_word' id='word_1_43' title='bbox 126 708 341 759; x_wconf 86' lang='lat' dir='ltr'><strong>certae</strong></span> <span class='ocrx_word' id='word_1_44' title='bbox 388 698 621 783; x_wconf 84' lang='lat' dir='ltr'><strong>gentis</strong></span> <span class='ocrx_word' id='word_1_45' title='bbox 662 699 971 778; x_wconf 74' lang='lat' dir='ltr'><strong>sacerdOS,</strong></span> <span class='ocrx_word' id='word_1_46' title='bbox 1010 713 1339 765; x_wconf 87' lang='lat' dir='ltr'><strong>attrectare</strong></span> <span class='ocrx_word' id='word_1_47' title='bbox 1382 723 1514 764; x_wconf 91' lang='lat' dir='ltr'><strong>non</strong></span> <span class='ocrx_word' id='word_1_48' title='bbox 1549 714 1712 765; x_wconf 89' lang='lat' dir='ltr'><strong>esset</strong></span> <span class='ocrx_word' id='word_1_49' title='bbox 1753 700 1987 765; x_wconf 88' lang='lat' dir='ltr'><strong>solitus.</strong></span> <span class='ocrx_word' id='word_1_50' title='bbox 2081 699 2256 765; x_wconf 86' lang='lat' dir='ltr'><strong>Dein</strong></span> 
     </span>
     <span class='ocr_line' id='line_1_7' title="bbox 128 784 2253 927; baseline 0.003 -84"><span class='ocrx_word' id='word_1_51' title='bbox 128 802 333 927; x_wconf 52' lang='lat' dir='ltr'><strong>qplum</strong></span> <span class='ocrx_word' id='word_1_52' title='bbox 372 784 677 869; x_wconf 82' lang='lat' dir='ltr'><strong>quidam,</strong></span> <span class='ocrx_word' id='word_1_53' title='bbox 710 809 823 850; x_wconf 89' lang='lat' dir='ltr'><strong>seu</strong></span> <span class='ocrx_word' id='word_1_54' title='bbox 856 810 887 850; x_wconf 87' lang='lat' dir='ltr'><strong>s</strong></span> <span class='ocrx_word' id='word_1_55' title='bbox 932 788 1080 851; x_wconf 89' lang='lat' dir='ltr'><strong>iritu</strong></span> <span class='ocrx_word' id='word_1_56' title='bbox 1122 787 1339 851; x_wconf 87' lang='lat' dir='ltr'><strong>divino</strong></span> <span class='ocrx_word' id='word_1_57' title='bbox 1374 800 1598 863; x_wconf 76' lang='lat' dir='ltr'><strong>tactUS,</strong></span> <span class='ocrx_word' id='word_1_58' title='bbox 1629 810 1742 851; x_wconf 90' lang='lat' dir='ltr'><strong>seu</strong></span> <span class='ocrx_word' id='word_1_59' title='bbox 1782 786 2059 851; x_wconf 82' lang='lat' dir='ltr'><strong>iuvenali</strong></span> <span class='ocrx_word' id='word_1_60' title='bbox 2094 787 2253 864; x_wconf 82' lang='lat' dir='ltr'><strong>iocO,</strong></span> 
     </span>
     <span class='ocr_line' id='line_1_8' title="bbox 130 868 2256 950; baseline 0.003 -20"><span class='ocrx_word' id='word_1_61' title='bbox 130 874 149 903; x_wconf 91' lang='lat'><strong>‘</strong></span> <span class='ocrx_word' id='word_1_62' title='bbox 232 868 377 932; x_wconf 89' lang='lat' dir='ltr'><strong>isne</strong></span> <span class='ocrx_word' id='word_1_63' title='bbox 420 868 713 935; x_wconf 80' lang='lat' dir='ltr'><strong>Romam</strong></span> <span class='ocrx_word' id='word_1_64' title='bbox 752 872 841 936; x_wconf 86' lang='lat' dir='ltr'><strong>ire</strong></span> <span class='ocrx_word' id='word_1_65' title='bbox 915 874 1119 937; x_wconf 85' lang='lat' dir='ltr'><strong>uno?&#39;</strong></span> <span class='ocrx_word' id='word_1_66' title='bbox 1161 871 1443 950; x_wconf 83' lang='lat' dir='ltr'><strong>dixisset,</strong></span> <span class='ocrx_word' id='word_1_67' title='bbox 1493 873 1787 937; x_wconf 86' lang='lat' dir='ltr'><strong>annuisse</strong></span> <span class='ocrx_word' id='word_1_68' title='bbox 1833 874 2028 937; x_wconf 88' lang='lat' dir='ltr'><strong>ceteri</strong></span> <span class='ocrx_word' id='word_1_69' title='bbox 2068 874 2256 938; x_wconf 88' lang='lat' dir='ltr'><strong>deam</strong></span> 
     </span>
     <span class='ocr_line' id='line_1_9' title="bbox 126 953 2257 1046; baseline 0.004 -31"><span class='ocrx_word' id='word_1_70' title='bbox 126 953 744 1022; x_wconf 84' lang='lat' dir='ltr'><strong>conclamaverunt:</strong></span> <span class='ocrx_word' id='word_1_71' title='bbox 794 959 945 1023; x_wconf 88' lang='lat' dir='ltr'><strong>inde</strong></span> <span class='ocrx_word' id='word_1_72' title='bbox 975 959 1223 1024; x_wconf 86' lang='lat' dir='ltr'><strong>fabulae</strong></span> <span class='ocrx_word' id='word_1_73' title='bbox 1255 959 1573 1023; x_wconf 88' lang='lat' dir='ltr'><strong>adiectum</strong></span> <span class='ocrx_word' id='word_1_74' title='bbox 1603 972 1717 1035; x_wconf 89' lang='lat' dir='ltr'><strong>est,</strong></span> <span class='ocrx_word' id='word_1_75' title='bbox 1747 982 1968 1023; x_wconf 87' lang='lat' dir='ltr'><strong>vocem</strong></span> <span class='ocrx_word' id='word_1_76' title='bbox 2000 982 2257 1046; x_wconf 88' lang='lat' dir='ltr'><strong>quoque</strong></span> 
     </span>
     <span class='ocr_line' id='line_1_10' title="bbox 94 1038 2262 1131; baseline 0.004 -30"><span class='ocrx_word' id='word_1_77' title='bbox 94 1038 432 1119; x_wconf 64' lang='lat' dir='ltr'><strong>&gt;dicentis,</strong></span> <span class='ocrx_word' id='word_1_78' title='bbox 488 1049 509 1081; x_wconf 88' lang='lat'>‘</span> <span class='ocrx_word' id='word_1_79' title='bbox 536 1042 768 1122; x_wconf 91' lang='lat' dir='ltr'><strong>Velle,’</strong></span> <span class='ocrx_word' id='word_1_80' title='bbox 811 1046 1111 1110; x_wconf 89' lang='lat' dir='ltr'><strong>auditam.</strong></span> <span class='ocrx_word' id='word_1_81' title='bbox 1214 1044 1462 1109; x_wconf 88' lang='lat' dir='ltr'><strong>Motam</strong></span> <span class='ocrx_word' id='word_1_82' title='bbox 1509 1058 1680 1109; x_wconf 85' lang='lat' dir='ltr'><strong>certe</strong></span> <span class='ocrx_word' id='word_1_83' title='bbox 1725 1045 1875 1109; x_wconf 91' lang='lat' dir='ltr'><strong>sede</strong></span> <span class='ocrx_word' id='word_1_84' title='bbox 1929 1068 2043 1109; x_wconf 88' lang='lat' dir='ltr'><strong>sua</strong></span> <span class='ocrx_word' id='word_1_85' title='bbox 2085 1046 2262 1131; x_wconf 86' lang='lat' dir='ltr'><strong>parvi</strong></span> 
     </span>
     <span class='ocr_line' id='line_1_11' title="bbox 129 1126 2262 1218; baseline 0.004 -31"><span class='ocrx_word' id='word_1_86' title='bbox 129 1126 509 1192; x_wconf 87' lang='lat' dir='ltr'><strong>molimenti</strong></span> <span class='ocrx_word' id='word_1_87' title='bbox 544 1130 968 1208; x_wconf 79' lang='lat' dir='ltr'><strong>adminiculis,</strong></span> <span class='ocrx_word' id='word_1_88' title='bbox 1000 1132 1323 1218; x_wconf 89' lang='lat' dir='ltr'><strong>sequentis</strong></span> <span class='ocrx_word' id='word_1_89' title='bbox 1354 1130 1545 1195; x_wconf 90' lang='lat' dir='ltr'><strong>modo</strong></span> <span class='ocrx_word' id='word_1_90' title='bbox 1575 1132 1933 1217; x_wconf 89' lang='lat' dir='ltr'><strong>accepimus</strong></span> <span class='ocrx_word' id='word_1_91' title='bbox 1963 1131 2165 1196; x_wconf 86' lang='lat' dir='ltr'><strong>levem</strong></span> <span class='ocrx_word' id='word_1_92' title='bbox 2189 1156 2262 1196; x_wconf 89' lang='lat' dir='ltr'><strong>ac</strong></span> 
     </span>
     <span class='ocr_line' id='line_1_12' title="bbox 94 1210 2263 1304; baseline 0.003 -29"><span class='ocrx_word' id='word_1_93' title='bbox 94 1210 388 1277; x_wconf 83' lang='lat' dir='ltr'><strong>1facilem</strong></span> <span class='ocrx_word' id='word_1_94' title='bbox 422 1216 745 1281; x_wconf 87' lang='lat' dir='ltr'><strong>translatu</strong></span> <span class='ocrx_word' id='word_1_95' title='bbox 772 1218 990 1283; x_wconf 86' lang='lat' dir='ltr'><strong>fuisse:</strong></span> <span class='ocrx_word' id='word_1_96' title='bbox 1039 1218 1171 1281; x_wconf 90' lang='lat' dir='ltr'><strong>inte</strong></span> <span class='ocrx_word' id='word_1_97' title='bbox 1216 1240 1477 1304; x_wconf 87' lang='lat' dir='ltr'><strong>ramque</strong></span> <span class='ocrx_word' id='word_1_98' title='bbox 1509 1218 1577 1280; x_wconf 93' lang='lat' dir='ltr'><strong>in</strong></span> <span class='ocrx_word' id='word_1_99' title='bbox 1609 1216 2028 1294; x_wconf 84' lang='lat' dir='ltr'><strong>Aventinum,</strong></span> <span class='ocrx_word' id='word_1_100' title='bbox 2061 1230 2263 1282; x_wconf 89' lang='lat' dir='ltr'><strong>aeter-</strong></span> 
     </span>
     <span class='ocr_line' id='line_1_13' title="bbox 132 1241 2262 1391; baseline 0.003 -31"><span class='ocrx_word' id='word_1_101' title='bbox 132 1320 283 1361; x_wconf 86' lang='lat' dir='ltr'><strong>nam</strong></span> <span class='ocrx_word' id='word_1_102' title='bbox 324 1301 565 1365; x_wconf 88' lang='lat' dir='ltr'><strong>sedem</strong></span> <span class='ocrx_word' id='word_1_103' title='bbox 610 1325 808 1381; x_wconf 88' lang='lat' dir='ltr'><strong>suam,</strong></span> <span class='ocrx_word' id='word_1_104' title='bbox 841 1326 973 1391; x_wconf 89' lang='lat' dir='ltr'><strong>quo</strong></span> <span class='ocrx_word' id='word_1_105' title='bbox 1000 1315 1150 1368; x_wconf 77' lang='lat' dir='ltr'><strong>vota</strong></span> <span class='ocrx_word' id='word_1_106' title='bbox 1172 1241 1467 1367; x_wconf 48' lang='lat' dir='ltr'><strong>{tomani</strong></span> <span class='ocrx_word' id='word_1_107' title='bbox 1513 1303 1838 1367; x_wconf 86' lang='lat' dir='ltr'><strong>dictatoris</strong></span> <span class='ocrx_word' id='word_1_108' title='bbox 1866 1316 2262 1381; x_wconf 84' lang='lat' dir='ltr'><strong>vocaverant,</strong></span> 
     </span>
     <span class='ocr_line' id='line_1_14' title="bbox 132 1383 2262 1476; baseline 0.003 -30"><span class='ocrx_word' id='word_1_109' title='bbox 132 1383 495 1467; x_wconf 80' lang='lat' dir='ltr'><strong>perlatam3</strong></span> <span class='ocrx_word' id='word_1_110' title='bbox 578 1390 691 1453; x_wconf 90' lang='lat' dir='ltr'><strong>ubi</strong></span> <span class='ocrx_word' id='word_1_111' title='bbox 764 1390 1075 1476; x_wconf 89' lang='lat' dir='ltr'><strong>templum</strong></span> <span class='ocrx_word' id='word_1_112' title='bbox 1134 1391 1195 1454; x_wconf 90' lang='lat' dir='ltr'><strong>ei</strong></span> <span class='ocrx_word' id='word_1_113' title='bbox 1267 1403 1487 1476; x_wconf 84' lang='lat' dir='ltr'><strong>postea</strong></span> <span class='ocrx_word' id='word_1_114' title='bbox 1559 1389 1750 1465; x_wconf 89' lang='lat' dir='ltr'><strong>idem,</strong></span> <span class='ocrx_word' id='word_1_115' title='bbox 1813 1390 1927 1475; x_wconf 93' lang='lat' dir='ltr'><strong>qui</strong></span> <span class='ocrx_word' id='word_1_116' title='bbox 1983 1402 2262 1465; x_wconf 87' lang='lat' dir='ltr'><strong>voverat,</strong></span> 
     </span>
     <span class='ocr_line' id='line_1_15' title="bbox 140 1468 2264 1576; baseline 0.003 -44"><span class='ocrx_word' id='word_1_117' title='bbox 140 1468 467 1538; x_wconf 81' lang='lat' dir='ltr'><strong>Camillus</strong></span> <span class='ocrx_word' id='word_1_118' title='bbox 498 1474 839 1540; x_wconf 87' lang='lat' dir='ltr'><strong>dedicavit.</strong></span> <span class='ocrx_word' id='word_1_119' title='bbox 936 1475 1063 1540; x_wconf 92' lang='lat' dir='ltr'><strong>Hic</strong></span> <span class='ocrx_word' id='word_1_120' title='bbox 1094 1475 1403 1540; x_wconf 88' lang='lat' dir='ltr'><strong>Veiorum</strong></span> <span class='ocrx_word' id='word_1_121' title='bbox 1440 1497 1697 1541; x_wconf 85' lang='lat' dir='ltr'><strong>occasus</strong></span> <span class='ocrx_word' id='word_1_122' title='bbox 1725 1475 1866 1552; x_wconf 84' lang='lat' dir='ltr'><strong>fuit,</strong></span> <span class='ocrx_word' id='word_1_123' title='bbox 1898 1476 2072 1539; x_wconf 88' lang='lat' dir='ltr'><strong>urbis</strong></span> <span class='ocrx_word' id='word_1_124' title='bbox 2103 1498 2264 1576; x_wconf 83' lang='lat' dir='ltr'><strong>opu-</strong></span> 
     </span>
     <span class='ocr_line' id='line_1_16' title="bbox 135 1554 2268 1649; baseline 0.005 -33"><span class='ocrx_word' id='word_1_125' title='bbox 135 1554 545 1625; x_wconf 79' lang='lat' dir='ltr'><strong>lentissimae</strong></span> <span class='ocrx_word' id='word_1_126' title='bbox 570 1560 822 1627; x_wconf 88' lang='lat' dir='ltr'><strong>Etrusci</strong></span> <span class='ocrx_word' id='word_1_127' title='bbox 852 1563 1145 1639; x_wconf 79' lang='lat' dir='ltr'><strong>nominiS,</strong></span> <span class='ocrx_word' id='word_1_128' title='bbox 1172 1562 1681 1649; x_wconf 82' lang='lat' dir='ltr'><strong>magnitudinem</strong></span> <span class='ocrx_word' id='word_1_129' title='bbox 1711 1584 1888 1625; x_wconf 88' lang='lat' dir='ltr'><strong>suam</strong></span> <span class='ocrx_word' id='word_1_130' title='bbox 1910 1562 2013 1626; x_wconf 88' lang='lat' dir='ltr'><strong>vel</strong></span> <span class='ocrx_word' id='word_1_131' title='bbox 2043 1562 2268 1626; x_wconf 78' lang='lat' dir='ltr'><strong>ultlma</strong></span> 
     </span>
     <span class='ocr_line' id='line_1_17' title="bbox 95 1642 2264 1735; baseline 0.005 -33"><span class='ocrx_word' id='word_1_132' title='bbox 95 1670 120 1702; x_wconf 67' lang='grc' dir='ltr'>α</span> <span class='ocrx_word' id='word_1_133' title='bbox 138 1642 319 1707; x_wconf 89' lang='lat' dir='ltr'><strong>clade</strong></span> <span class='ocrx_word' id='word_1_134' title='bbox 336 1646 734 1711; x_wconf 83' lang='lat' dir='ltr'><strong>indicantis:</strong></span> <span class='ocrx_word' id='word_1_135' title='bbox 783 1648 958 1735; x_wconf 94' lang='lat' dir='ltr'><strong>quod</strong></span> <span class='ocrx_word' id='word_1_136' title='bbox 987 1649 1213 1713; x_wconf 91' lang='lat' dir='ltr'><strong>decem</strong></span> <span class='ocrx_word' id='word_1_137' title='bbox 1242 1661 1509 1713; x_wconf 77' lang='lat' dir='ltr'><strong>aestates</strong></span> <span class='ocrx_word' id='word_1_138' title='bbox 1531 1648 1902 1735; x_wconf 89' lang='lat' dir='ltr'><strong>hiemesque</strong></span> <span class='ocrx_word' id='word_1_139' title='bbox 1933 1649 2264 1713; x_wconf 86' lang='lat' dir='ltr'><strong>continuas</strong></span> 
     </span>
     <span class='ocr_line' id='line_1_18' title="bbox 140 1729 2262 1821; baseline 0.004 -31"><span class='ocrx_word' id='word_1_140' title='bbox 140 1729 587 1809; x_wconf 86' lang='lat' dir='ltr'><strong>circumsessa,</strong></span> <span class='ocrx_word' id='word_1_141' title='bbox 622 1757 821 1819; x_wconf 89' lang='lat' dir='ltr'><strong>quum</strong></span> <span class='ocrx_word' id='word_1_142' title='bbox 862 1734 1005 1821; x_wconf 86' lang='lat' dir='ltr'><strong>plus</strong></span> <span class='ocrx_word' id='word_1_143' title='bbox 1036 1734 1359 1820; x_wconf 88' lang='lat' dir='ltr'><strong>aliquanto</strong></span> <span class='ocrx_word' id='word_1_144' title='bbox 1394 1734 1672 1799; x_wconf 89' lang='lat' dir='ltr'><strong>cladium</strong></span> <span class='ocrx_word' id='word_1_145' title='bbox 1705 1734 2035 1812; x_wconf 88' lang='lat' dir='ltr'><strong>intulisset,</strong></span> <span class='ocrx_word' id='word_1_146' title='bbox 2069 1757 2262 1821; x_wconf 88' lang='lat' dir='ltr'><strong>quam</strong></span> 
     </span>
     <span class='ocr_line' id='line_1_19' title="bbox 140 1817 2260 1909; baseline 0.003 -31"><span class='ocrx_word' id='word_1_147' title='bbox 140 1817 517 1902; x_wconf 53' lang='lat' dir='ltr'><strong>accepiaeeg</strong></span> <span class='ocrx_word' id='word_1_148' title='bbox 538 1834 877 1906; x_wconf 88' lang='lat' dir='ltr'><strong>postremo,</strong></span> <span class='ocrx_word' id='word_1_149' title='bbox 902 1823 1029 1884; x_wconf 88' lang='lat' dir='ltr'><strong>iam</strong></span> <span class='ocrx_word' id='word_1_150' title='bbox 1048 1820 1176 1886; x_wconf 85' lang='lat' dir='ltr'><strong>fato</strong></span> <span class='ocrx_word' id='word_1_151' title='bbox 1200 1832 1337 1885; x_wconf 88' lang='lat' dir='ltr'><strong>tum</strong></span> <span class='ocrx_word' id='word_1_152' title='bbox 1356 1820 1636 1907; x_wconf 89' lang='lat' dir='ltr'><strong>denique</strong></span> <span class='ocrx_word' id='word_1_153' title='bbox 1657 1834 1941 1909; x_wconf 84' lang='lat' dir='ltr'><strong>urgente,</strong></span> <span class='ocrx_word' id='word_1_154' title='bbox 1963 1822 2260 1909; x_wconf 85' lang='lat' dir='ltr'><strong>operibus</strong></span> 
     </span>
     <span class='ocr_line' id='line_1_20' title="bbox 144 1906 1203 1993; baseline 0.007 -29"><span class='ocrx_word' id='word_1_155' title='bbox 144 1912 381 1981; x_wconf 85' lang='lat' dir='ltr'><strong>tamen,</strong></span> <span class='ocrx_word' id='word_1_156' title='bbox 414 1928 559 1971; x_wconf 90' lang='lat' dir='ltr'><strong>non</strong></span> <span class='ocrx_word' id='word_1_157' title='bbox 588 1906 669 1983; x_wconf 86' lang='lat' dir='ltr'><strong>vi,</strong></span> <span class='ocrx_word' id='word_1_158' title='bbox 702 1920 1067 1993; x_wconf 82' lang='lat' dir='ltr'><strong>expugnata</strong></span> <span class='ocrx_word' id='word_1_159' title='bbox 1093 1920 1203 1971; x_wconf 77' lang='lat' dir='ltr'><strong>est.</strong></span> 
     </span>
    </p>

    <p class='ocr_par' dir='ltr' id='par_1_4' title="bbox 144 1987 2270 2769">
     <span class='ocr_line' id='line_1_21' title="bbox 230 1987 2256 2081; baseline 0.004 -30"><span class='ocrx_word' id='word_1_160' title='bbox 230 1987 524 2055; x_wconf 81' lang='lat' dir='ltr'><strong>Romam</strong></span> <span class='ocrx_word' id='word_1_161' title='bbox 574 2004 647 2056; x_wconf 88' lang='lat' dir='ltr'><strong>ut</strong></span> <span class='ocrx_word' id='word_1_162' title='bbox 690 1993 1052 2058; x_wconf 88' lang='lat' dir='ltr'><strong>nuntiatum</strong></span> <span class='ocrx_word' id='word_1_163' title='bbox 1100 2007 1214 2071; x_wconf 89' lang='lat' dir='ltr'><strong>est,</strong></span> <span class='ocrx_word' id='word_1_164' title='bbox 1247 1993 1443 2058; x_wconf 90' lang='lat' dir='ltr'><strong>Veios</strong></span> <span class='ocrx_word' id='word_1_165' title='bbox 1490 2006 1724 2081; x_wconf 89' lang='lat' dir='ltr'><strong>captos,</strong></span> <span class='ocrx_word' id='word_1_166' title='bbox 1775 2018 1946 2081; x_wconf 89' lang='lat' dir='ltr'><strong>quan</strong></span> <span class='ocrx_word' id='word_1_167' title='bbox 1992 2018 2140 2059; x_wconf 90' lang='lat' dir='ltr'><strong>uam</strong></span> <span class='ocrx_word' id='word_1_168' title='bbox 2188 2008 2256 2059; x_wconf 85' lang='lat' dir='ltr'><strong>et</strong></span> 
     </span>
     <span class='ocr_line' id='line_1_22' title="bbox 144 2019 2254 2167; baseline 0.004 -31"><span class='ocrx_word' id='word_1_169' title='bbox 144 2075 445 2164; x_wconf 85' lang='lat' dir='ltr'><strong>prodigia</strong></span> <span class='ocrx_word' id='word_1_170' title='bbox 478 2092 813 2165; x_wconf 86' lang='lat' dir='ltr'><strong>procurata</strong></span> <span class='ocrx_word' id='word_1_171' title='bbox 845 2080 1117 2158; x_wconf 88' lang='lat' dir='ltr'><strong>fuerant,</strong></span> <span class='ocrx_word' id='word_1_172' title='bbox 1146 2093 1213 2144; x_wconf 91' lang='lat' dir='ltr'><strong>et</strong></span> <span class='ocrx_word' id='word_1_173' title='bbox 1246 2092 1462 2145; x_wconf 84' lang='lat' dir='ltr'><strong>vatum</strong></span> <span class='ocrx_word' id='word_1_174' title='bbox 1496 2102 1814 2167; x_wconf 78' lang='lat' dir='ltr'><strong>responsa,</strong></span> <span class='ocrx_word' id='word_1_175' title='bbox 1852 2094 1919 2145; x_wconf 87' lang='lat' dir='ltr'><strong>et</strong></span> <span class='ocrx_word' id='word_1_176' title='bbox 1947 2019 2003 2144; x_wconf 50' lang='lat' dir='ltr'>g</span> <span class='ocrx_word' id='word_1_177' title='bbox 2049 2081 2254 2146; x_wconf 87' lang='lat' dir='ltr'><strong>thicae</strong></span> 
     </span>
     <span class='ocr_line' id='line_1_23' title="bbox 148 2105 2262 2253; baseline 0.003 -30"><span class='ocrx_word' id='word_1_178' title='bbox 148 2174 350 2226; x_wconf 85' lang='lat' dir='ltr'><strong>sortes</strong></span> <span class='ocrx_word' id='word_1_179' title='bbox 394 2177 633 2240; x_wconf 82' lang='lat' dir='ltr'><strong>notae3</strong></span> <span class='ocrx_word' id='word_1_180' title='bbox 688 2178 774 2244; x_wconf 89' lang='lat' dir='ltr'><strong>et,</strong></span> <span class='ocrx_word' id='word_1_181' title='bbox 807 2180 1118 2252; x_wconf 86' lang='lat' dir='ltr'><strong>quantum</strong></span> <span class='ocrx_word' id='word_1_182' title='bbox 1161 2166 1455 2230; x_wconf 88' lang='lat' dir='ltr'><strong>humanis</strong></span> <span class='ocrx_word' id='word_1_183' title='bbox 1498 2166 1784 2230; x_wconf 88' lang='lat' dir='ltr'><strong>adiuvari</strong></span> <span class='ocrx_word' id='word_1_184' title='bbox 1827 2105 2103 2230; x_wconf 58' lang='lat' dir='ltr'><strong>consiiiis</strong></span> <span class='ocrx_word' id='word_1_185' title='bbox 2146 2190 2262 2253; x_wconf 91' lang='lat' dir='ltr'><strong>po-</strong></span> 
     </span>
     <span class='ocr_line' id='line_1_24' title="bbox 150 2252 2262 2338; baseline 0.003 -29"><span class='ocrx_word' id='word_1_186' title='bbox 150 2256 364 2313; x_wconf 78' lang='lat' dir='ltr'><strong>tuerat</strong></span> <span class='ocrx_word' id='word_1_187' title='bbox 426 2274 553 2327; x_wconf 90' lang='lat' dir='ltr'><strong>res,</strong></span> <span class='ocrx_word' id='word_1_188' title='bbox 614 2252 847 2317; x_wconf 87' lang='lat' dir='ltr'><strong>ducem</strong></span> <span class='ocrx_word' id='word_1_189' title='bbox 906 2252 1002 2318; x_wconf 89' lang='lat' dir='ltr'><strong>M.</strong></span> <span class='ocrx_word' id='word_1_190' title='bbox 1055 2252 1337 2330; x_wconf 88' lang='lat' dir='ltr'><strong>Furium,</strong></span> <span class='ocrx_word' id='word_1_191' title='bbox 1400 2252 1750 2315; x_wconf 88' lang='lat' dir='ltr'><strong>maximum</strong></span> <span class='ocrx_word' id='word_1_192' title='bbox 1809 2252 2262 2338; x_wconf 88' lang='lat' dir='ltr'><strong>imperatorum</strong></span> 
     </span>
     <span class='ocr_line' id='line_1_25' title="bbox 156 2335 2267 2425; baseline 0.003 -31"><span class='ocrx_word' id='word_1_193' title='bbox 156 2335 467 2415; x_wconf 90' lang='lat' dir='ltr'><strong>omnium,</strong></span> <span class='ocrx_word' id='word_1_194' title='bbox 518 2337 844 2424; x_wconf 81' lang='lat' dir='ltr'><strong>legerant3</strong></span> <span class='ocrx_word' id='word_1_195' title='bbox 908 2351 1143 2416; x_wconf 90' lang='lat' dir='ltr'><strong>tamen,</strong></span> <span class='ocrx_word' id='word_1_196' title='bbox 1194 2340 1347 2425; x_wconf 87' lang='lat' dir='ltr'><strong>quia</strong></span> <span class='ocrx_word' id='word_1_197' title='bbox 1392 2351 1487 2403; x_wconf 87' lang='lat' dir='ltr'><strong>tot</strong></span> <span class='ocrx_word' id='word_1_198' title='bbox 1539 2338 1722 2401; x_wconf 88' lang='lat' dir='ltr'><strong>annis</strong></span> <span class='ocrx_word' id='word_1_199' title='bbox 1773 2338 1942 2402; x_wconf 83' lang='lat' dir='ltr'><strong>varie</strong></span> <span class='ocrx_word' id='word_1_200' title='bbox 1990 2339 2079 2402; x_wconf 88' lang='lat' dir='ltr'><strong>ibi</strong></span> <span class='ocrx_word' id='word_1_201' title='bbox 2130 2338 2267 2403; x_wconf 90' lang='lat' dir='ltr'><strong>bel-</strong></span> 
     </span>
     <span class='ocr_line' id='line_1_26' title="bbox 156 2415 2266 2523; baseline 0.004 -43"><span class='ocrx_word' id='word_1_202' title='bbox 156 2415 359 2485; x_wconf 87' lang='lat' dir='ltr'><strong>latum</strong></span> <span class='ocrx_word' id='word_1_203' title='bbox 400 2436 559 2501; x_wconf 90' lang='lat' dir='ltr'><strong>erat,</strong></span> <span class='ocrx_word' id='word_1_204' title='bbox 592 2424 957 2512; x_wconf 81' lang='lat' dir='ltr'><strong>multaeque</strong></span> <span class='ocrx_word' id='word_1_205' title='bbox 1002 2426 1215 2491; x_wconf 83' lang='lat' dir='ltr'><strong>clades</strong></span> <span class='ocrx_word' id='word_1_206' title='bbox 1260 2438 1577 2523; x_wconf 75' lang='lat' dir='ltr'><strong>acceptae,</strong></span> <span class='ocrx_word' id='word_1_207' title='bbox 1608 2424 1784 2487; x_wconf 86' lang='lat' dir='ltr'><strong>velut</strong></span> <span class='ocrx_word' id='word_1_208' title='bbox 1822 2446 1905 2488; x_wconf 87' lang='lat' dir='ltr'><strong>ex</strong></span> <span class='ocrx_word' id='word_1_209' title='bbox 1944 2424 2266 2510; x_wconf 87' lang='lat' dir='ltr'><strong>insperato</strong></span> 
     </span>
     <span class='ocr_line' id='line_1_27' title="bbox 160 2502 2267 2597; baseline 0.004 -32"><span class='ocrx_word' id='word_1_210' title='bbox 160 2502 549 2574; x_wconf 87' lang='lat' dir='ltr'><strong>immensum</strong></span> <span class='ocrx_word' id='word_1_211' title='bbox 600 2510 903 2597; x_wconf 86' lang='lat' dir='ltr'><strong>gaudium</strong></span> <span class='ocrx_word' id='word_1_212' title='bbox 955 2511 1113 2576; x_wconf 86' lang='lat' dir='ltr'><strong>fuit:</strong></span> <span class='ocrx_word' id='word_1_213' title='bbox 1182 2523 1267 2587; x_wconf 87' lang='lat' dir='ltr'><strong>et,</strong></span> <span class='ocrx_word' id='word_1_214' title='bbox 1320 2532 1692 2597; x_wconf 81' lang='lat' dir='ltr'><strong>prlusquam</strong></span> <span class='ocrx_word' id='word_1_215' title='bbox 1743 2522 1997 2573; x_wconf 87' lang='lat' dir='ltr'><strong>senatus</strong></span> <span class='ocrx_word' id='word_1_216' title='bbox 2048 2509 2267 2573; x_wconf 88' lang='lat' dir='ltr'><strong>decer-</strong></span> 
     </span>
     <span class='ocr_line' id='line_1_28' title="bbox 160 2595 2270 2695; baseline 0.004 -43"><span class='ocrx_word' id='word_1_217' title='bbox 160 2608 360 2672; x_wconf 86' lang='lat' dir='ltr'><strong>neret,</strong></span> <span class='ocrx_word' id='word_1_218' title='bbox 410 2596 609 2683; x_wconf 87' lang='lat' dir='ltr'><strong>plena</strong></span> <span class='ocrx_word' id='word_1_219' title='bbox 660 2598 875 2662; x_wconf 91' lang='lat' dir='ltr'><strong>omnia</strong></span> <span class='ocrx_word' id='word_1_220' title='bbox 934 2596 1173 2683; x_wconf 89' lang='lat' dir='ltr'><strong>templa</strong></span> <span class='ocrx_word' id='word_1_221' title='bbox 1220 2595 1658 2661; x_wconf 88' lang='lat' dir='ltr'><strong>Romanarum</strong></span> <span class='ocrx_word' id='word_1_222' title='bbox 1711 2609 2004 2672; x_wconf 88' lang='lat' dir='ltr'><strong>matrum,</strong></span> <span class='ocrx_word' id='word_1_223' title='bbox 2059 2608 2270 2695; x_wconf 73' lang='lat' dir='ltr'><strong>grates</strong></span> 
     </span>
     <span class='ocr_line' id='line_1_29' title="bbox 164 2675 2268 2769; baseline 0.002 -28"><span class='ocrx_word' id='word_1_224' title='bbox 164 2675 283 2741; x_wconf 83' lang='lat' dir='ltr'><strong>diis</strong></span> <span class='ocrx_word' id='word_1_225' title='bbox 312 2682 665 2769; x_wconf 83' lang='lat' dir='ltr'><strong>agentium,</strong></span> <span class='ocrx_word' id='word_1_226' title='bbox 697 2696 891 2749; x_wconf 88' lang='lat' dir='ltr'><strong>erant.</strong></span> <span class='ocrx_word' id='word_1_227' title='bbox 964 2682 1235 2748; x_wconf 84' lang='lat' dir='ltr'><strong>Senatus</strong></span> <span class='ocrx_word' id='word_1_228' title='bbox 1264 2683 1334 2745; x_wconf 92' lang='lat' dir='ltr'><strong>in</strong></span> <span class='ocrx_word' id='word_1_229' title='bbox 1363 2680 1796 2767; x_wconf 82' lang='lat' dir='ltr'><strong>quatriduum,</strong></span> <span class='ocrx_word' id='word_1_230' title='bbox 1830 2694 1988 2767; x_wconf 85' lang='lat' dir='ltr'><strong>quot</strong></span> <span class='ocrx_word' id='word_1_231' title='bbox 2016 2682 2268 2746; x_wconf 81' lang='lat' dir='ltr'><strong>dlerum</strong></span> 
     </span>
    </p>
   </div>
   <div class='ocr_carea' id='block_1_4' title="bbox 2382 1994 2484 2053">
    <p class='ocr_par' dir='ltr' id='par_1_5' title="bbox 2382 1994 2484 2053">
     <span class='ocr_line' id='line_1_30' title="bbox 2382 1994 2484 2053; baseline 0 0"><span class='ocrx_word' id='word_1_232' title='bbox 2382 1994 2484 2053; x_wconf 88' lang='grc'><strong>23.</strong></span> 
     </span>
    </p>
   </div>
   <div class='ocr_carea' id='block_1_5' title="bbox 164 2763 2572 2933">
    <p class='ocr_par' dir='ltr' id='par_1_6' title="bbox 164 2763 2572 2933">
     <span class='ocr_line' id='line_1_31' title="bbox 164 2763 2516 2869; baseline 0.004 -38"><span class='ocrx_word' id='word_1_233' title='bbox 164 2763 337 2862; x_wconf 67' lang='lat' dir='ltr'><strong>nullo</strong></span> <span class='ocrx_word' id='word_1_234' title='bbox 368 2782 520 2832; x_wconf 88' lang='lat' dir='ltr'><strong>ante</strong></span> <span class='ocrx_word' id='word_1_235' title='bbox 550 2768 737 2847; x_wconf 92' lang='lat' dir='ltr'><strong>bello,</strong></span> <span class='ocrx_word' id='word_1_236' title='bbox 763 2769 1251 2856; x_wconf 87' lang='lat' dir='ltr'><strong>supplicationes</strong></span> <span class='ocrx_word' id='word_1_237' title='bbox 1274 2768 1580 2833; x_wconf 82' lang='lat' dir='ltr'><strong>decernit.</strong></span> <span class='ocrx_word' id='word_1_238' title='bbox 1645 2767 1984 2832; x_wconf 86' lang='lat' dir='ltr'><strong>Adventus</strong></span> <span class='ocrx_word' id='word_1_239' title='bbox 2009 2791 2266 2869; x_wconf 86' lang='lat' dir='ltr'><strong>quoque</strong></span> <span class='ocrx_word' id='word_1_240' title='bbox 2286 2788 2516 2839; x_wconf 72' lang='lat' dir='ltr'><strong>Dictator</strong></span> 
     </span>
     <span class='ocr_line' id='line_1_32' title="bbox 168 2847 2572 2933; baseline 0.002 -18"><span class='ocrx_word' id='word_1_241' title='bbox 168 2847 510 2931; x_wconf 73' lang='lat' dir='ltr'><strong>dictatorie,</strong></span> <span class='ocrx_word' id='word_1_242' title='bbox 564 2857 857 2919; x_wconf 90' lang='lat' dir='ltr'><strong>omnibus</strong></span> <span class='ocrx_word' id='word_1_243' title='bbox 909 2856 1237 2921; x_wconf 81' lang='lat' dir='ltr'><strong>ordinibus</strong></span> <span class='ocrx_word' id='word_1_244' title='bbox 1287 2854 1537 2919; x_wconf 85' lang='lat' dir='ltr'><strong>obviam</strong></span> <span class='ocrx_word' id='word_1_245' title='bbox 1590 2854 1822 2931; x_wconf 71' lang='lat' dir='ltr'><strong>effusiS,</strong></span> <span class='ocrx_word' id='word_1_246' title='bbox 1873 2856 2266 2933; x_wconf 76' lang='lat' dir='ltr'><strong>celebratior,</strong></span> <span class='ocrx_word' id='word_1_247' title='bbox 2283 2854 2572 2920; x_wconf 69' lang='lat' dir='ltr'><strong>triumphat.</strong></span> 
     </span>
    </p>
   </div>
   <div class='ocr_carea' id='block_1_6' title="bbox 129 2940 2269 3289">
    <p class='ocr_par' dir='ltr' id='par_1_7' title="bbox 129 2940 2269 3289">
     <span class='ocr_line' id='line_1_33' title="bbox 168 2940 2268 3029; baseline 0.004 -29"><span class='ocrx_word' id='word_1_248' title='bbox 168 2956 357 3020; x_wconf 88' lang='lat' dir='ltr'><strong>quam</strong></span> <span class='ocrx_word' id='word_1_249' title='bbox 410 2940 603 3005; x_wconf 80' lang='lat' dir='ltr'><strong>ullius</strong></span> <span class='ocrx_word' id='word_1_250' title='bbox 656 2964 937 3029; x_wconf 89' lang='lat' dir='ltr'><strong>unquam</strong></span> <span class='ocrx_word' id='word_1_251' title='bbox 996 2954 1186 3007; x_wconf 88' lang='lat' dir='ltr'><strong>antea</strong></span> <span class='ocrx_word' id='word_1_252' title='bbox 1234 2942 1393 3005; x_wconf 84' lang='lat' dir='ltr'><strong>fuit:</strong></span> <span class='ocrx_word' id='word_1_253' title='bbox 1464 2941 1950 3029; x_wconf 85' lang='lat' dir='ltr'><strong>triumphusque</strong></span> <span class='ocrx_word' id='word_1_254' title='bbox 2010 2966 2268 3008; x_wconf 88' lang='lat' dir='ltr'><strong>omnem</strong></span> 
     </span>
     <span class='ocr_line' id='line_1_34' title="bbox 169 3027 2269 3115; baseline 0.006 -33"><span class='ocrx_word' id='word_1_255' title='bbox 169 3040 541 3092; x_wconf 84' lang='lat' dir='ltr'><strong>consuetum</strong></span> <span class='ocrx_word' id='word_1_256' title='bbox 593 3027 949 3092; x_wconf 89' lang='lat' dir='ltr'><strong>honorandi</strong></span> <span class='ocrx_word' id='word_1_257' title='bbox 1000 3027 1131 3093; x_wconf 91' lang='lat' dir='ltr'><strong>diei</strong></span> <span class='ocrx_word' id='word_1_258' title='bbox 1178 3028 1348 3092; x_wconf 85' lang='lat' dir='ltr'><strong>illius</strong></span> <span class='ocrx_word' id='word_1_259' title='bbox 1396 3028 1660 3091; x_wconf 88' lang='lat' dir='ltr'><strong>modum</strong></span> <span class='ocrx_word' id='word_1_260' title='bbox 1707 3028 2104 3115; x_wconf 90' lang='lat' dir='ltr'><strong>aliquantum</strong></span> <span class='ocrx_word' id='word_1_261' title='bbox 2153 3053 2269 3094; x_wconf 82' lang='lat' dir='ltr'><strong>ex-</strong></span> 
     </span>
     <span class='ocr_line' id='line_1_35' title="bbox 171 3112 2268 3203; baseline 0.001 -27"><span class='ocrx_word' id='word_1_262' title='bbox 171 3112 371 3177; x_wconf 83' lang='lat' dir='ltr'><strong>cessit.</strong></span> <span class='ocrx_word' id='word_1_263' title='bbox 486 3113 775 3178; x_wconf 83' lang='lat' dir='ltr'><strong>Maxime</strong></span> <span class='ocrx_word' id='word_1_264' title='bbox 834 3128 1209 3202; x_wconf 89' lang='lat' dir='ltr'><strong>conspectus</strong></span> <span class='ocrx_word' id='word_1_265' title='bbox 1267 3114 1401 3203; x_wconf 90' lang='lat' dir='ltr'><strong>ipse</strong></span> <span class='ocrx_word' id='word_1_266' title='bbox 1454 3127 1569 3191; x_wconf 88' lang='lat' dir='ltr'><strong>est,</strong></span> <span class='ocrx_word' id='word_1_267' title='bbox 1625 3137 1816 3178; x_wconf 86' lang='lat' dir='ltr'><strong>curru</strong></span> <span class='ocrx_word' id='word_1_268' title='bbox 1869 3116 2051 3201; x_wconf 90' lang='lat' dir='ltr'><strong>equis</strong></span> <span class='ocrx_word' id='word_1_269' title='bbox 2110 3115 2268 3180; x_wconf 88' lang='lat' dir='ltr'><strong>albis</strong></span> 
     </span>
     <span class='ocr_line' id='line_1_36' title="bbox 129 3192 2264 3289; baseline 0.003 -31"><span class='ocrx_word' id='word_1_270' title='bbox 129 3218 159 3267; x_wconf 68' lang='lat'><strong>‚3</strong></span> <span class='ocrx_word' id='word_1_271' title='bbox 174 3192 387 3265; x_wconf 86' lang='lat' dir='ltr'><strong>iuncto</strong></span> <span class='ocrx_word' id='word_1_272' title='bbox 418 3201 643 3265; x_wconf 88' lang='lat' dir='ltr'><strong>urbem</strong></span> <span class='ocrx_word' id='word_1_273' title='bbox 672 3200 998 3266; x_wconf 81' lang='lat' dir='ltr'><strong>invectus:</strong></span> <span class='ocrx_word' id='word_1_274' title='bbox 1048 3223 1401 3289; x_wconf 87' lang='lat' dir='ltr'><strong>parumque</strong></span> <span class='ocrx_word' id='word_1_275' title='bbox 1432 3200 1503 3264; x_wconf 92' lang='lat' dir='ltr'><strong>id</strong></span> <span class='ocrx_word' id='word_1_276' title='bbox 1531 3223 1663 3265; x_wconf 89' lang='lat' dir='ltr'><strong>non</strong></span> <span class='ocrx_word' id='word_1_277' title='bbox 1693 3199 1877 3264; x_wconf 86' lang='lat' dir='ltr'><strong>civile</strong></span> <span class='ocrx_word' id='word_1_278' title='bbox 1909 3200 2120 3277; x_wconf 90' lang='lat' dir='ltr'><strong>modo,</strong></span> <span class='ocrx_word' id='word_1_279' title='bbox 2153 3202 2264 3265; x_wconf 86' lang='lat' dir='ltr'><strong>sed</strong></span> 
     </span>
    </p>
   </div>
   <div class='ocr_carea' id='block_1_7' title="bbox 177 3420 2268 4318">
    <p class='ocr_par' dir='ltr' id='par_1_8' title="bbox 177 3420 2265 3677">
     <span class='ocr_line' id='line_1_37' title="bbox 234 3420 2264 3487; baseline 0 -16"><span class='ocrx_word' id='word_1_280' title='bbox 234 3437 265 3486; x_wconf 90' lang='lat'>9</span> <span class='ocrx_word' id='word_1_281' title='bbox 308 3426 455 3484; x_wconf 76' lang='lat' dir='ltr'><strong>Velle,</strong></span> <span class='ocrx_word' id='word_1_282' title='bbox 476 3426 722 3485; x_wconf 74' lang='lat' dir='ltr'><strong>auditam]</strong></span> <span class='ocrx_word' id='word_1_283' title='bbox 772 3426 915 3474; x_wconf 84' lang='lat' dir='ltr'><strong>Haec</strong></span> <span class='ocrx_word' id='word_1_284' title='bbox 941 3424 1187 3487; x_wconf 79' lang='lat' dir='ltr'><strong>improbat</strong></span> <span class='ocrx_word' id='word_1_285' title='bbox 1250 3424 1418 3473; x_wconf 83' lang='lat' dir='ltr'><strong>sedem</strong></span> <span class='ocrx_word' id='word_1_286' title='bbox 1446 3438 1584 3472; x_wconf 78' lang='lat' dir='ltr'><strong>suam</strong></span> <span class='ocrx_word' id='word_1_287' title='bbox 1607 3423 1658 3471; x_wconf 86' lang='lat' dir='ltr'><strong>in</strong></span> <span class='ocrx_word' id='word_1_288' title='bbox 1681 3420 1928 3471; x_wconf 82' lang='lat' dir='ltr'><strong>Aventino</strong></span> <span class='ocrx_word' id='word_1_289' title='bbox 1963 3437 2144 3484; x_wconf 86' lang='lat' dir='ltr'><strong>ponere</strong></span> <span class='ocrx_word' id='word_1_290' title='bbox 2166 3424 2264 3473; x_wconf 84' lang='lat' dir='ltr'><strong>vel-</strong></span> 
     </span>
     <span class='ocr_line' id='line_1_38' title="bbox 178 3480 2265 3547; baseline 0.001 -12"><span class='ocrx_word' id='word_1_291' title='bbox 178 3480 305 3537; x_wconf 84' lang='lat' dir='ltr'><strong>Plut.</strong></span> <span class='ocrx_word' id='word_1_292' title='bbox 328 3488 380 3537; x_wconf 90' lang='lat' dir='ltr'><strong>in</strong></span> <span class='ocrx_word' id='word_1_293' title='bbox 404 3490 545 3539; x_wconf 88' lang='lat' dir='ltr'><strong>Cam.</strong></span> <span class='ocrx_word' id='word_1_294' title='bbox 566 3487 615 3547; x_wconf 89' lang='lat'><strong>6,</strong></span> <span class='ocrx_word' id='word_1_295' title='bbox 636 3490 723 3537; x_wconf 78' lang='lat' dir='ltr'><strong>sed</strong></span> <span class='ocrx_word' id='word_1_296' title='bbox 748 3488 895 3537; x_wconf 89' lang='lat' dir='ltr'><strong>Dion.</strong></span> <span class='ocrx_word' id='word_1_297' title='bbox 922 3490 1045 3538; x_wconf 85' lang='lat' dir='ltr'><strong>Exc.</strong></span> <span class='ocrx_word' id='word_1_298' title='bbox 1071 3488 1183 3537; x_wconf 83' lang='lat' dir='ltr'><strong>Vat.</strong></span> <span class='ocrx_word' id='word_1_299' title='bbox 1249 3488 1338 3546; x_wconf 81' lang='lat' dir='ltr'><strong>let,</strong></span> <span class='ocrx_word' id='word_1_300' title='bbox 1382 3488 1674 3536; x_wconf 80' lang='lat' dir='ltr'><strong>Veientibus</strong></span> <span class='ocrx_word' id='word_1_301' title='bbox 1716 3485 1890 3534; x_wconf 83' lang='lat' dir='ltr'><strong>iratam</strong></span> <span class='ocrx_word' id='word_1_302' title='bbox 1935 3486 2101 3534; x_wconf 87' lang='lat' dir='ltr'><strong>omnia</strong></span> <span class='ocrx_word' id='word_1_303' title='bbox 2141 3488 2265 3537; x_wconf 85' lang='lat' dir='ltr'><strong>haec</strong></span> 
     </span>
     <span class='ocr_line' id='line_1_39' title="bbox 178 3548 1886 3619; baseline -0.001 -20"><span class='ocrx_word' id='word_1_304' title='bbox 178 3548 255 3619; x_wconf 62' lang='lat' dir='ltr'><strong>xii.</strong></span> <span class='ocrx_word' id='word_1_305' title='bbox 280 3566 297 3599; x_wconf 91' lang='lat'>1</span> <span class='ocrx_word' id='word_1_306' title='bbox 308 3566 351 3614; x_wconf 84' lang='lat'><strong>7.</strong></span> <span class='ocrx_word' id='word_1_307' title='bbox 368 3552 443 3600; x_wconf 82' lang='lat' dir='ltr'><strong>bis</strong></span> <span class='ocrx_word' id='word_1_308' title='bbox 456 3554 627 3601; x_wconf 82' lang='lat' dir='ltr'><strong>eadem</strong></span> <span class='ocrx_word' id='word_1_309' title='bbox 646 3554 793 3601; x_wconf 80' lang='lat' dir='ltr'><strong>verba</strong></span> <span class='ocrx_word' id='word_1_310' title='bbox 807 3554 951 3602; x_wconf 82' lang='lat' dir='ltr'><strong>deam</strong></span> <span class='ocrx_word' id='word_1_311' title='bbox 974 3568 1187 3615; x_wconf 84' lang='lat' dir='ltr'><strong>pronun·</strong></span> <span class='ocrx_word' id='word_1_312' title='bbox 1250 3552 1384 3599; x_wconf 89' lang='lat' dir='ltr'><strong>mala</strong></span> <span class='ocrx_word' id='word_1_313' title='bbox 1403 3551 1452 3599; x_wconf 87' lang='lat' dir='ltr'><strong>in</strong></span> <span class='ocrx_word' id='word_1_314' title='bbox 1478 3550 1630 3599; x_wconf 75' lang='lat' dir='ltr'><strong>Veios</strong></span> <span class='ocrx_word' id='word_1_315' title='bbox 1649 3550 1886 3599; x_wconf 74' lang='lat' dir='ltr'><strong>intulisse.</strong></span> 
     </span>
     <span class='ocr_line' id='line_1_40' title="bbox 177 3614 2264 3677; baseline 0.001 -16"><span class='ocrx_word' id='word_1_316' title='bbox 177 3616 314 3665; x_wconf 64' lang='lat' dir='ltr'><strong>nasse</strong></span> <span class='ocrx_word' id='word_1_317' title='bbox 334 3616 517 3665; x_wconf 75' lang='lat' dir='ltr'><strong>scribit.</strong></span> <span class='ocrx_word' id='word_1_318' title='bbox 1317 3630 1344 3663; x_wconf 70' lang='grc' dir='ltr'>α</span> <span class='ocrx_word' id='word_1_319' title='bbox 1382 3616 1562 3665; x_wconf 77' lang='lat' dir='ltr'><strong>Decem</strong></span> <span class='ocrx_word' id='word_1_320' title='bbox 1593 3621 1798 3664; x_wconf 71' lang='lat' dir='ltr'><strong>aestates</strong></span> <span class='ocrx_word' id='word_1_321' title='bbox 1826 3614 2096 3677; x_wconf 69' lang='lat' dir='ltr'><strong>hiemesque</strong></span> <span class='ocrx_word' id='word_1_322' title='bbox 2116 3618 2264 3663; x_wconf 64' lang='lat' dir='ltr'><strong>oonsi-</strong></span> 
     </span>
    </p>

    <p class='ocr_par' dir='ltr' id='par_1_9' title="bbox 180 3677 2268 4318">
     <span class='ocr_line' id='line_1_41' title="bbox 244 3677 2263 3741; baseline 0 -14"><span class='ocrx_word' id='word_1_323' title='bbox 244 3693 261 3727; x_wconf 90' lang='lat'>1</span> <span class='ocrx_word' id='word_1_324' title='bbox 302 3684 571 3730; x_wconf 73' lang='lat' dir='ltr'><strong>Aeternam</strong></span> <span class='ocrx_word' id='word_1_325' title='bbox 612 3682 769 3730; x_wconf 70' lang='lat' dir='ltr'><strong>eedem</strong></span> <span class='ocrx_word' id='word_1_326' title='bbox 808 3684 975 3741; x_wconf 71' lang='lat' dir='ltr'><strong>suam]</strong></span> <span class='ocrx_word' id='word_1_327' title='bbox 1036 3680 1183 3729; x_wconf 89' lang='lat' dir='ltr'><strong>Iuno-</strong></span> <span class='ocrx_word' id='word_1_328' title='bbox 1248 3681 1405 3738; x_wconf 68' lang='grc' dir='ltr'><strong>παπ]</strong></span> <span class='ocrx_word' id='word_1_329' title='bbox 1436 3678 1549 3727; x_wconf 86' lang='lat' dir='ltr'><strong>Veii</strong></span> <span class='ocrx_word' id='word_1_330' title='bbox 1567 3677 1758 3726; x_wconf 86' lang='lat' dir='ltr'><strong>decimo</strong></span> <span class='ocrx_word' id='word_1_331' title='bbox 1772 3678 1971 3739; x_wconf 89' lang='lat' dir='ltr'><strong>quidem</strong></span> <span class='ocrx_word' id='word_1_332' title='bbox 1987 3692 2115 3725; x_wconf 88' lang='lat' dir='ltr'><strong>anno</strong></span> <span class='ocrx_word' id='word_1_333' title='bbox 2133 3684 2263 3741; x_wconf 76' lang='lat' dir='ltr'><strong>post-</strong></span> 
     </span>
     <span class='ocr_line' id='line_1_42' title="bbox 180 3742 2262 3807; baseline 0 -16"><span class='ocrx_word' id='word_1_334' title='bbox 180 3754 284 3791; x_wconf 84' lang='lat' dir='ltr'><strong>nem</strong></span> <span class='ocrx_word' id='word_1_335' title='bbox 300 3744 615 3807; x_wconf 77' lang='lat' dir='ltr'><strong>Pelasgomm</strong></span> <span class='ocrx_word' id='word_1_336' title='bbox 636 3743 799 3792; x_wconf 84' lang='lat' dir='ltr'><strong>Deam</strong></span> <span class='ocrx_word' id='word_1_337' title='bbox 817 3746 1063 3806; x_wconf 85' lang='lat' dir='ltr'><strong>quandam</strong></span> <span class='ocrx_word' id='word_1_338' title='bbox 1078 3758 1185 3805; x_wconf 85' lang='lat' dir='ltr'><strong>pro-</strong></span> <span class='ocrx_word' id='word_1_339' title='bbox 1250 3757 1397 3804; x_wconf 84' lang='lat' dir='ltr'><strong>quam</strong></span> <span class='ocrx_word' id='word_1_340' title='bbox 1421 3742 1627 3790; x_wconf 82' lang='lat' dir='ltr'><strong>obsideri</strong></span> <span class='ocrx_word' id='word_1_341' title='bbox 1645 3742 1806 3804; x_wconf 86' lang='lat' dir='ltr'><strong>coepti</strong></span> <span class='ocrx_word' id='word_1_342' title='bbox 1829 3748 1984 3802; x_wconf 82' lang='lat' dir='ltr'><strong>erant,</strong></span> <span class='ocrx_word' id='word_1_343' title='bbox 1999 3743 2061 3790; x_wconf 86' lang='lat' dir='ltr'><strong>ab</strong></span> <span class='ocrx_word' id='word_1_344' title='bbox 2082 3743 2262 3792; x_wconf 83' lang='lat' dir='ltr'><strong>Roma-</strong></span> 
     </span>
     <span class='ocr_line' id='line_1_43' title="bbox 182 3805 2264 3870; baseline 0 -16"><span class='ocrx_word' id='word_1_345' title='bbox 182 3806 347 3868; x_wconf 83' lang='lat' dir='ltr'><strong>priam,</strong></span> <span class='ocrx_word' id='word_1_346' title='bbox 368 3814 519 3870; x_wconf 75' lang='lat' dir='ltr'><strong>atque</strong></span> <span class='ocrx_word' id='word_1_347' title='bbox 538 3808 713 3856; x_wconf 83' lang='lat' dir='ltr'><strong>aedem</strong></span> <span class='ocrx_word' id='word_1_348' title='bbox 734 3808 937 3857; x_wconf 77' lang='lat' dir='ltr'><strong>Iunonis</strong></span> <span class='ocrx_word' id='word_1_349' title='bbox 956 3806 1187 3857; x_wconf 78' lang='lat' dir='ltr'><strong>Laciniae</strong></span> <span class='ocrx_word' id='word_1_350' title='bbox 1252 3805 1327 3854; x_wconf 78' lang='lat' dir='ltr'><strong>nis</strong></span> <span class='ocrx_word' id='word_1_351' title='bbox 1348 3806 1479 3869; x_wconf 84' lang='lat' dir='ltr'><strong>capti</strong></span> <span class='ocrx_word' id='word_1_352' title='bbox 1503 3812 1629 3855; x_wconf 84' lang='lat' dir='ltr'><strong>sunt.</strong></span> <span class='ocrx_word' id='word_1_353' title='bbox 1693 3808 1760 3855; x_wconf 83' lang='lat' dir='ltr'><strong>At</strong></span> <span class='ocrx_word' id='word_1_354' title='bbox 1781 3806 2098 3855; x_wconf 80' lang='lat' dir='ltr'><strong>hibernacula</strong></span> <span class='ocrx_word' id='word_1_355' title='bbox 2119 3808 2264 3855; x_wconf 82' lang='lat' dir='ltr'><strong>tertio</strong></span> 
     </span>
     <span class='ocr_line' id='line_1_44' title="bbox 184 3868 2262 3934; baseline 0.001 -18"><span class='ocrx_word' id='word_1_356' title='bbox 184 3868 517 3931; x_wconf 71' lang='lat' dir='ltr'><strong>ocimu-orum,</strong></span> <span class='ocrx_word' id='word_1_357' title='bbox 544 3872 629 3933; x_wconf 89' lang='lat' dir='ltr'><strong>qui</strong></span> <span class='ocrx_word' id='word_1_358' title='bbox 662 3872 835 3920; x_wconf 82' lang='lat' dir='ltr'><strong>eadem</strong></span> <span class='ocrx_word' id='word_1_359' title='bbox 870 3872 1070 3934; x_wconf 79' lang='lat' dir='ltr'><strong>origine,</strong></span> <span class='ocrx_word' id='word_1_360' title='bbox 1091 3886 1191 3933; x_wconf 82' lang='lat' dir='ltr'><strong>qua</strong></span> <span class='ocrx_word' id='word_1_361' title='bbox 1252 3871 1451 3918; x_wconf 86' lang='lat' dir='ltr'><strong>demum</strong></span> <span class='ocrx_word' id='word_1_362' title='bbox 1515 3869 1776 3919; x_wconf 82' lang='lat' dir='ltr'><strong>obsidionis</strong></span> <span class='ocrx_word' id='word_1_363' title='bbox 1834 3886 1964 3920; x_wconf 90' lang='lat' dir='ltr'><strong>anno</strong></span> <span class='ocrx_word' id='word_1_364' title='bbox 2017 3869 2262 3919; x_wconf 76' lang='lat' dir='ltr'><strong>aedificari</strong></span> 
     </span>
     <span class='ocr_line' id='line_1_45' title="bbox 186 3932 2264 4003; baseline -0.001 -19"><span class='ocrx_word' id='word_1_365' title='bbox 186 3932 356 4003; x_wconf 61' lang='lat' dir='ltr'><strong>Latini,</strong></span> <span class='ocrx_word' id='word_1_366' title='bbox 376 3937 587 3995; x_wconf 72' lang='lat' dir='ltr'><strong>fueram,</strong></span> <span class='ocrx_word' id='word_1_367' title='bbox 619 3950 879 3984; x_wconf 85' lang='lat' dir='ltr'><strong>commune</strong></span> <span class='ocrx_word' id='word_1_368' title='bbox 910 3937 1079 3984; x_wconf 81' lang='lat' dir='ltr'><strong>fanum</strong></span> <span class='ocrx_word' id='word_1_369' title='bbox 1110 3936 1183 3983; x_wconf 83' lang='lat' dir='ltr'><strong>fu-</strong></span> <span class='ocrx_word' id='word_1_370' title='bbox 1250 3940 1439 3997; x_wconf 78' lang='lat' dir='ltr'><strong>coepta.</strong></span> <span class='ocrx_word' id='word_1_371' title='bbox 1510 3936 1685 3996; x_wconf 85' lang='lat' dir='ltr'><strong>Itaque</strong></span> <span class='ocrx_word' id='word_1_372' title='bbox 1713 3941 1842 3993; x_wconf 81' lang='lat' dir='ltr'><strong>octo,</strong></span> <span class='ocrx_word' id='word_1_373' title='bbox 1864 3951 1962 3983; x_wconf 90' lang='lat' dir='ltr'><strong>non</strong></span> <span class='ocrx_word' id='word_1_374' title='bbox 1985 3935 2154 3983; x_wconf 85' lang='lat' dir='ltr'><strong>decem</strong></span> <span class='ocrx_word' id='word_1_375' title='bbox 2184 3950 2264 3982; x_wconf 86' lang='lat' dir='ltr'><strong>ae-</strong></span> 
     </span>
     <span class='ocr_line' id='line_1_46' title="bbox 183 3996 2264 4067; baseline -0.001 -20"><span class='ocrx_word' id='word_1_376' title='bbox 183 4009 267 4067; x_wconf 62' lang='lat' dir='ltr'><strong>{nse</strong></span> <span class='ocrx_word' id='word_1_377' title='bbox 283 4006 451 4048; x_wconf 85' lang='lat' dir='ltr'><strong>notum</strong></span> <span class='ocrx_word' id='word_1_378' title='bbox 470 4006 557 4048; x_wconf 78' lang='lat' dir='ltr'><strong>est.</strong></span> <span class='ocrx_word' id='word_1_379' title='bbox 604 3999 757 4048; x_wconf 87' lang='lat' dir='ltr'><strong>Unde</strong></span> <span class='ocrx_word' id='word_1_380' title='bbox 774 4000 889 4047; x_wconf 91' lang='lat' dir='ltr'><strong>colli</strong></span> <span class='ocrx_word' id='word_1_381' title='bbox 926 3999 961 4047; x_wconf 80' lang='lat' dir='ltr'><strong>&#39;t</strong></span> <span class='ocrx_word' id='word_1_382' title='bbox 979 3999 1183 4048; x_wconf 86' lang='lat' dir='ltr'><strong>Niebhr.</strong></span> <span class='ocrx_word' id='word_1_383' title='bbox 1250 4005 1399 4048; x_wconf 79' lang='lat' dir='ltr'><strong>states</strong></span> <span class='ocrx_word' id='word_1_384' title='bbox 1412 3999 1694 4061; x_wconf 87' lang='lat' dir='ltr'><strong>hiemesque</strong></span> <span class='ocrx_word' id='word_1_385' title='bbox 1703 3998 1958 4047; x_wconf 81' lang='lat' dir='ltr'><strong>continuas</strong></span> <span class='ocrx_word' id='word_1_386' title='bbox 1967 3996 2264 4046; x_wconf 70' lang='lat' dir='ltr'><strong>circumsesd</strong></span> 
     </span>
     <span class='ocr_line' id='line_1_47' title="bbox 186 4060 1596 4127; baseline 0.004 -20"><span class='ocrx_word' id='word_1_387' title='bbox 186 4060 231 4108; x_wconf 86' lang='lat' dir='ltr'><strong>1i.</strong></span> <span class='ocrx_word' id='word_1_388' title='bbox 254 4078 299 4125; x_wconf 87' lang='lat' dir='ltr'><strong>p.</strong></span> <span class='ocrx_word' id='word_1_389' title='bbox 322 4075 430 4127; x_wconf 83' lang='lat'><strong>479.</strong></span> <span class='ocrx_word' id='word_1_390' title='bbox 456 4063 509 4111; x_wconf 91' lang='lat' dir='ltr'><strong>in</strong></span> <span class='ocrx_word' id='word_1_391' title='bbox 541 4063 745 4125; x_wconf 78' lang='lat' dir='ltr'><strong>antiquo</strong></span> <span class='ocrx_word' id='word_1_392' title='bbox 774 4064 837 4111; x_wconf 84' lang='lat' dir='ltr'><strong>de</strong></span> <span class='ocrx_word' id='word_1_393' title='bbox 912 4063 999 4111; x_wconf 79' lang='lat' dir='ltr'><strong>ciis</strong></span> <span class='ocrx_word' id='word_1_394' title='bbox 1031 4062 1187 4126; x_wconf 76' lang='lat' dir='ltr'><strong>captis</strong></span> <span class='ocrx_word' id='word_1_395' title='bbox 1250 4064 1401 4111; x_wconf 68' lang='lat' dir='ltr'><strong>fixere.</strong></span> <span class='ocrx_word' id='word_1_396' title='bbox 1434 4064 1596 4113; x_wconf 66' lang='lat' dir='ltr'><strong>Cam.</strong></span> 
     </span>
     <span class='ocr_line' id='line_1_48' title="bbox 186 4122 2268 4189; baseline -0.001 -16"><span class='ocrx_word' id='word_1_397' title='bbox 186 4127 387 4175; x_wconf 85' lang='lat' dir='ltr'><strong>carmine</strong></span> <span class='ocrx_word' id='word_1_398' title='bbox 411 4128 673 4187; x_wconf 88' lang='lat' dir='ltr'><strong>Iunonem,</strong></span> <span class='ocrx_word' id='word_1_399' title='bbox 694 4132 751 4175; x_wconf 82' lang='lat' dir='ltr'><strong>ut</strong></span> <span class='ocrx_word' id='word_1_400' title='bbox 772 4143 900 4189; x_wconf 81' lang='lat' dir='ltr'><strong>quae</strong></span> <span class='ocrx_word' id='word_1_401' title='bbox 926 4127 1052 4175; x_wconf 84' lang='lat' dir='ltr'><strong>inter</strong></span> <span class='ocrx_word' id='word_1_402' title='bbox 1084 4128 1185 4189; x_wconf 82' lang='lat' dir='ltr'><strong>ple-</strong></span> <span class='ocrx_word' id='word_1_403' title='bbox 1317 4142 1345 4189; x_wconf 77' lang='lat'><strong>3</strong></span> <span class='ocrx_word' id='word_1_404' title='bbox 1366 4129 1654 4189; x_wconf 74' lang='lat' dir='ltr'><strong>Parumque</strong></span> <span class='ocrx_word' id='word_1_405' title='bbox 1669 4128 1746 4187; x_wconf 73' lang='lat' dir='ltr'><strong>id]</strong></span> <span class='ocrx_word' id='word_1_406' title='bbox 1773 4127 1956 4175; x_wconf 86' lang='lat' dir='ltr'><strong>Parum</strong></span> <span class='ocrx_word' id='word_1_407' title='bbox 1975 4122 2268 4171; x_wconf 80' lang='lat' dir='ltr'><strong>conveniens</strong></span> 
     </span>
     <span class='ocr_line' id='line_1_49' title="bbox 186 4184 2267 4254; baseline -0.001 -17"><span class='ocrx_word' id='word_1_408' title='bbox 186 4188 287 4238; x_wconf 86' lang='lat' dir='ltr'><strong>bem</strong></span> <span class='ocrx_word' id='word_1_409' title='bbox 325 4192 625 4250; x_wconf 82' lang='lat' dir='ltr'><strong>Romanam,</strong></span> <span class='ocrx_word' id='word_1_410' title='bbox 661 4191 745 4253; x_wconf 87' lang='lat' dir='ltr'><strong>qui</strong></span> <span class='ocrx_word' id='word_1_411' title='bbox 786 4191 965 4241; x_wconf 81' lang='lat' dir='ltr'><strong>Latina</strong></span> <span class='ocrx_word' id='word_1_412' title='bbox 1006 4190 1188 4254; x_wconf 80' lang='lat' dir='ltr'><strong>origine</strong></span> <span class='ocrx_word' id='word_1_413' title='bbox 1253 4205 1349 4238; x_wconf 87' lang='lat' dir='ltr'><strong>non</strong></span> <span class='ocrx_word' id='word_1_414' title='bbox 1373 4191 1534 4238; x_wconf 76' lang='lat' dir='ltr'><strong>solum</strong></span> <span class='ocrx_word' id='word_1_415' title='bbox 1557 4190 1674 4237; x_wconf 79' lang='lat' dir='ltr'><strong>civis</strong></span> <span class='ocrx_word' id='word_1_416' title='bbox 1706 4187 1975 4237; x_wconf 77' lang='lat' dir='ltr'><strong>modestiae</strong></span> <span class='ocrx_word' id='word_1_417' title='bbox 2009 4186 2092 4235; x_wconf 75' lang='lat' dir='ltr'><strong>sed</strong></span> <span class='ocrx_word' id='word_1_418' title='bbox 2117 4184 2267 4235; x_wconf 85' lang='lat' dir='ltr'><strong>etiam</strong></span> 
     </span>
     <span class='ocr_line' id='line_1_50' title="bbox 190 4250 1764 4318; baseline -0.001 -15"><span class='ocrx_word' id='word_1_419' title='bbox 190 4250 453 4315; x_wconf 72' lang='lat' dir='ltr'><strong>Tyrrhenos</strong></span> <span class='ocrx_word' id='word_1_420' title='bbox 488 4254 593 4305; x_wconf 75' lang='lat' dir='ltr'><strong>sive</strong></span> <span class='ocrx_word' id='word_1_421' title='bbox 631 4256 865 4318; x_wconf 71' lang='lat' dir='ltr'><strong>Pelasgos</strong></span> <span class='ocrx_word' id='word_1_422' title='bbox 900 4256 1189 4313; x_wconf 77' lang='lat' dir='ltr'><strong>referebant,</strong></span> <span class='ocrx_word' id='word_1_423' title='bbox 1252 4253 1464 4303; x_wconf 79' lang='lat' dir='ltr'><strong>hominis</strong></span> <span class='ocrx_word' id='word_1_424' title='bbox 1485 4252 1764 4302; x_wconf 78' lang='lat' dir='ltr'><strong>conditioni.</strong></span> 
     </span>
    </p>
   </div>
  </div>
 </body>
</html>
