3000 4784
405 367 470 416 U.
495 368 553 416 O.
580 382 687 432 259·

405 433 464 481 Λ.
498 435 555 480 C.
581 447 690 496 493.

508 787 610 847 26.

406 869 672 920 Tumultus

405 935 627 984 Sabinus.

410 1747 607 1796 Bellum

406 1827 517 1884 cum
528 1814 717 1860 Aurun—

407 1890 489 1924 cns.

512 2617 614 2682 27.

408 2702 603 2752 Turbae
624 2705 686 2752 ob

408 2781 560 2815 nexos
584 2784 653 2816 re-

409 2833 710 2880 crudescunt.

730 232 853 291 100
1503 225 1725 292 TITI
1785 225 2054 292 LIVII

730 377 865 428 tum
898 363 1167 449 praedae
1210 362 1465 428 datum:
1516 364 1665 428 inde
1707 364 1990 452 paullum
2030 375 2348 428 recreatus
2381 385 2576 450 egens
2617 363 2825 428 miles,

736 449 979 514 Consul
1000 473 1147 514 cum
1178 451 1453 513 maxima
1472 450 1676 536 gloria
1701 475 1816 516 sua
1835 453 2138 516 victorem
2161 451 2510 516 exercitum
2543 451 2828 516 Romam

730 536 1013 600 reducit:
1091 537 1508 602 decedentem
1570 537 1844 602 Romam
1915 539 2372 604 Ecetranorum
2443 537 2830 602 Volscorum
2847 551 2878 598 8

730 622 941 722 legati,
974 625 1161 688 rebus
1190 623 1318 687 suis
1348 624 1643 689 timentes
1682 639 1828 712 post
1865 626 2222 691 Pometiam
2257 639 2526 712 captam,
2557 625 2828 690 adeunt.

732 709 855 774 His
884 711 964 774 eir
995 711 1535 776 senatusconsulto
1565 711 1716 776 data
1741 735 1886 799 pax,
1918 737 2067 800 ager
2095 712 2446 798 ademptus.

820 795 1177 861 Confestim
1236 811 1303 861 et
1364 798 1588 864 Sabini
1647 798 1972 864 Romanos
2033 791 2436 864 teiritavere:
2507 798 2830 862 tumultus
2847 821 2878 870 9

730 883 901 948 enim
930 884 1055 948 fuit
1090 884 1316 961 veriuS,
1330 903 1337 912 ·
1351 907 1545 971 quam
1574 885 1832 951 bellum.
1925 886 2132 951 Nocte
2163 887 2232 950 in
2262 886 2416 950 urbe
2457 885 2830 950 nuntiatum

732 981 847 1048 est,
867 970 1217 1035 exercitum
1248 970 1552 1035 Sabinum
1617 971 2094 1038 raedabundum
2117 972 2201 1038 ad
2223 972 2549 1036 Anienem
2565 994 2830 1036 amnem

730 1057 1124 1144 pervenisse:
1173 1058 1262 1121 ibi
1289 1059 1522 1144 passim
1601 1059 1744 1145 'ripi
1783 1073 1976 1160 atque
2007 1059 2266 1124 incendi
2293 1059 2486 1124 villas.
2581 1057 2831 1124 Missus

733 1144 1055 1230 extemplo
1098 1167 1175 1208 eo
1215 1167 1362 1209 cum
1404 1145 1698 1210 omnibus
1735 1147 1934 1233 copiis
1976 1147 2266 1232 equitum
2309 1145 2392 1210 A.
2435 1145 2830 1224 Postumius,

734 1230 847 1316 qui
886 1229 1158 1296 dictator
1196 1231 1367 1297 bello
1410 1231 1642 1296 Latino
1677 1232 1916 1300 furerat:
1965 1246 2216 1297 secutus
2256 1230 2477 1297 consul
2523 1231 2832 1297 Servilius

733 1339 880 1381 cum
931 1317 1181 1382 delecta
1236 1318 1523 1405 peditum
1583 1342 1794 1384 manu.
1886 1319 2230 1406 Plerosque
2291 1318 2574 1406 palantes
2624 1342 2832 1406 eques

735 1403 1173 1470 circumvenit:
1222 1429 1341 1470 nec
1366 1405 1730 1470 advenienti
1754 1407 2040 1493 peditum
2065 1407 2302 1493 agmini
2325 1406 2556 1470 restitit
2587 1405 2834 1470 Sabina

734 1488 918 1578 legio.
1040 1491 1232 1569 Fessi,
1296 1505 1431 1556 tum
1492 1493 1739 1570 itinere,
1802 1507 1939 1557 tum
2007 1492 2416 1580 populatione
2485 1507 2830 1569 nocturna,

736 1599 968 1663 magna
999 1600 1142 1664 pars
1180 1578 1246 1641 in
1285 1579 1449 1642 villis
1492 1578 1721 1665 repleti
1756 1581 1900 1644 cibo
1938 1581 2235 1666 vinoque,
2271 1579 2379 1644 vix
2419 1580 2606 1666 fugae
2645 1581 2832 1666 quod

732 1664 879 1727 satis
908 1679 1073 1728 esset
1098 1664 1325 1728 virium
1356 1665 1652 1730 habuere.

823 1749 1033 1814 Nocte
1062 1774 1195 1815 una
1220 1751 1437 1816 audito
1468 1752 1875 1839 perfectoque
1915 1751 2085 1818 bello
2119 1752 2374 1830 Sabin0,
2407 1765 2658 1840 postero
2695 1751 2828 1830 die,

734 1836 803 1900 in
834 1858 1133 1922 magnum
1175 1838 1300 1901 iam
1340 1861 1451 1925 spe
1494 1838 1650 1902 undi
1699 1862 1780 1904 ue
1809 1852 2025 1926 partae
2069 1840 2260 1927 paciS,
2291 1839 2350 1904 le
2435 1840 2484 1904 ti
2528 1840 2828 1904 Aurunci

732 1935 1021 1988 senatum
1066 1924 1325 2001 adeunt,
1370 1926 1440 1988 ni
1484 1925 1640 1990 dece
1687 1939 1830 1990 atur
1873 1926 2106 1992 Volsco
2153 1949 2323 2014 agm,
2353 1863 2436 1990 {a

732 2022 965 2074 centes
1061 2009 1230 2075 Cum
1276 2011 1497 2096 legatis
1545 2012 1732 2076 simul
1773 2014 2089 2079 exercitus
2135 2013 2586 2078 Auruncorum
2628 2012 2831 2078 domo

732 2097 1049 2182 profectus
1078 2113 1237 2162 erat:
1287 2099 1468 2162 cuius
1496 2099 1681 2174 fama,
1712 2099 1887 2164 haud
1917 2100 2137 2186 procul
2166 2101 2294 2164 iam
2324 2101 2403 2164 ab
2435 2099 2654 2163 Aricia
2683 2100 2830 2176 visi,

733 2195 909 2248 tanto
961 2184 1237 2248 tumultu
1284 2185 1560 2250 concivit
1619 2185 1964 2264 RomanoS,
2015 2199 2088 2250 ut
2137 2210 2258 2252 nec
2305 2185 2550 2251 consuli
2595 2185 2830 2251 ordine

732 2269 973 2347 Patres,
1023 2295 1142 2336 nec
1201 2286 1493 2359 pacatum
1546 2295 1914 2358 responsum
1961 2295 2136 2338 arma
2183 2273 2600 2338 inferentibus
2647 2295 2836 2338 arma

732 2357 853 2444 ipsi
882 2358 1202 2445 capientes
1230 2358 1381 2424 dare
1422 2371 1696 2446 possent.
1788 2360 2073 2425 Ariciam
2102 2359 2330 2426 infesto
2369 2360 2622 2447 agmine
2649 2359 2788 2424 itur
2809 2385 2828 2424 ε

732 2467 852 2509 nec
892 2446 1123 2596 <procul
1170 2446 1319 2510 inde
1364 2470 1512 2512 cum
1557 2445 1880 2512 Auruncis
1929 2447 2109 2533 signa
2158 2445 2404 2524 collata,
2451 2445 2832 2534 proelioque

734 2555 862 2597 uno

2413 1926 2610 1991 ellum
2652 1926 2830 1990 indi-

1055 2533 1074 2596 l

824 2533 1607 2699 Fm‘igfflfiiffiffcssfft'vietor
1631 2633 1727 2685 tot
1755 2621 1923 2686 intra
1949 2643 2182 2707 paucos
2205 2619 2344 2685 dies
2371 2618 2554 2686 bellis
2586 2618 2836 2684 Roma-

735 2730 855 2770 nus
884 2708 1188 2807 promissa
1208 2707 1483 2772 consulis
1513 2707 1832 2793 fidemque
1863 2721 2117 2772 senatus
2144 2708 2574 2793 exspectabat:
2622 2729 2832 2793 quum
2859 2741 2876 2772 ι

736 2795 1008 2880 Appius»,
1058 2807 1125 2857 et
1180 2794 1369 2858 insita
1409 2794 1710 2881 superbia
1757 2794 1989 2872 anim0,
2039 2807 2103 2858 et
2149 2805 2222 2858 ut
2267 2793 2546 2880 collegae
2597 2815 2834 2858 vanam

734 2880 969 2944 faceret
998 2879 1210 2955 fidem,
1236 2903 1428 2964 quam
1458 2881 1796 2966 asperrime
1826 2894 2092 2967 poterat,
2117 2881 2216 2944 ius
2243 2879 2325 2944 de
2345 2880 2602 2944 creditis
2713 2903 2834 2944 cu-

736 2966 857 3029 niis
887 2965 1117 3030 dicere.
1210 2965 1534 3053 Deinceps
1563 2979 1646 3044 et,
1679 2968 1786 3054 qui
1831 2980 1980 3032 ante
2012 2967 2160 3032 nexi
2189 2967 2464 3043 fuerant,
2495 2989 2564 3030 cr
2647 2966 2834 3031 itori-

736 3053 855 3116 bus
894 3052 1327 3129 tradebantur,
1356 3065 1424 3116 et
1450 3056 1876 3118 nectebantur
1904 3053 2028 3118 alii.
2124 3053 2320 3129 Quod
2351 3055 2460 3118 ubi
2489 3053 2594 3118 cui
2633 3052 2832 3116 militi
2855 3087 2881 3119 ’.-

734 3137 1062 3216 inciderat,
1123 3137 1425 3226 collegam
1484 3137 1872 3239 appellabat:
1946 3163 2285 3206 concursus
2341 3140 2426 3206 ad
2487 3138 2832 3204 Servilium

736 3225 946 3302 fiebat,
978 3225 1147 3290 illius
1175 3226 1479 3313 promissa
1517 3227 1851 3305 iactabant,
1883 3227 1974 3290 illi
2006 3227 2470 3314 exprobrabant
2509 3249 2622 3290 sua
2649 3226 2834 3312 quis-

737 3335 863 3397 que
914 3312 1061 3376 belli
1105 3313 1330 3377 merita
1374 3313 1819 3401 cicatricesque
1873 3337 2019 3379 acce
2067 3328 2176 3378 ωε.
2269 3313 2706 3390 Ροεῐιιίεὼωιῐ,
2753 3327 2833 3376 ut

736 3411 846 3461 aut
876 3399 1137 3463 referret
1164 3399 1248 3463 ad
1282 3414 1590 3478 senatum,
1623 3413 1736 3464 aut
1765 3414 1836 3464 ut
1864 3337 2101 3465 auxifio
2131 3414 2296 3466 esset
2324 3399 2547 3466 consul
2583 3398 2834 3466 civibus

2889 3589 2958 3626 ctu

2761 3658 2788 3686 .’
2833 3641 2958 3691 Potes

738 3690 849 3724 cum
888 3674 1146 3732 Auruncis,
1178 3676 1305 3736 quod
1350 3675 1497 3724 Dion.
1531 3675 1743 3724 omittit:
1810 3674 1956 3724 huius
1971 3675 2102 3722 vocis
2123 3681 2212 3733 est,
2229 3675 2391 3725 ubido
2409 3675 2596 3723 Gallico
2611 3680 2904 3749 &mummia

740 3739 921 3802 quippe
954 3739 1171 3788 Aurunci
1203 3755 1265 3788 ex
1304 3740 1493 3788 Volscis
1524 3739 1748 3800 gentibus
1809 3739 1982 3802 agitur,
2003 3746 2090 3788 aut
2117 3742 2336 3790 dem-em
2367 3739 2604 3788 tumultus
2631 3736 2830 3800 (ὶίσῇυὸ

739 3811 894 3862 erant,
914 3811 963 3851 et
988 3803 1243 3852 verisimile
1266 3803 1470 3862 videtur,
1500 3809 1555 3850 ut
1587 3803 1638 3850 in
1671 3803 1746 3851 his
1813 3803 1926 3851 Hoc
1969 3803 2123 3852 fusius
2164 3803 2518 3865 explicabimus
2553 3801 2617 3849 ad
2659 3801 2942 3884 viiia-emm

737 3869 995 3916 annalibus
1030 3883 1142 3915 cum
1178 3867 1387 3922 Volscis,
1419 3867 1467 3913 in
1505 3867 1602 3914 illis
1633 3882 1742 3914 cum
1811 3867 1971 3916 Cam.
2945 3858 2958 3885 ²

738 3933 998 3989 Auruncis,
1032 3932 1163 3980 idem
1207 3931 1393 3979 bellum
1436 3945 1467 3977 a
1512 3931 1750 3979 Romanis
1881 3946 1900 3978 1
1939 3934 2102 3990 Quum
2123 3967 2136 3980 .
2161 3969 2172 3981 .
2199 3969 2211 3980 .
2233 3933 2416 3991 dicere]
2461 3933 2624 3990 Quum
2647 3942 2781 3990 pam
2802 3960 2920 4011 unde

736 4003 925 4058 gestum
946 4002 1193 4044 narratum
1217 3995 1374 4043 fuerit.
1812 4010 1892 4057 ap.
1929 3995 2122 4044 Livium
2159 4011 2270 4044 cum
2299 3995 2542 4044 infinitivo
2579 3993 2846 4063 historicae·
2867 4025 2916 4083 q
2947 3987 2958 4020 ¹

800 4063 831 4109 8
864 4061 1243 4120 Ecetranorum]
1303 4058 1507 4120 Quippe
1541 4058 1748 4108 concilia
1810 4075 1956 4120 quem
2001 4065 2194 4120 vocant,
2237 4059 2560 4121 coniungitur,
2593 4071 2793 4118 quemad
2899 4047 2958 4103 .¹¹·

738 4127 1025 4174 Volscorum
1058 4124 1251 4185 saepius
1274 4123 1480 4170 Ecetrae
1503 4123 1746 4171 habebam·
1811 4125 2012 4172 modum
2037 4124 2334 4172 Graecorum
2360 4124 2474 4173 ἐπεὶ.
2529 4122 2612 4172 Sic
2633 4121 2746 4171 infr.
2761 4109 2948 4210 iuqeff'

734 4195 827 4238 tur.
854 4190 1002 4238 Dion.
1024 4188 1177 4248 viii.4„
1214 4187 1319 4236 Lir.
1340 4185 1405 4234 iii.
1424 4201 1499 4246 40.
1539 4187 1742 4236 Niebhr.
1810 4200 1885 4248 5¹·
1921 4188 2079 4238 Tacit.
2103 4191 2231 4238 Anu.
2255 4188 2351 4238 xiv.
2377 4201 2420 4250 5.
2456 4189 2650 4236 Rsscn.
2895 4175 2918 4204 Ε
2949 4183 2958 4213 ¹

733 4253 781 4300 ii.
808 4269 855 4315 p.
878 4269 955 4318 92.
1874 4266 1900 4299 ε
1941 4254 2300 4311 Tradebantur]
2363 4253 2480 4300 Hoc
2521 4257 2595 4299 est
2635 4251 2830 4302 addice·-

795 4333 831 4380 9
867 4314 1146 4378 Tumultus]
1189 4315 1290 4363 Hic
1322 4317 1559 4363 tumultus
1592 4315 1746 4362 levius
1809 4317 2002 4370 bantur.

734 4387 825 4437 est,
847 4395 993 4441 quam
1017 4381 1204 4429 bellum.
1270 4381 1337 4428 At
1372 4381 1515 4441 longe
1546 4379 1645 4428 alia
1675 4379 1745 4430 vis

2851 3775 2929 3819 est.

2739 3891 2746 3899 ’
2761 3873 2958 3954 ‚Momm

2835 4217 2958 4279 Tl‘tlfic(

2841 4288 2918 4332 ”nme
2946 4311 2958 4343 t

2871 4422 2958 4470 ‘mex

2896 4490 2954 4538 '1:-

2905 4555 2957 4594 Xe·
