3000 4784
720 226 843 289 212
1491 218 1718 285 ΤῙΤῙ
1768 216 2040 286 LIVII

402 372 469 423 U.
492 374 551 425 c.
576 372 683 437 306.
723 360 833 425 ubi
882 361 1049 424 inter
1096 358 1276 445 signa
1324 358 1616 445 peditum
1665 358 1838 423 dicta
1887 357 2106 435 dedit3
2171 356 2382 423 avolat
2427 354 2666 421 deinde
2716 352 2788 417 ad

401 440 461 487 A.
494 440 552 490 c.
576 439 687 500 446·
723 447 987 598 ῗὲιὶιίῐεε,
1050 454 1069 485 ‘
1092 446 1155 509 A
1202 445 1307 522 ‘te,
1360 445 1659 521 iuvenes}
1715 445 1944 545 inquit,
2009 454 2028 483 ‘
2049 456 2358 532 praestate
2407 443 2642 507 virtute
2691 463 2792 529 pe-

404 797 695 847 vincuntuu.
727 801 748 831 ‘
768 804 1145 857 cunctantur
1202 792 1418 879 magis,
1480 813 1674 877 quam
1732 791 2068 857 resistunt!

404 1576 603 1626 Bellum

401 1655 515 1689 cum
536 1642 619 1691 Sa-

400 1705 537 1754 binis.

504 2520 606 2581 62.

836 545 985 610 tem,
1034 546 1107 596 ut
1200 552 1395 596 onore
1446 544 1639 618 atque
1685 530 1908 595 ordine
1953 531 2298 619 praestatis.
2389 529 2609 595 Primo
2651 550 2796 593 con-

728 628 749 659 ‘
768 642 955 685 cursu
994 618 1189 707 pedes
1227 618 1425 683 movit
1462 618 1749 682 hostem:
1803 617 2058 719 pulsum
2099 640 2229 695 vos,
2265 616 2560 682 immioeis
2601 614 2796 703 equis,

727 715 748 745 ‘
768 705 1002 792 exigite
1048 728 1086 770 e
1136 726 1378 793 campo·
1471 702 1541 767 Ν
1543 726 1628 769 on
1673 706 2074 770 sustinebunt
2115 704 2466 856 im‘petum:
2521 715 2590 767 et
2633 722 2802 765 nunc

724 878 1225 979 permittuntque
1269 878 1337 942 in
1381 876 1648 955 hostem,
1688 878 1969 965 pedestri
2011 878 2136 942 iam
2181 802 2532 943 nssbgltffit
2543 810 2800 963 Ρῖἒξὶῗ

725 979 809 1043 et,
860 977 1175 1053 perruptis
1224 964 1568 1041 ordinibuS,
1613 964 1764 1029 elati
1809 964 1893 1029 ad
1935 963 2336 1029 novissimam
2387 964 2608 1039 aciem,
2659 982 2804 1049 pars

724 1051 922 1116 libero
961 1052 1163 1139 spatio
1206 1052 1629 1128 circumvecti,
1660 1051 1785 1115 iam
1831 1051 2040 1138 fugam
2083 1050 2368 1138 undique
2411 1062 2808 1137 capessentes

724 1138 931 1227 pleros
976 1161 1058 1203 ue
1100 1162 1139 1203 a
1181 1138 1397 1203 castris
1439 1150 1748 1214 avertunt,
1791 1137 2523 1225 praeterequitantesque
2568 1135 2806 1201 abster-

726 1238 884 1291 rent.
1030 1224 1274 1291 editum
1326 1225 1512 1301 acies,
1560 1238 1628 1290 et
1679 1224 1898 1289 consul
1943 1224 2098 1313 ipse,
2141 1224 2361 1310 visque
2406 1220 2614 1288 omnis
2653 1220 2806 1287 belli

726 1312 922 1377 fertur
972 1312 1040 1376 in
1100 1326 1336 1377 castrat
1406 1311 1732 1397 captisque
1789 1332 1936 1375 cum
1994 1311 2240 1397 ingenti
2297 1308 2514 1387 caede,
2565 1308 2806 1373 maiore

726 1398 960 1486 praeda
986 1398 1240 1486 potitur.

815 1484 1027 1549 Huius
1054 1507 1305 1572 pugnae
1334 1485 1503 1549 fama
1539 1482 1781 1572 perlata
1813 1504 1944 1549 non
1985 1484 2054 1547 in
2090 1482 2311 1548 urbem
2341 1482 2552 1560 modo,
2582 1482 2704 1548 sed
2739 1484 2808 1547 in

732 1571 996 1636 Sabinos
1052 1571 1134 1635 ad
1192 1570 1457 1635 alterum
1515 1571 1882 1635 exercitum.
1975 1569 2054 1634 In
2111 1570 2266 1635 urbe
2323 1569 2567 1635 laetitia
2613 1570 2810 1635 modo

726 1656 1039 1722 celebrata
1076 1670 1211 1733 est3
1257 1657 1327 1720 in
1370 1657 1588 1721 castris
1625 1657 1868 1722 animos
1907 1656 2180 1721 militnm
2227 1656 2308 1721 ad
2355 1656 2808 1721 aemulandum

724 1743 919 1808 decus
964 1742 1269 1807 accendit.
1378 1742 1516 1807 Iam
1564 1741 1870 1808 Horatius
1925 1764 2053 1822 e08‚
2105 1744 2584 1809 excursionibus
2633 1744 2808 1807 suffi-
2823 1754 2860 1805 6

725 1829 970 1907 ciendo,
1060 1828 1395 1915 roeliisque
1452 1828 1695 1894 levibus
1751 1829 2147 1917 experiundo
2211 1830 2626 1895 assuefecerat
2687 1830 2810 1897 sibi

810 1916 935 1979 tius
972 1852 1187 1993 figere,
1229 1938 1419 2003 quam
1467 1915 1825 1981 meminisse
1872 1916 2256 2004 ignominiae
2303 1915 2810 1983 decemvirorum

770 2016 923 2067 uctu
973 2015 1308 2090 acceptae3
1371 2024 1690 2090 parvaque
1741 2004 2089 2069 certamina
2135 2002 2206 2067 in
2255 2026 2564 2069 summam
2612 2006 2811 2071 totius

726 2090 1119 2177 profecerant
1174 2089 1325 2177 spei.
1418 2088 1562 2154 Nec
1619 2090 1942 2155 cessabant
2003 2089 2243 2168 Sabini,
2302 2090 2542 2155 feroces
2595 2093 2680 2157 ab
2737 2115 2808 2158 re

726 2177 932 2265 priore
964 2198 1131 2241 anno
1159 2175 1321 2241 bene
1357 2190 1552 2263 gesta,
1583 2175 1884 2241 lacessere
1925 2189 2118 2264 atque
2153 2178 2406 2255 instare,
2437 2178 2806 2265 rogitantes,

731 2272 751 2301 ‘
778 2262 954 2339 Quid
992 2263 1301 2328 latrocinii
1346 2263 1536 2327 modo
1578 2275 2014 2350 procursantes
2051 2265 2240 2351 pauci
2275 2278 2806 2354 recurrentesque

729 2359 749 2388 ‘
771 2362 1049 2416 tererent
1077 2362 1346 2451 tempus,
1378 2364 1445 2415 et
1481 2350 1552 2413 in
1589 2347 1792 2414 multa
1827 2349 2067 2436 proelia
2109 2372 2424 2438 parvaque
2469 2368 2808 2439 carperent

727 2446 747 2475 ‘
768 2459 1077 2501 summam
1127 2460 1316 2501 umus
1372 2436 1572 2502 belli?
1663 2435 1842 2511 Quin
1901 2435 1994 2499 illi
2051 2436 2593 2524 congrederentur
2645 2440 2803 2517 acie,

726 2533 747 2563 ‘
768 2523 1323 2624 inclinandamque
1344 2522 1540 2588 semel
1561 2523 1850 2587 fortunae
1869 2543 2003 2587 rem
2025 2522 2250 2589 darent
2263 2524 2292 2588 Ρ
2305 2524 2321 2554 ’
2384 2524 2496 2588 Ad
2517 2524 2604 2603 id,
2627 2527 2806 2614 quod
2825 2543 2854 2594 7

722 2632 837 2675 sua
864 2623 1087 2699 sponte
1116 2624 1265 2675 satls
1296 2609 1632 2675 collectum
1655 2608 2004 2674 animorum
2031 2622 2183 2687 erat,
2209 2609 2586 2698 indignitate
2607 2614 2804 2679 etiam

724 2696 999 2762 Romani
1029 2697 1551 2762 accendebantur.
1617 2704 1636 2735 ‘
1657 2694 1794 2760 Iam
1823 2694 2090 2760 alterum
2118 2697 2468 2761 exercitum
2497 2699 2804 2766 victorem

724 2791 745 2821 ‘
766 2784 835 2848 in
874 2784 1095 2848 urbem
1132 2782 1527 2858 rediturum3
1575 2782 1694 2847 sibi
1735 2780 1903 2846 ultro
1945 2804 2062 2869 per
2101 2784 2514 2850 contumelias
2549 2786 2804 2853 hostem

726 2868 1105 2932 ‘insultaret
1154 2867 1411 2982 quando
1449 2880 1662 2932 autem
1699 2890 1786 2946 se,
1831 2868 1884 2933 si
1926 2881 2062 2933 tum
2101 2892 2231 2935 non
2269 2870 2416 2949 sint,
2461 2894 2642 2960 pares
2685 2873 2805 2941 ho-

724 2962 747 2992 ‘
766 2953 965 3018 stibus
990 2952 1173 3017 fore?
1280 2952 1413 3017 Ubi
1450 2952 1608 3017 haec
1636 2954 1902 3020 fremere
1938 2954 2205 3021 militem
2235 2957 2305 3021 in
2333 2959 2552 3023 castris
2577 2962 2802 3027 consul

720 3039 933 3116 sensit,
987 3038 1291 3103 concione
1342 3038 1661 3117 advocata,
1717 3050 1738 3079 ‘
1760 3040 2355 3121 Quemadmodum}
2403 3043 2633 3133 inquit,
2693 3056 2715 3087 ‘
2733 3048 2802 3113 in

722 3133 746 3164 ‘
767 3124 1005 3214 Algido
1039 3144 1140 3189 res
1177 3138 1355 3212 gesta
1392 3126 1491 3203 sit,
1523 3125 1788 3193 arbitror
1815 3150 1946 3206 vos,
1977 3128 2228 3208 milites,
2259 3130 2524 3197 audisse.
2621 3133 2802 3210 Qua-

724 3212 893 3279 ‘lem
935 3212 1117 3278 liberi
1158 3212 1378 3301 populi
1422 3212 1772 3279 exercitum
1816 3215 2032 3280 decuit
2073 3238 2228 3294 esse,
2259 3217 2402 3282 talis
2437 3218 2597 3285 fuit:
2645 3243 2803 3287 con-

722 3309 743 3339 ‘
764 3300 929 3365 sulto
966 3298 1264 3389 collegae,
1296 3301 1526 3365 virtute
1569 3300 1841 3365 militum
1877 3302 2139 3367 victoria
2174 3316 2356 3391 parta
2393 3318 2506 3370 est.
2601 3306 2803 3383 Quod

723 3395 744 3424 ‘
764 3386 848 3449 ad
880 3408 985 3451 me
1022 3387 1267 3465 attinet,
1298 3386 1366 3452 id
1410 3387 1657 3453 consilii
1699 3387 1895 3453 animi
1942 3412 2026 3453 ue
2067 3388 2396 3456 habiturus
2429 3412 2591 3470 sum,
2621 3394 2802 3482 quod

724 3480 745 3511 ‘
764 3495 874 3538 vos
902 3472 1059 3536 mihi
1090 3473 1438 3539 effeceritis.
1507 3472 1595 3538 Et
1624 3474 1786 3539 trahi
1815 3412 2054 3540 bellum
2083 3476 2430 3555 salubriter,
2455 3491 2524 3544 et
2549 3494 2798 3547 mature
2815 3500 2846 3547 8

721 3569 742 3599 ‘
762 3559 979 3647 perfici
1024 3572 1247 3647 potest.
1346 3560 1415 3626 Si
1462 3560 1842 3625 nabendum
1887 3576 2002 3641 est,
2051 3585 2189 3650 ego,
2237 3577 2310 3628 ut
2355 3564 2424 3628 in
2469 3564 2610 3632 dies
2653 3592 2800 3671 spes

718 3647 1083 3799 ἶῖἑέἱΐὲἕθ
1130 3660 1437 3799 {tw
1453 3670 1534 3798 Ξῖ
1523 3660 1634 3798 ⁰3⁹
1681 3647 1927 3799 {33¹3
1941 3672 2106 3814 023⁸
2117 3649 2622 3829 diffissffiuffss
2669 3654 2802 3823 ¹¹³3

776 3910 809 3962 6
829 3913 1214 3961 Exeat-tionibus
1227 3912 1532 3971 sufficiendo]
1559 3910 1612 3960 Si
1627 3926 1720 3960 vox
1783 3914 1989 3963 noentie:
2019 3920 2072 3963 et
2093 3914 2228 3977 virg.
2251 3916 2378 3965 Aen.
2399 3916 2448 3966 ii.
2473 3932 2582 3968 not
2601 3922 2796 3971 Arda»-

712 3978 1076 4028 σεουνείοπίόω
1106 3976 1157 4023 in
1188 3974 1334 4024 dandi
1368 3990 1483 4023 casu
1515 3973 1720 4037 accipie-
1785 3984 1948 4040 mque
1967 3980 2125 4027 oculos
2137 3980 2332 4042 suffecti
2349 3982 2596 4043 ωπρυέω
2609 3990 2658 4032 ee
2673 3986 2796 4045 iuni.

713 4048 809 4101 tur,
840 4056 1005 4089 sensus
1037 4040 1157 4089 erit:
1198 4054 1280 4087 eos
1311 4038 1719 4087 subministrando
1783 4040 1944 4089 (ἔην.

712 4106 1087 4169 quodammodo,
1130 4118 1297 4152 eorum
1345 4118 1375 4151 o
1410 4118 1492 4151 era
1535 4104 1719 4152 utendo
1851 4118 1878 4166 7
1909 4106 1996 4153 Aa
2012 4106 2082 4165 id,
2101 4107 2253 4171 quod]
2281 4107 2628 4171 Praeterquam
2647 4114 2793 4173 quod.

710 4172 773 4219 ad
796 4169 1127 4218 excursiones:
1162 4167 1201 4216 si
1222 4168 1273 4215 in
1296 4182 1329 4216 a
1378 4168 1545 4216 erendi
1567 4182 1684 4216 casu
1705 4187 1720 4227 ς
1783 4168 1846 4217 cf.
1869 4184 2000 4233 supr.
2021 4168 2070 4220 6.
2871 4164 2878 4179 '

708 4248 795 4282 cos
814 4232 1176 4281 excursionibus
1200 4232 1487 4289 exercendo,
1507 4238 1560 4279 et
1580 4232 1718 4293 quasi
1844 4234 1875 4281 8
1907 4234 2212 4297 ΕΜ]
2241 4236 2398 4285 Vetus
2413 4237 2613 4299 quidam
2635 4242 2792 4291 codex

710 4297 1000 4344 imbuendo:
1034 4310 1131 4357 quo
1152 4310 1295 4343 sensu
1317 4295 1490 4344 Cicero
1511 4294 1562 4343 in
1587 4294 1716 4343 Hor·
1777 4310 1859 4371 ap.
1883 4296 2186 4348 Gronovium
2197 4304 2438 4362 feceritis,
2457 4305 2592 4365 quod
2613 4305 2793 4355 rectius

708 4364 831 4407 tens.
862 4358 1003 4418 dixit,
1026 4360 1289 4420 Sufficiunt
1316 4360 1483 4409 mm
1512 4360 1716 4411 mdica-
1781 4360 1985 4412 ndum.
2020 4362 2188 4416 Don.
