3000 4784
906 195 1094 262 LIB.
1155 195 1206 261 Ι.
1274 195 1493 261 CAP.
1554 202 1654 262 24.
2242 204 2325 264 29

237 341 262 371 ‘
281 353 416 421 qua
463 333 594 397 utri
643 333 800 398 utris
847 334 1180 421 imperent,
1228 333 1364 399 sine
1411 358 1643 422 magna
1689 333 1889 414 clade,
1936 335 2073 402 sine
2124 337 2327 402 multo

239 429 262 457 ⁶
281 421 594 571 sarssuine
623 421 948 507 utriusque
977 419 1218 507 populi,
1247 422 1507 486 decerni
1532 421 1766 522 possit)
1811 422 2007 487 Haud
2036 423 2329 511 displicet

235 529 342 570 res
435 506 588 584 ullo,
619 529 786 594 quan
835 529 1002 583 uam,
1043 520 1180 571 tum
1209 506 1420 572 indole
1451 509 1666 585 ammi,
1696 522 1834 573 tum
1868 532 1978 597 spe
2008 511 2325 587 victoriae,

235 593 512 658 ferocior
553 607 704 658 erat.
863 594 1266 658 merentibus
1304 595 1622 681 utrimque
1666 597 1825 660 ratio
1867 597 2083 673 initur,
2114 597 2217 660 cui
2261 609 2327 661 et

235 679 498 744 fortuna
522 680 658 766 ipsa
682 681 976 767 praebuit
1003 681 1344 744 materiam.
1407 680 1596 746 Forte
1626 682 1693 746 in
1714 683 1963 747 duobus
1985 695 2121 746 tum
2144 705 2327 748 exer·
2447 694 2550 753 24.

186 778 222 830 6
239 766 474 831 cifibus
515 780 696 830 erant
735 765 1054 852 trigemini
1091 766 1329 843 fiatres,
1371 791 1490 832 nec
1534 781 1757 846 aetate,
1788 793 1909 834 nec
1936 769 2171 834 viribus
2199 770 2327 834 dis-
2345 774 2573 824 Horatio-

237 875 445 940 pares.
507 851 808 917 Horatios
830 851 1269 939 Curiatiosque
1291 854 1500 932 fiiisse,
1521 856 1668 918 satis
1684 868 1956 933 constat3
1989 879 2107 920 nec
2128 856 2326 921 ferme
2343 855 2447 915 ‘3²¹¹‘
2480 847 2531 888 0⁶
2552 841 2652 889 Cu-

239 961 346 1004 res
373 939 636 1025 antiqua
661 938 783 1003 alia
819 952 918 1003 est
942 939 1245 1004 nobilior:
1294 952 1508 1005 tamen
1552 941 1619 1004 in
1656 964 1725 1006 re
1768 955 1897 1007 tam
1926 941 2093 1006 clara
2122 944 2327 1007 nomi·
2342 911 2593 1016 fflss

237 1047 402 1090 num
429 1048 604 1089 error
630 1039 878 1100 manet3
915 1026 1116 1089 utrius
1143 1026 1362 1112 populi
1381 1025 1653 1104 Horatii,
1677 1030 1878 1092 utrius
1899 1028 2169 1094 Curiatii
2191 1030 2329 1094 fue-
2344 1032 2647 1094 proponitur.

239 1113 389 1175 rint.
465 1111 780 1176 Auctores
808 1125 1076 1198 utroque
1105 1112 1390 1176 trahunt:
1435 1113 1648 1201 plures
1676 1129 1890 1179 tamen
1919 1116 2192 1193 invenio,
2216 1115 2329 1202 qui

241 1197 574 1262 Romanos
597 1196 896 1263 Horatios
913 1211 1158 1263 vocent.
1233 1197 1373 1262 Hos
1401 1214 1474 1264 ut
1502 1223 1748 1286 sequar,
1770 1201 2033 1265 inclinat
2060 1203 2326 1267 animm.

245 1283 424 1350 Cum
453 1285 802 1372 trigeminis
821 1296 1019 1371 agunt
1038 1307 1071 1348 r
1255 1297 1329 1348 ut
1347 1308 1464 1372 pro
1485 1309 1601 1350 sua
1614 1287 1884 1373 quisque
1914 1289 2116 1374 patria
2143 1287 2331 1350 dimi-

239 1383 398 1436 cent
417 1371 607 1435 ferro:
635 1372 723 1435 ibi
745 1372 1079 1458 imperium
1125 1394 1254 1448 ore,
1273 1372 1445 1435 unde
1469 1373 1731 1436 victoria
1747 1372 1955 1437 fuerit.
2026 1373 2209 1437 Nihil
2230 1397 2331 1437 re-

193 1501 200 1510 ·
239 1470 532 1522 misatur:
577 1469 826 1545 tempus
852 1471 920 1522 et
945 1457 1121 1521 locus
1148 1458 1459 1522 convenit.
1529 1458 1905 1546 Priusquam
1934 1459 2328 1536 dimicarent,

239 1543 470 1609 foedus
495 1544 693 1608 ictum
721 1544 888 1608 inter
918 1543 1240 1608 Romanos
1267 1559 1334 1609 et
1367 1545 1649 1609 Albanos
1686 1558 1783 1609 est
1812 1545 1911 1609 his
1939 1546 2203 1632 legibue,
2235 1561 2326 1624 ut,

239 1631 350 1695 cui
473 1653 554 1694 ue
583 1629 801 1717 populi
829 1631 996 1694 cives
1023 1653 1100 1695 eo
1121 1631 1463 1695 certamine
1482 1632 1796 1710 vicissent,
1816 1633 1869 1697 is
1890 1632 2069 1697 alteri
2092 1632 2329 1783 Ροὶιύο

239 1739 952 1868 ἓῗωωῗοᾶἶεωω
965 1827 1004 1867 0
1033 1730 1272 1880 ἓηῗῗζ
1295 1716 1821 1869 ᾗῇῗᾞέωῗέἒ
1828 1719 2329 1870 εζέῗιῗωῙὲῗοᾶ
2346 1817 2574 1892 Ma.
2588 1817 2658 1866 se-

195 1911 224 1958 7
241 1911 406 1966 mus,
453 1913 575 1954 nec
619 1889 809 1954 ullius
849 1890 1151 1954 vetustior
1193 1889 1462 1954 foederis
1514 1891 1816 1956 memoria
1860 1905 1973 1956 est.
2074 1829 2331 1956 Fetigis
2344 1881 2501 1930 '¹⁸³⁶'
2521 1887 2659 1932 ‘¹²¹¹'-

238 1999 462 2064 regem
502 1975 764 2040 Tullum
809 1976 900 2040 ita
946 1976 1220 2064 rogavit:
1271 1985 1290 2013 ‘
1307 1973 1579 2041 Iubesne
1624 2001 1748 2054 me,
1790 2001 1923 2054 rex,
1965 2002 2111 2042 cum
2151 1991 2329 2065 patre

242 2071 264 2100 ‘
283 2075 538 2150 patrato
575 2061 794 2150 populi
830 2061 1068 2126 Albani
1099 2061 1322 2126 foedus
1349 2062 1601 2128 ferire?’
1640 2062 1902 2128 iubente
1930 2087 2099 2152 rege,
2134 2073 2155 2102 ‘
2176 2064 2333 2152 Sag-

192 2164 225 2213 8
244 2157 266 2187 ‘
284 2149 503 2226 mina‚’
534 2149 762 2236 inquit,
802 2157 822 2186 ‘
840 2161 922 2225 te,
959 2172 1092 2226 rex,
1127 2149 1361 2248 posco!
1448 2149 1596 2214 Rex
1630 2150 1737 2229 ait,
1771 2150 2045 2215 ‘Puram
2090 2151 2333 2216 tollito)

241 2235 504 2301 Fetialis
554 2258 635 2299 ex
687 2257 828 2300 arce
878 2235 1178 2322 graminis
1226 2235 1488 2300 herbam
1539 2259 1763 2323 puram
1814 2238 2060 2302 attulit:
2116 2251 2335 2325 postea

239 2345 461 2410 regem
501 2322 593 2386 ita
635 2321 909 2408 rogavit:
960 2330 980 2359 ‘
1005 2322 1168 2399 Rex,
1213 2321 1448 2392 facisne
1491 2345 1595 2386 me
1634 2335 1708 2387 tu
1746 2325 1992 2411 regium
2033 2325 2331 2388 nuntium

245 2417 268 2447 ‘
287 2407 512 2496 populi
538 2408 814 2472 Romani
841 2407 1224 2482 Quiritium?
1267 2431 1430 2484 vasa,
1460 2409 1848 2496 comitesque
1878 2411 2115 2474 meos?’
2186 2410 2333 2475 Rex

197 2494 648 2656 5θᾶἳὲἙῷ
687 2493 834 2658 1133
835 2493 1109 2645 &3³¹⁶
1134 2493 1392 2644 ιτῗῗῑῖῗὲ
1421 2517 1591 2644 2¹22?
1776 2495 2005 2646 3ὲὲῑῖιῖ
2023 2605 2039 2644 2
2054 2495 2334 2646 R‘ffiss

248 2679 566 2756 patratum
627 2666 674 2732 S
717 2715 734 2732 .
796 2666 1054 2731 Fusium
1110 2666 1279 2743 fecit,
1349 2667 1627 2730 verbena
1692 2679 1884 2754 caput
1948 2667 2083 2754 cap’
2136 2690 2333 2755 osque

205 2781 228 2814 1
251 2769 534 2842 tangens.
699 2764 834 2818 ater
877 2765 1154 2840 patratus
1200 2752 1283 2816 ad
1331 2752 1769 2818 iusiurandum
1818 2753 2218 2839 pau-andum,
2265 2753 2335 2818 id

245 2855 364 2918 est,
395 2840 806 2906 sanciendum
834 2839 910 2903 fit
935 2839 1192 2916 foedus3
1231 2839 1444 2904 multis
1490 2863 1572 2903 ue
1601 2839 1671 2902 id
1696 2840 1922 2918 verbis,
1948 2862 2111 2927 quae
2142 2839 2337 2928 longo

247 2929 440 2992 effata
485 2927 760 2992 carmine
803 2948 934 2991 non
977 2948 1204 3013 operae
1248 2941 1345 2991 est
1389 2949 1456 2991 re
1483 2949 1641 3003 erre,
1686 2927 1949 3026 peragit.
2050 2925 2335 3014 Legibus

247 3014 484 3080 deinde
541 3013 850 3078 recitatis:
915 3021 935 3051 ‘
963 3012 1181 3090 Audi:
1236 3012 1466 3100 inquit,
1529 3021 1549 3051 ‘
1577 3011 1862 3101 Iupiter3
1927 3013 2097 3092 audi,
2156 3028 2339 3101 pater

315 3253 348 3304 6
373 3255 634 3316 menum
649 3251 865 3314 fratres]
907 3249 1056 3300 Terni
1088 3250 1260 3300 eodem
1387 3251 1418 3299 8
1450 3251 1706 3313 Samnim]
1762 3251 2012 3312 Saqmina,
2033 3248 2193 3312 inquit
2217 3249 2333 3299 Fes-

250 3323 398 3382 paoetu
431 3317 598 3380 geniti,
629 3331 750 3379 quos
781 3315 1086 3364 consobrinos
1116 3313 1262 3363 fiiisse
1323 3319 1665 3373 tuavocanmr
1684 3315 1936 3373 verbenae,
1957 3315 2044 3363 hoc
2058 3322 2145 3373 est,
2162 3316 2343 3364 herbae

253 3381 460 3444 Dionys.
481 3382 548 3430 iii.
577 3396 648 3442 14.
682 3381 864 3444 quippe
894 3380 946 3427 in
980 3385 1140 3428 vetere
1169 3380 1259 3427 illo
1315 3395 1493 3441 purae,
1510 3381 1629 3442 quia
1642 3395 1705 3428 ea·
1720 3381 1818 3428 loco
1835 3385 2001 3428 sancto
2020 3380 2334 3427 secabantur:

251 3447 467 3494 carmine
493 3447 658 3494 Roma
686 3452 834 3506 atque
865 3445 996 3492 Alba
1025 3449 1258 3504 tanquam
1321 3448 1390 3503 et,
1405 3449 1530 3491 teste
1548 3443 1677 3491 Plin.
1698 3441 1846 3491 RN.
1861 3442 1979 3490 xxii.
1999 3457 2043 3491 2.
2060 3442 2191 3490 idem
2208 3447 2338 3502 sunt,

249 3525 434 3559 sorores
453 3510 769 3558 adumbratae
790 3514 915 3556 sunt.
973 3507 1051 3556 cf.
1077 3507 1259 3555 Wach·
1323 3508 1455 3568 quod
1481 3523 1686 3568 ,oramen
1714 3522 1775 3555 ea·
1806 3523 1919 3555 arce
1938 3522 2048 3554 eum
2077 3523 2172 3555 wa
2204 3513 2340 3555 terra

247 3573 430 3624 amath.
455 3589 504 3637 p.
530 3587 636 3634 147.
671 3573 907 3621 Niebuhr.
930 3570 962 3620 i.
987 3587 1033 3634 p.
1059 3585 1167 3634 34²·
1322 3573 1557 3620 evulsum.
1609 3569 1685 3617 Ex
1704 3585 1815 3618 arce
1832 3571 2069 3618 verbenae
2084 3572 2339 3618 sumeban-

319 3650 346 3702 7
379 3638 606 3697 Penatis]
641 3639 850 3686 Fetialoe
877 3651 945 3684 xx
973 3635 1262 3693 sacerdotes,
1325 3641 1405 3682 tur
1431 3635 1624 3682 dandae
1656 3633 1923 3692 fecialibus,
1943 3639 2067 3682 teste
2094 3633 2235 3682 Livio
2266 3634 2338 3682 in-

249 3719 282 3751 a
297 3702 472 3751 Numa
489 3700 712 3750 instimti.
737 3701 940 3762 Dionys.
956 3697 1006 3748 ii.
1027 3710 1101 3761 72.
1126 3699 1260 3747 Plut.
1323 3699 1398 3746 fra
1416 3713 1535 3746 xxx.
1552 3711 1631 3759 43.
1662 3697 1821 3746 Cnsv.
1876 3698 2111 3746 Formula
2133 3698 2255 3745 haec
2276 3712 2339 3745 ex

250 3766 424 3815 Numa
443 3779 513 3827 13-
532 3771 582 3813 et
597 3765 702 3814 Cic.
720 3765 782 3814 de
798 3764 911 3827 Leg.
929 3763 978 3811 ii.
997 3778 1042 3828 9.
1099 3762 1262 3821 Ritus,
1325 3761 1681 3810 commentariis
1718 3761 2003 3824 pontificum
2034 3762 2341 3825 deprompta,

249 3845 349 3893 quo
369 3831 556 3879 bellum
575 3829 870 3888 indicebant,
886 3834 937 3876 ct
957 3827 1110 3875 forma
1129 3826 1262 3885 iuris,
1327 3824 1531 3874 Niebhr.
1556 3825 1616 3874 cf.
1640 3826 1771 3875 Serv.
1796 3824 1845 3873 in
1869 3825 1993 3874 Aen.
2016 3825 2100 3875 xii.
2130 3839 2235 3874 120.

251 3909 349 3956 quo
391 3895 670 3952 utebantur,
705 3894 769 3941 ab
806 3894 946 3941 Anco
985 3891 1260 3940 constituta.
1395 3905 1427 3956 9
1457 3891 1539 3938 M.
1588 3891 1835 3949 Valerius]
1913 3892 1993 3938 M.
2042 3891 2270 3939 Veturius
2310 3903 2343 3936 e

251 3959 330 4010 cf.
353 3957 463 4006 inst.
483 3971 559 4019 32.
582 3957 664 4005 ubi
688 3956 871 4015 Livius,
890 3955 1013 4004 alios
1033 3955 1158 4004 forte
1178 3971 1261 4004 au·
1325 3969 1527 4002 nummo
1544 3955 1803 4016 legendum
1819 3969 1923 4002 esse
1943 3959 2111 4002 monet
2127 3953 2343 4016 Begerus

251 4029 408 4071 ctores
427 4027 639 4080 secutus,
654 4021 716 4069 ab
733 4019 1016 4082 Aequiculis
1034 4019 1140 4067 iura
1158 4019 1264 4066 feti-
1327 4019 1391 4066 ad
1415 4018 1635 4077 Florum,
1658 4033 1705 4080 p.
1728 4034 1805 4078 44.
1842 4017 2045 4066 Ham-N.

251 4087 351 4134 alia
372 4086 529 4148 petita
544 4085 679 4143 dicit,
691 4099 817 4146 quae
836 4090 1002 4133 tamen
1022 4083 1120 4131 iam
1143 4083 1264 4131 anti-
1397 4097 1418 4130 1
1455 4083 1611 4131 Pater
1636 4082 1891 4144 patratus]
1946 4082 2093 4130 Pater
2124 4083 2344 4142 patratum

253 4151 418 4212 quitus
435 4149 564 4198 inter
583 4149 704 4197 alios
723 4148 898 4196 Italiae
919 4148 1145 4210 populos,
1159 4162 1202 4194 e.
1216 4163 1263 4208 g.
1327 4145 1384 4194 fit
1414 4145 1478 4194 ad
1512 4145 1843 4194 iusiurandum
1866 4145 2173 4207 patrandum,
2194 4149 2343 4203 atque

255 4215 474 4264 Albanos
493 4219 545 4262 et
565 4212 822 4271 Samnites,
844 4211 1048 4274 viguisse
1076 4215 1266 4259 constat
1327 4209 1445 4258 inde
1463 4210 1537 4258 illi
1560 4225 1737 4257 nomen
1759 4214 1864 4258 estz
1903 4207 2237 4256 iusiurandum
2258 4221 2342 4253 au-

193 4273 200 4280 ’
254 4293 319 4326 ex
361 4277 456 4326 hoc
498 4293 607 4340 cap.
646 4283 697 4326 et
737 4276 834 4326 viii.
879 4291 953 4340 39.
998 4276 1128 4324 Rur.
1187 4273 1266 4324 Cf.
1331 4279 1432 4322 tem
1469 4279 1660 4336 patrare
1696 4271 1778 4321 hic
1813 4273 1943 4321 idem
1980 4275 2054 4318 est
2082 4284 2143 4317 ac
2174 4269 2353 4318 foedus.

259 4343 515 4390 Wachsm.
538 4341 630 4390 loc.
654 4340 734 4389 cit.
1331 4337 1531 4386 sancire.
1568 4339 1727 4386 Cnsv,
