3000 4784
782 219 971 287 LIB.
1021 220 1101 286 V.
1171 218 1391 287 CAP.
1446 224 1546 286 15.
2101 223 2228 285 305

140 351 283 437 quia
330 352 560 440 singuli
605 366 891 419 auctores
940 368 1142 433 erant,
1188 378 1414 443 parum
1461 354 1706 421 credita
1753 366 2111 443 spretaque,
2157 368 2225 420 et
2248 372 2314 423 U.
2337 372 2398 423 c,
2423 386 2482 436 3⁵
2490 386 2532 435 7-

138 440 300 528 quia,
326 439 608 504 hostibus
639 439 941 519 Etruscis,
966 464 1083 529 per
1111 466 1271 542 quos
1299 466 1377 507 ea
1403 455 1836 530 procurarent,
1858 441 2223 529 haruspices
2241 438 2303 487 A.
2337 438 2397 487 0·
2422 452 2534 503 395·

138 550 263 591 non
311 540 507 590 erant.
596 524 680 590 In
736 550 939 592 unum
983 551 1273 593 omnium
1323 551 1512 595 curae
1561 552 1778 594 versae
1824 542 1992 607 sunt,
2046 528 2222 617 quod
2239 542 2463 617 Albanus
2481 543 2551 617 lp-

138 614 303 678 lacus
318 612 387 675 in
412 612 666 678 Albano
704 636 961 679 nemore
992 616 1129 681 sine
1152 615 1296 681 ullis
1324 615 1702 681 coelestibus
1730 616 1931 702 aqui&
1955 638 2219 681 causave
2239 622 2396 719 maim
2419 608 2528 681 ⁸¹5¹·

138 722 257 786 qua
297 698 439 775 alia,
477 722 641 785 quae
680 722 817 764 rem
858 701 1163 766 miraculo
1202 702 1531 779 eximeret,
1573 702 1642 766 in
1680 702 2086 767 altitudinem
2121 703 2222 765 in-
2235 676 2459 784 ζὲιῑζζῗ
2477 685 2548 718 ω’

96 805 121 853 5
138 787 377 850 solitam
428 787 641 850 crevit.
740 785 1069 862 Quidnam
1128 810 1208 852 eo
1252 788 1343 852 dii
1486 787 1857 853 rtenderent
1905 788 2217 877 prodigio,
2239 799 2425 849 croecit.

138 873 301 935 missi
350 872 735 937 sciscitatum
782 886 1060 938 oratores
1108 874 1193 939 ad
1240 873 1415 961 Delp
1461 875 1632 940 icum
1682 874 2044 940 oraculum:
2107 876 2222 940 sed
2240 865 2466 978 aruspex

96 970 122 1019 6
138 958 383 1057 propior
426 958 738 1045 interpres
775 959 919 1023 fatis
958 960 1205 1025 oblatus
1244 960 1453 1025 senior
1538 960 1752 1026 uidam
1794 960 2056 1040 VeienS,
2087 963 2220 1050 qui,
2290 934 2494 977 m

137 1058 294 1109 mter
322 1045 685 1112 cavillantes
716 1047 781 1109 in
810 1046 1185 1111 stationibus
1215 1068 1287 1111 ac
1317 1060 1497 1112 custo
1545 1048 1622 1111 iis
1641 1048 1878 1113 milites
1900 1049 2226 1114 Romanos

138 1130 574 1218 Etruscosque,
603 1132 1007 1197 vaticinantis
1034 1134 1103 1196 in
1125 1132 1388 1197 modum
1417 1133 1668 1210 cecinit,
1697 1143 1716 1171 ‘
1733 1134 2114 1221 Priusquam
2145 1158 2228 1200 ex

100 1225 159 1287 7‘
177 1218 315 1282 lacu
343 1218 601 1283 Albano
714 1242 798 1282 ua
836 1219 1064 1285 emissa
1090 1219 1271 1298 foret,
1303 1242 1636 1306 nunquam
1664 1221 2017 1306 potiturum
2045 1220 2227 1285 Veiis

140 1312 159 1341 ⁶
181 1304 575 1368 Romanum?
733 1304 864 1370 uod
906 1306 1132 1392 prim0,
1177 1306 1352 1371 velut
1396 1318 1636 1369 temere
1687 1306 1946 1383 iactum,
1991 1307 2223 1394 sperni,

139 1391 350 1477 agitari
408 1390 645 1455 deinde
694 1392 1087 1457 sermonibus
1133 1404 1433 1479 coeptum
1480 1404 1616 1467 est3
1679 1391 1886 1457 donec
1934 1415 2100 1457 unus
2141 1416 2226 1459 ex

138 1478 399 1541 statione
464 1477 757 1542 Romana
808 1490 1259 1565 percunctatus
1314 1479 1680 1565 proximum
1739 1478 2222 1567 oppidanorum,

140 1564 284 1649 (iam
314 1586 435 1651 per
472 1562 1001 1651 longinquitatem
1030 1564 1183 1629 belli
1212 1565 1592 1637 commercio
1635 1588 1999 1630 sermonum
2027 1565 2226 1717 facto?

140 1651 423 1735 quisnam
454 1651 507 1715 is
536 1662 717 1726 esset,
750 1652 862 1737 qui
898 1674 1014 1738 per
1042 1651 1337 1738 ambages
1375 1650 1457 1715 de
1487 1651 1632 1717 lacu
1662 1652 1917 1717 Albano
1947 1653 2181 1717 iaceret

140 1750 467 1837 postquam
496 1737 739 1801 audivit
754 1736 1153 1823 haruspicem
1170 1760 1326 1815 esse,
1349 1738 1447 1801 vir
1473 1738 1648 1803 haud
1677 1739 1900 1803 intacti
1919 1739 2226 1827 religione

142 1824 347 1900 animi,
376 1837 669 1888 causatus
707 1822 789 1887 de
828 1822 1057 1911 privati
1084 1824 1366 1910 portenti
1398 1826 1862 1911 procuratione,
1905 1826 1960 1890 si
1998 1850 2038 1891 o
2119 1849 2228 1891 rae

141 1909 227 1972 illi
282 1918 469 1986 esset,
517 1909 849 1974 consulere
906 1909 1088 1988 velle,
1141 1910 1225 1974 ad
1282 1910 1674 1998 colloquium
1732 1925 1942 1977 vatem
1987 1850 2225 1978 effluit.

148 1995 355 2070 Quum
406 2019 489 2061 ue
538 1996 851 2082 progressi
895 1997 1081 2061 ambo
1124 2020 1163 2061 a
1204 1998 1333 2062 suis
1384 1996 1634 2084 longius
1680 2011 1892 2063 essent
1934 2000 2228 2077 inermes,

144 2082 270 2147 sine
304 2020 441 2149 ullo
474 2096 686 2147 metu:
735 2082 1101 2169 praevalens
1140 2084 1388 2149 iuvenis
1433 2084 1762 2149 Romanus
1802 2107 2020 2149 senem
2055 2086 2232 2149 infir-

144 2190 329 2247 mum,
360 2170 433 2234 in
463 2182 809 2257 conspectu
836 2170 1123 2235 omnium
1161 2183 1432 2257 raptum,
1464 2172 1893 2257 nequicquam
1925 2170 2234 2235 tumultu-

146 2256 387 2321 antibus
420 2256 722 2333 Etruscis,
754 2254 837 2319 ad
866 2278 1011 2321 suos
1050 2256 1386 2321 transtulit.
1483 2256 1618 2331 Qui
1649 2278 1850 2344 quum
1887 2256 2233 2344 perductus

148 2341 223 2405 ad
270 2344 733 2431 imperatorem,
780 2342 931 2407 inde
986 2342 1261 2407 Romam
1306 2343 1389 2407 ad
1434 2355 1728 2407 senatum
1773 2343 1998 2407 missus
2046 2356 2230 2421 esset,

148 2428 597 2494 sciscitantibus
628 2428 935 2515 quidnam
963 2428 1033 2492 id
1061 2441 1245 2506 esset,
1269 2427 1444 2515 quod
1473 2428 1556 2493 de
1588 2428 1733 2493 lacu
1765 2428 2018 2494 Albano
2036 2429 2237 2494 docu-

150 2510 305 2591 isset,
340 2514 703 2615 responditz
755 2523 775 2553 ‘
791 2514 1087 2580 Profecto
1127 2515 1317 2578 iratos
1351 2512 1507 2578 deos
1549 2513 1812 2579 Veienti
1848 2514 2086 2602 populo
2125 2514 2236 2580 illo
2253 2536 2462 2587 Eiuro-

154 2606 170 2634 ‘
184 2599 367 2667 fuisse
396 2601 523 2678 dle,
602 2624 685 2666 uo
719 2601 838 2665 sibi
872 2623 1015 2665 eam
1056 2612 1335 2667 mentem
1371 2600 1770 2678 obiecissent,
1800 2618 1874 2665 ut
1913 2600 2238 2667 excidium
2251 2616 2483 2664 sponsum
2499 2602 2565 2650 ἃ·

113 2696 140 2743 8
156 2692 172 2721 ‘
193 2688 423 2773 patriae
452 2624 639 2751 fatfie
669 2686 987 2774 proderet:
1063 2685 1310 2773 Itaque,
1380 2710 1502 2752 uae
1534 2700 1672 2751 tum
1701 2688 2004 2754 cecinerit
2021 2688 2237 2753 divino
2254 2669 2366 2781 {²⁸3²
2388 2668 2538 2716 ἨΜ

158 2779 175 2808 ‘
192 2774 413 2859 spiritu
435 2774 790 2851 instinctus,
816 2796 893 2838 ea
913 2796 981 2839 se
1011 2795 1151 2850 nec,
1185 2786 1257 2837 ut
1278 2773 1347 2837 in
1397 2774 1520 2839 'cta
1541 2774 1690 2853 sint,
1710 2797 2000 2841 revocare
2023 2796 2236 2863 posset
2525 2780 2542 2787 ’

159 2865 175 2894 ‘
196 2872 257 2923 et
300 2860 573 2927 tacendo
614 2859 897 2937 forsitan,
988 2882 1107 2924 uae
1153 2859 1246 2923 dii
1292 2860 1678 2927 immortales
1728 2861 1972 2950 vulgari
2016 2862 2240 2940 velint,

158 2952 177 2981 ‘
195 2944 363 3013 haud
402 2948 631 3022 minus,
664 2968 859 3032 quam
898 2968 971 3010 ce
996 2945 1163 3010 anda
1200 2946 1472 3025 effand0,
1515 2948 1690 3013 nefas
1735 2948 2041 3013 contrahi.
2136 2948 2244 3014 Sic

158 3031 385 3117 ‘igitur
420 3032 595 3097 libris
621 3032 933 3109 fatalibuS,
965 3032 1055 3097 sic
1084 3031 1241 3097 disci
1286 3032 1419 3097 lina
1458 3033 1726 3099 Etrusca
1755 3035 2055 3101 traditum
2085 3058 2242 3113 esse,

115 3124 178 3193 9‘
198 3131 265 3181 ut
292 3117 550 3205 quando
580 3141 747 3205 aqua
777 3117 1029 3183 Albana
1048 3120 1219 3183 abun
1266 3131 1447 3196 asset,
1469 3132 1625 3197 tum,
1657 3121 1708 3185 si
1739 3144 1881 3185 eam
1913 3121 2244 3186 Romanus

160 3211 177 3241 ⁶
194 3204 305 3269 rite
358 3205 683 3283 emisisset,
729 3204 1057 3269 victoriam
1102 3204 1185 3268 de
1233 3205 1616 3273 Veientibus
1665 3206 1836 3271 dari:
1900 3222 2243 3297 antequam

222 3467 249 3515 5
281 3457 471 3515 Crevit]
514 3455 701 3504 Lacum
722 3454 775 3503 in
795 3470 935 3517 agros
955 3454 1169 3503 effusum
1232 3453 1369 3503 mille
1402 3458 1453 3501 et
1485 3452 1858 3515 quingentorum
1891 3454 2151 3527 perforato,
2180 3456 2245 3503 ad

163 3531 260 3566 esse
296 3524 461 3569 narrat
492 3519 643 3568 Dion.
680 3518 803 3567 Exc.
842 3519 958 3567 Vat.
1000 3518 1079 3567 xii.
1120 3533 1167 3583 9.
1232 3522 1445 3565 nostram
1468 3532 1624 3578 usque
1650 3524 1862 3566 aetatem
1894 3532 1994 3566 iam
2027 3518 2142 3567 inde
2175 3519 2244 3566 in-

168 3580 310 3631 Haud
337 3583 484 3631 dubie
516 3589 673 3631 terrae
700 3588 857 3649 motu,
880 3584 957 3631 vel
980 3582 1171 3645 ignibus
1233 3581 1428 3628 colume
1465 3581 1663 3640 mansit,
1695 3596 1758 3629 ex
1796 3596 1952 3642 eoque
1989 3582 2126 3631 lacus
2159 3583 2245 3631 Al-

166 3647 313 3695 caecis
355 3646 553 3695 insolita
596 3646 667 3694 vis
708 3661 865 3707 aquae
906 3647 960 3694 in
1004 3648 1167 3694 lacum
1232 3644 1347 3692 bani
1368 3660 1497 3705 aqua
1526 3644 1690 3693 adhuc
1711 3644 1916 3693 effluit.”
1981 3646 2042 3695 A.
2069 3647 2244 3696 Mnus

168 3708 286 3757 viam
308 3711 399 3758 sibi
422 3711 615 3759 fecerat.
1231 3708 1295 3756 ad
1325 3708 1474 3757 Dion.
1500 3708 1625 3757 Exc.
1649 3708 1765 3758 vat.
1809 3708 1870 3759 cf.
1896 3710 2244 3761 Wachsmuth.

225 3771 254 3820 6
287 3774 515 3835 oblatus]
566 3774 750 3822 Vatem
790 3778 1013 3822 coactum
1049 3772 1167 3821 vati·
1235 3787 1283 3833 p.
1308 3772 1419 3832 418.

168 3834 288 3884 cinia
298 3839 529 3885 adversus
546 3838 753 3899 patriam
768 3852 908 3885 suam
926 3836 1171 3894 cecinisse,
1300 3836 1331 3883 8
1362 3838 1563 3898 Fatale]
1595 3838 1771 3887 Fatale
1790 3844 1864 3887 est
1882 3838 2118 3901 quidquid
2141 3856 2246 3903 per-

170 3900 343 3949 maiore
366 3900 463 3949 veri
486 3901 806 3950 similitudine
834 3907 998 3949 narrat
1018 3898 1170 3949 Dion.
1234 3899 1361 3948 tinet
1392 3900 1455 3948 ad
1486 3900 1604 3949 fata.
1679 3901 1856 3963 Itaque
1889 3902 1971 3951 hic
2007 3904 2250 3953 excidium

172 3960 287 4013 Exc.
312 3964 427 4013 Vat.
450 3964 636 4014 xii.10.
1224 3965 1389 4025 fatale
1423 3970 1496 4012 est
1535 3964 1782 4013 excidium
1825 3965 1939 4015 fatis
1981 3967 2248 4014 decretum.

235 4039 259 4089 7
288 4032 437 4091 Aqua
456 4032 655 4091 missa]
700 4029 896 4091 Aquam
930 4028 1177 4076 Albanam
1241 4028 1421 4075 Paullo
1433 4028 1559 4077 infra
1573 4030 1881 4090 libr-isatalss
1895 4034 2010 4077 sunt
2023 4027 2134 4077 libri
2145 4028 2249 4089 qui-

173 4104 265 4138 non
305 4098 407 4140 tam
446 4092 687 4141 Veiorum
731 4106 879 4141 causa
920 4106 1069 4152 quam
1111 4091 1175 4139 ad
1238 4092 1331 4141 bus
1349 4091 1451 4139 fata
1472 4092 1794 4141 continentur.
1829 4092 1990 4140 Cur-v,

174 4154 426 4205 utilitatem
468 4157 569 4218 agri
610 4154 873 4205 suburbani
909 4155 1057 4203 fuisse
1093 4156 1175 4203 de—
1374 4156 1442 4205 Ut
1470 4158 1689 4217 quando]
1742 4155 1970 4203 Delenda
2001 4160 2076 4201 est
2106 4153 2254 4215 parti-

176 4217 364 4268 ductam
396 4220 563 4269 scribit
590 4219 695 4270 Cic.
727 4221 789 4269 de
825 4218 990 4267 Divin.
1024 4218 1074 4266 ii.
1099 4233 1175 4267 υ.
1242 4170 1355 4267 cula
1382 4225 1457 4276 ut,
1480 4234 1606 4279 quae
1631 4218 1852 4266 vitiosam
1871 4216 2112 4273 ,orationh
2133 4223 2254 4263 stru-

177 4282 209 4305 “
224 4281 500 4333 Mirandum
518 4300 663 4347 porro
674 4284 823 4333 huius
836 4284 1077 4332 emissarii
1092 4283 1177 4330 Al·
1244 4288 1431 4329 eturam
1453 4282 1586 4331 facit.
1621 4283 1782 4330 Can.

178 4344 286 4393 bani
321 4364 461 4411 opus,
498 4364 615 4396 saxo
652 4346 909 4395 durissimo
948 4361 1177 4409 passuum

260 4430 405 4474 VOL.
440 4432 481 4475 1.
1868 4424 1913 4465 X
