3000 4784
539 133 547 156 ’
653 189 742 250 4ο
1437 180 1665 248 T1T1
1719 178 1991 246 L1v11
2052 163 2087 198 ’·

659 331 679 361 ‘
702 320 1056 395 Quiritium
1093 320 1402 397 fecerunt,
1439 319 1869 405 deliquerunt,
1912 314 2087 404 quod
2124 313 2399 402 populus
2432 313 2787 381 Romanus
2808 335 2843 384 3

661 417 681 446 ⁶
703 406 1056 482 Quiritium
1083 405 1324 471 bellum
1353 428 1503 471 cum
1527 406 1750 506 priscis
1780 404 2030 468 Latinis
2067 403 2251 467 iussit
2286 423 2445 480 esse,
2474 416 2789 466 semme—

661 501 684 532 ‘
699 516 825 579 que
853 492 1076 580 populi
1107 492 1384 557 Romani
1412 492 1763 567 Quiritium
1787 491 2053 568 censuit,
2077 489 2416 564 consensit,
2436 489 2785 566 conscivit,

662 589 681 620 ‘
697 592 772 643 ut
813 578 1052 643 bellum
1096 599 1244 644 cum
1291 579 1513 666 priscis
1564 578 1813 642 Latinis
1855 577 2073 652 fieret3
2128 576 2213 640 ob
2264 597 2407 640 eam
2458 597 2596 640 rem
2642 597 2789 661 ego

662 668 684 704 ‘
699 663 1098 752 populusque
1133 665 1460 729 Romanus
1489 663 1741 752 populis
1768 664 2115 750 priscorum
2150 661 2527 726 Latinorum
2556 659 2791 724 homi-

663 762 682 790 ‘
699 752 1015 838 nibusque
1056 752 1278 839 priscis
1307 750 1555 814 Latinis
1596 749 1835 815 bellum
1866 749 2081 814 indico
2122 749 2451 833 facioque?
2542 745 2623 810 Id
2652 747 2789 812 ubi

659 837 942 915 dixisset,
972 838 1216 902 hastam
1245 838 1316 900 in
1343 837 1506 900 fines
1536 859 1755 900 eorum
1786 836 2135 899 emittebat.
2227 831 2375 898 Hoc
2404 846 2543 897 tum
2572 833 2789 896 modo

661 925 742 988 ab
787 923 1036 988 Latinis
1074 923 1379 1010 repetitae
1423 945 1544 1000 ree,
1590 945 1665 987 ac
1706 922 1947 986 bellum
1990 921 2343 985 indictum:
2392 941 2785 1006 moremque

661 1031 812 1073 eum
839 1009 1076 1096 posteri
1105 1021 1505 1095 acceperunt.
2646 1047 2651 1061 ι

438 1095 542 1154 33.
749 1095 991 1172 Ancus,
1066 1094 1449 1159 demandata
1518 1117 1671 1158 cura
1740 1115 2057 1158 sacrorum
2128 1091 2491 1156 flaminibus
2562 1113 2787 1156 sacer-

663 1181 1044 1268 dotibusque
1097 1180 1252 1258 aliis,
1299 1181 1587 1245 exercitu
1636 1203 1805 1244 novo
1848 1179 2203 1265 conscripto
2252 1177 2591 1264 profectus,
2641 1177 2787 1241 Po·-

335 1279 538 1328 Benum
661 1267 962 1347 litorium,
1011 1268 1236 1332 urbem
1283 1266 1683 1345 Latinorum,
1722 1266 1789 1330 vi
1834 1267 2043 1352 cepit3
2092 1277 2292 1328 secut-
2390 1287 2473 1328 ue
2522 1285 2783 1327 morem

335 1358 450 1418 ⁰3¹³
474 1342 608 1392 Lati-
662 1375 885 1442 regum
923 1355 1229 1442 priorum,
1272 1354 1386 1440 qui
1424 1375 1563 1418 rem
1608 1351 1969 1416 Romanam
2012 1362 2321 1415 auxerant
2414 1349 2660 1414 ostibus
2700 1351 2783 1412 in

663 1441 984 1506 civitatem
1037 1438 1438 1526 accipiendis,
1487 1437 1965 1503 multitudinem
2013 1457 2273 1501 omnem
2322 1435 2601 1500 Romam
2644 1449 2785 1500 tra-

665 1526 866 1590 duxit.
961 1525 1067 1604 Et,
1099 1547 1300 1624 quum
1329 1525 1497 1589 circa
1525 1523 1862 1600 Palatium,
1904 1523 2122 1587 sedem
2160 1535 2449 1586 veterum
2480 1521 2783 1586 Roman·-

665 1633 866 1687 orum,
917 1609 1138 1674 Sabim
1185 1609 1578 1698 Capitolium
1624 1622 1815 1696 atque
1859 1631 2089 1686 arcem,
2139 1606 2435 1673 Coelium
2482 1620 2779 1672 montem

339 1717 614 1766 Aventinus
667 1696 906 1761 Albani
945 1696 1034 1758 im
1079 1696 1346 1771 lessent;
1397 1695 1795 1760 A'ventinum
1839 1717 2041 1760 novae
2086 1694 2481 1758 multitudini
2524 1693 2773 1758 datum.
2796 1720 2837 1762 4

338 1795 482 1829 mons
501 1780 637 1830 addi-
667 1781 900 1848 Additi
950 1719 1179 1846 ensem
1229 1781 1404 1845 haud
1461 1783 1553 1846 ita
1602 1781 1803 1846 multo
1940 1799 2015 1860 st,
2070 1779 2357 1844 Tellenis
2405 1779 2779 1868 Ficanaque

667 1869 884 1956 captis,
916 1868 1066 1932 novi
1095 1868 1279 1931 cives.
1372 1866 1751 1934 Politorium
1784 1869 1853 1932 in
1900 1891 1935 1931 e
1966 1889 2181 1931 rursus
2208 1866 2375 1931 bello
2403 1867 2777 1952 repetitum,

667 1954 843 2041 quod
863 1975 1134 2018 vacuum
1157 1966 1621 2040 occupaverant
1648 1953 1837 2040 prisci
1869 1953 2120 2018 Latini=
2154 1975 2357 2038 eaque
2386 1973 2577 2016 causa
2596 1951 2782 2016 diru-

669 2039 872 2104 endae
903 2040 1076 2105 urbis
1103 2040 1240 2104 eius
1267 2039 1389 2104 fuit
1420 2040 1746 2116 Romanis,
1776 2063 1859 2103 ne
1900 2040 2179 2104 hostium
2206 2061 2460 2125 semper
2744 2075 2781 2087 -

667 2126 884 2190 culum
943 2138 1125 2190 esset.
1216 2125 1566 2203 PostrcmO,
1628 2127 1803 2190 omni
1860 2125 2035 2200 bello
2094 2125 2329 2189 Latino
2388 2123 2549 2188 Med
2644 2147 2779 2188 iam

669 2211 1013 2298 compuls0,
1074 2211 1466 2298 aliquamdiu
1522 2213 1613 2276 ibi
1673 2211 1885 2276 Marte
1938 2212 2200 2288 incerto,
2260 2211 2433 2274 varia
2487 2211 2777 2287 victoria,

549 2303 566 2314 ”
667 2309 1024 2447 grugnatmn
1053 2311 1182 2362 est:
1219 2319 1367 2361 nam
1399 2310 1466 2362 et
1493 2299 1644 2362 urbs
1667 2310 1806 2362 tuta
1826 2297 2303 2374 munitionibus,
2323 2296 2777 2396 praesidioque

813 2395 918 2448 ata
960 2383 1169 2449 valido
1208 2395 1361 2462 erat,
1392 2396 1479 2460 et,
1524 2384 1744 2452 castris
1780 2384 1849 2446 in
1894 2397 2111 2470 aperto
2153 2383 2392 2470 positis,
2438 2383 2781 2468 aliquoties

669 2470 988 2534 exercitus
1017 2469 1286 2535 Latinus
1327 2471 1616 2535 cominus
1654 2492 1801 2534 cum
1834 2469 2143 2534 Romanis
2181 2469 2362 2556 signa
2398 2469 2775 2544 contulerat.

671 2555 782 2622 Ad
811 2555 1128 2635 ultimum,
1169 2557 1464 2622 omnibus
1503 2557 1701 2644 copiis
1730 2557 2045 2633 connisus,
2078 2555 2303 2620 Ancus
2331 2555 2465 2620 acie
2540 2555 2779 2619 rimum

669 2643 899 2707 vincit:
963 2643 1134 2722 inde,
1187 2643 1435 2729 ingenti
1484 2643 1724 2728 praeda
1766 2643 2025 2729 potitus,
2076 2641 2351 2706 Romam
2534 2653 2581 2716 t,
2636 2655 2779 2705 tum

671 2749 928 2815 quoque
975 2729 1192 2792 multis
1235 2729 1513 2792 millibus
1560 2728 1937 2792 Latinorum
1981 2728 2047 2791 in
2094 2728 2413 2792 civitatem
2459 2728 2773 2814 acceptis3
2796 2754 2829 2802 5

715 2814 921 2890 uibus,
981 2825 1058 2884 ut
1121 2813 1234 2878 iun
1280 2825 1494 2876 eretur
1551 2813 1797 2878 Palatio
1858 2813 2279 2890 Aventinum,
2338 2812 2423 2876 ad
2480 2812 2777 2878 Murciae
2792 2825 2829 2875 6

343 2917 624 2970 Ianiculum
755 2911 856 2966 tae
907 2897 1106 2962 sedes.
1255 2897 1577 2962 aniculam
1630 2921 1889 2990 quoque
1940 2899 2301 2975 adiectum3
2368 2921 2500 2963 non
2558 2900 2781 2986 inopia
2798 2917 2829 2967 7

739 3105 767 3152 3
807 3092 1034 3152 Populus
1085 3091 1338 3140 Romanus
1393 3093 1689 3152 Quiritium]
1758 3093 1914 3153 plebs,
1940 3094 2064 3142 Anci
2092 3093 2279 3142 scilicet
2293 3094 2528 3156 populus,
2538 3093 2781 3156 origin-

671 3169 743 3216 ιο.
757 3155 979 3217 Populus
995 3155 1252 3213 Romanus
1264 3161 1316 3204 et
1331 3155 1555 3218 Populus
1568 3156 1690 3214 Qui·
1757 3155 1943 3206 habuit.
1980 3158 2187 3207 Niebhr.
2210 3157 2241 3206 i.
2267 3173 2316 3221 p.
2342 3171 2454 3220 349.
2491 3159 2524 3183 ‘⁴
2548 3158 2627 3207 Sis
2656 3173 2781 3220 quo-

671 3217 852 3277 ritium.
887 3219 948 3267 cf.
976 3217 1186 3281 Niebhr,
1209 3218 1242 3268 i.
1263 3235 1313 3282 p.
1339 3221 1447 3268 288.
1477 3226 1529 3268 et
1563 3219 1691 3268 Bris-
1758 3236 1968 3282 cumque
2010 3221 2098 3269 tibi
2142 3223 2309 3284 placet
2341 3221 2523 3270 Sancta
2558 3222 2784 3282 nomine,

671 3295 774 3330 son.
789 3283 852 3330 de
871 3281 1086 3331 Formul.
1103 3282 1134 3331 i.
1147 3299 1194 3345 p.
1207 3281 1290 3346 61,
1304 3283 1386 3344 qui
1397 3283 1689 3345 particulam
1755 3285 2046 3347 Romulique
2061 3288 2305 3348 Anciqtoe,
2326 3289 2381 3332 ut
2403 3284 2549 3332 solita
2564 3301 2635 3344 es,
2648 3287 2783 3334 bona

673 3344 1030 3394 coniunctivam
1051 3353 1100 3395 et
1119 3346 1170 3394 in
1201 3361 1342 3394 usum
1376 3362 1481 3397 sero
1506 3347 1692 3400 venisse
1754 3348 1959 3410 sospites
1990 3361 2085 3410 ope
2112 3351 2365 3410 gentem.’‘
2398 3349 2585 3398 Catull-
2606 3349 2781 3400 xxxiv.

673 3408 853 3457 scribit.
871 3409 931 3458 cf.
949 3425 1078 3470 supr.
1105 3424 1148 3471 3.
1194 3411 1478 3468 Quiritium,
1499 3411 1532 3459 i.
1548 3426 1590 3459 e.
1610 3411 1692 3459 Sap
1760 3412 1821 3459 cf.
1848 3411 1983 3474 Virg.
2004 3412 2131 3460 Aen.
2154 3412 2218 3460 vi.
2236 3410 2345 3460 816.
2378 3411 2507 3460 Eun.
2538 3411 2606 3461 iii.
2628 3428 2678 3475 p.
2698 3427 2779 3476 55.

673 3472 916 3532 binorum,
953 3473 1038 3534 qui
1077 3488 1188 3521 cum
1234 3474 1411 3524 “faece
1448 3475 1696 3533 Romuli'*
1762 3475 1954 3523 Luci-et.
1978 3475 2043 3523 iii.
2074 3477 2210 3538 ¹038·

675 3537 970 3586 coaluerant.
1614 3575 1617 3578 .
1820 3537 1853 3586 6
1886 3540 1969 3586 Ad
1986 3541 2245 3598 Murciae]
2292 3539 2439 3588 Circo
2467 3540 2643 3590 nedem
2682 3541 2781 3589 Ve-

737 3617 770 3660 4
804 3602 1132 3662 Aventinam]
1175 3600 1332 3657 ‘⁵-Qui
1355 3615 1466 3650 cum
1492 3600 1696 3650 Latinos
1757 3602 1885 3650 neris
1900 3601 2139 3652 Murciae.
2180 3605 2387 3652 Murcia
2398 3603 2537 3665 quasi
2552 3605 2781 3655 Μαι-εσυ.

675 3665 807 3714 bello
840 3663 1112 3721 devicisset,
1145 3664 1350 3713 adscivit
1381 3679 1466 3714 eos
1496 3664 1549 3714 in
1580 3664 1699 3716 civi-.
1758 3667 1964 3714 Mus-tea
1984 3673 2151 3714 autem
2175 3666 2332 3728 primo
2353 3667 2487 3716 diets
2504 3667 2683 3726 fuerat,
2698 3670 2779 3717 vel

675 3729 848 3786 tatem,
862 3733 1012 3790 atque
1031 3727 1162 3775 idem
1181 3728 1480 3777 Aventinum
1504 3733 1555 3777 et
1570 3729 1693 3778 Coe-
1759 3729 1876 3790 quia
1906 3735 2093 3791 myrtus
2116 3730 2297 3778 Veneri
2320 3746 2475 3790 sacra,
2496 3732 2573 3778 val
2596 3747 2630 3780 a
2648 3747 2781 3794 myr-

677 3790 800 3838 lium
817 3797 1036 3839 montem
1058 3791 1284 3839 adiunxit
1305 3791 1464 3842 urbi.”
1499 3792 1607 3842 Cic.
1631 3793 1695 3841 de
1758 3798 1863 3841 teto
1884 3809 2037 3868 prope
2062 3795 2189 3844 hanc
2211 3796 2383 3843 sedem
2407 3794 2615 3848 counito,
2674 3797 2781 3848 Alii

678 3854 809 3928 Περ.
829 3853 959 3903 ii.18.
989 3854 1326 3903 “Aventinum
1348 3861 1399 3903 et
1415 3855 1694 3904 Ianiculum
1758 3860 2012 3908 Mummiam
2028 3857 2241 3908 desidite
2257 3859 2401 3907 domn
2423 3857 2579 3908 finisse
2588 3860 2783 3918 volunt,

677 3919 782 3966 urbi
804 3917 1010 3977 addidit,
1031 3933 1159 3966 nova
1186 3919 1381 3968 moenis
1401 3918 1591 3981 oppido
1608 3919 1695 3968 cir-
1760 3936 1885 3982 quae
1918 3921 2141 3975 homines
2170 3924 2427 3982 marcidos,
2446 3922 2549 3970 sive
2578 3922 2785 3986 ignzvos

677 3980 980 4030 cumdedit.”
1013 3982 1131 4031 Aur.
1157 3981 1292 4030 Vict.
1320 3983 1384 4030 de
1405 3983 1511 4030 Vir.
1538 3983 1621 4032 111.
1651 3996 1693 4045 5.
1760 3983 1955 4033 faceret.
1988 3985 2153 4048 Cium
2172 3987 2233 4042 cf.
2262 3986 2390 4034 Plin.
2416 3987 2571 4042 Hm.
2594 4003 2674 4036 xv.
2700 4001 2781 4050 ‘²⁹-

677 4045 952 4095 Aventinus
977 4049 1142 4093 tamen
1176 4059 1318 4094 mons
1338 4051 1478 4094 extra
1534 4061 1695 4096 unoe-
1763 4048 1897 4096 Plut.
1922 4049 2027 4104 Qu.
2049 4050 2195 4109 Rom.
2218 4049 2267 4098 ii.
2288 4065 2339 4122 p.
2365 4049 2473 4098 268.

676 4108 1421 4170 riummsnsit,A.Gell.'xiii.14.
1512 4109 1696 4166 scham.
1830 4123 1857 4172 7
1888 4114 2197 4172 Ianiculum]
2248 4113 2330 4171 Sic
2368 4113 2575 4172 dictum,
2610 4113 2711 4162 sive
2744 4126 2779 4162 a

679 4187 730 4234 p.
760 4172 862 4236 163.
895 4187 1050 4236 usque
1070 4174 1134 4222 ad
1157 4172 1354 4223 Claudii
1381 4173 1698 4237 Imperatoris
1764 4175 1905 4246 Iano,
1926 4175 2009 4250 qui
2032 4176 2097 4224 ibi
2121 4179 2201 4224 vet
2232 4177 2294 4224 sit
2326 4178 2564 4239 sepultus,
2586 4179 2667 4226 vel
2690 4178 2777 4226 hs-

679 4242 908 4290 actatem.
1762 4239 2015 4297 bitsventg
2057 4240 2175 4298 sive,
2206 4247 2406 4289 auctore
2442 4243 2610 4300 Festo,
2645 4243 2775 4302 qaod

748 4313 776 4364 5
795 4303 978 4351 Multis
991 4302 1202 4352 millibus
1218 4303 1533 4362 Latinorum]
1562 4301 1697 4352 Hinc
1762 4317 1850 4367 per
1870 4317 2008 4364 eum,
2018 4310 2250 4366 umquam
2274 4319 2361 4380 per
2378 4307 2605 4364 ianuam,
2624 4321 2777 4370 popu-
