3000 4784
814 210 1007 279 LIB.
1053 210 1172 279 VI.
1234 210 1457 279 CAP.
1506 214 1610 282 27.
2146 216 2274 284 377

100 346 425 433 :quirens
468 347 691 428 oculis,
726 350 989 416 ubinam
1031 348 1275 416 bellum
1302 349 1542 415 fiiisset.
1633 348 1826 417 Adeo
1859 370 1986 417 nec
2024 365 2271 418 amotae
2293 362 2361 415 U.
2384 364 2444 416 c.
2469 374 2584 428 374·

132 434 247 499 rei
290 456 585 522 usquam,
616 459 739 502 nec
778 437 1025 503 oblatae
1066 436 1151 503 ad
1193 449 1446 524 tempus
1472 436 1813 525 vestigium
1849 437 2054 503 ullum
2095 452 2266 504 erat:
2289 430 2351 481 A.
2385 431 2445 481 ⁰·
2468 430 2586 493 3⁷⁸·

132 520 273 585 sed
302 521 401 586 ita
427 523 643 587 omnia
662 525 982 589 constanti
1010 522 1357 611 tranquilla
1382 546 1561 611 pace,
1581 536 1658 589 ut
1685 546 1764 589 eo
1783 524 1895 589 vix
1921 524 2092 591 fama
2118 525 2276 593 belli

132 606 411 695 perlata
467 609 672 675 videri
728 622 957 698 posset.
1049 609 1279 675 Victus
1338 610 1351 623 ⁰
1403 610 1534 675 itur
1593 610 1904 697 patientia
1969 611 2270 691 hostium,
2389 620 2494 682 26.

136 708 460 761 senatum
488 719 711 761 eorum
739 697 951 763 vocari
979 696 1179 762 iussit.
1247 694 1367 761 ‘So
1392 697 1417 760 i
1444 696 1696 774 adhuc,’
1723 698 1792 762 in
1841 697 1957 777 uit,
1991 706 2011 737 6
2021 698 2274 764 Tuscu-

142 788 167 819 ‘
186 780 359 859 lani,
387 804 539 848 vera
565 806 742 849 arma
770 806 1077 871 verasque
1106 783 1291 860 vires,
1372 783 1560 849 uibus
1599 783 1678 848 ab
1707 783 1804 848 ira
1899 807 2275 851 omanorum

143 875 168 906 ‘
192 880 421 933 vestra
462 870 850 947 tutaremini,
897 870 1243 935 invenistis.
1388 882 1452 934 te
1498 870 1774 935 Romam
1817 869 1902 936 ad
1943 884 2270 937 senatum:

144 962 169 993 ‘
196 955 639 1021 aestimabunt
688 956 931 1035 Patres,
980 968 1197 1022 utrum
1246 954 1394 1043 plus
1444 968 1593 1022 ante
1645 979 1912 1043 poenae,
1965 981 2047 1023 an
2101 981 2274 1024 nunc

146 1048 171 1078 ‘
196 1041 436 1107 veniae
494 1042 707 1108 meriti
764 1042 917 1108 sitis.
1039 1042 1197 1108 Non
1262 1042 1649 1130 praecipiam
1705 1044 1975 1129 gratiam
2031 1044 2276 1131 publici

148 1136 173 1167 ‘
196 1128 527 1194 beneficii.
618 1128 1029 1217 Deprecandi
1074 1141 1453 1217 potestatem
1482 1151 1522 1192 a
1549 1151 1653 1194 me
1697 1129 2046 1195 habueritis
2061 1156 2080 1195 z
2174 1153 2277 1196 re-

148 1222 173 1252 ‘
192 1214 391 1279 cibus
432 1228 737 1281 eventum
793 1216 1017 1281 vestris
1072 1227 1351 1292 senatus,
1412 1237 1608 1302 quem
1665 1215 2005 1293 videbitur,
2059 1217 2144 1281 da
2185 1218 2275 1281 it.’

146 1300 327 1366 Post
375 1324 521 1366 uam
563 1302 840 1367 Romam
881 1301 1231 1367 Tusculani
1268 1312 1605 1377 venerunt,
1637 1315 2019 1388 senatusque
2061 1302 2276 1390 paullo

148 1400 317 1452 ante
396 1388 640 1453 delium
668 1387 983 1453 sociorum
1012 1400 1289 1453 maestus
1318 1388 1388 1451 in
1411 1386 1722 1452 vestibulo
1753 1388 1966 1453 curiae
1996 1401 2094 1453 est
2121 1411 2276 1453 con·-

148 1486 443 1561 spectus,
474 1476 633 1539 moti
678 1474 1004 1562 extemplo
1040 1475 1281 1552 PatreS,
1312 1474 1524 1539 vocari
1566 1496 1678 1539 eos
1720 1474 1849 1539 iam
1877 1486 2014 1539 tum
2059 1475 2278 1562 hospi-

148 1560 383 1625 taliter
402 1562 622 1648 magis,
643 1584 837 1649 quam
854 1560 1187 1638 hostiliter,
1210 1562 1467 1627 iussere.
1557 1559 1856 1625 Dictator
1873 1561 2276 1628 Tusculanus

150 1646 703 1799 {2332ssss
718 1673 735 1713 ²
752 1656 823 1799 ti
840 1646 2276 1802 ffsstffmfflefflffissffimssfflffffls

156 1828 181 1859 ‘
208 1820 429 1886 curiae
459 1758 848 1899 vestraeyit'a
889 1822 1115 1887 armati
1142 1820 1474 1908 paratique
1504 1821 1758 1886 obviam
1795 1820 2278 1909 imperatoribus

156 1906 700 1995 ‘legionibusque
730 1908 953 1973 vestris
980 1908 1413 1994 processimus.
1507 1906 1638 1973 Hic
1668 1920 1902 1986 noster,
1935 1908 2040 1974 hic
2072 1909 2278 1996 plebis

156 2002 183 2031 6
204 2005 465 2059 nostrae
487 1994 743 2059 habitus
770 1993 909 2071 fuit,
934 1993 1183 2081 eritque
1214 2016 1483 2081 semper,
1503 1994 1628 2058 nisi
1658 1994 1712 2057 si
1743 1996 2003 2081 quando
2025 1997 2277 2074 avobiS,

158 2088 181 2119 ‘
204 2102 457 2167 proque
477 2081 673 2158 vobis,
686 2103 861 2145 arma
877 2081 1321 2167 acceperimus.
1392 2079 1646 2145 Gratias
1663 2081 1908 2167 agimus
1925 2094 1992 2145 et
2009 2082 2280 2147 ducibus

159 2175 186 2204 6
206 2167 438 2231 vestris
476 2179 545 2231 et
586 2168 989 2245 exercitibua
1037 2168 1213 2253 quod
1252 2166 1453 2231 oculis
1496 2167 1716 2252 magis,
1749 2188 1944 2252 quam
1999 2168 2278 2245 auribuS,

164 2262 187 2291 ‘
208 2252 663 2329 crediderunt3
728 2266 813 2331 et,
867 2255 979 2317 ubi
1024 2254 1188 2317 nihil
1238 2252 1465 2319 hostile
1515 2266 1668 2329 crat⁹
1715 2275 1797 2317 ne
1845 2253 1966 2339 ipsi
2014 2254 2278 2339 quidem

163 2349 188 2379 ‘
206 2340 523 2405 fecerunt.
612 2340 871 2418 Pacem,
919 2363 1111 2426 quam
1163 2362 1279 2405 nos
1330 2339 1778 2426 praestitimus»,
1824 2362 1966 2404 eam
2013 2363 2052 2404 a
2101 2341 2280 2406 vobis

165 2435 190 2466 ‘
216 2426 533 2513 petimus:
580 2427 823 2491 bellum
862 2450 961 2505 e0,
1002 2427 1205 2491 sicubi
1248 2440 1363 2503 est,
1402 2426 1717 2502 avertatiS‚
1758 2448 2108 2512 precamur.
2199 2426 2282 2491 In

167 2522 191 2551 ‘
210 2536 338 2578 nos
372 2514 533 2615 quid
574 2536 749 2578 arma
790 2513 1075 2601 polleant
1112 2524 1334 2589 vestra,
1367 2512 1421 2575 si
1463 2512 1768 2597 patiendo
1811 2513 2282 2599 experiundum

165 2609 193 2639 ‘
216 2613 339 2677 est,
399 2622 673 2665 mermes
730 2600 1150 2687 experiemur.
1244 2596 1426 2662 Haec
1486 2620 1666 2663 mens
1717 2610 1932 2663 nostra
1988 2611 2119 2676 est;
2189 2600 2282 2664 dii

166 2686 607 2751 ‘immortales
626 2686 882 2765 faciant,
904 2700 1035 2751 tam
1052 2684 1224 2761 felix,
1245 2706 1439 2771 quam
1460 2684 1584 2771 pia.
1681 2682 1878 2759 Quod
1909 2685 1992 2749 ad
2013 2685 2284 2751 crimina

166 2784 194 2814 ‘
212 2774 467 2851 attinet,
499 2774 731 2860 quibus
766 2774 924 2837 moti
968 2772 1208 2838 bellum
1247 2770 1604 2848 indixistis3
1652 2772 1772 2835 etsi
1815 2772 2055 2837 revicta
2091 2774 2282 2839 rebus

168 2872 193 2901 ‘
212 2860 427 2925 verbis
447 2859 773 2925 confutare
795 2859 961 2923 nihil
990 2859 1257 2934 attinet3
1306 2871 1540 2935 tamen,
1567 2859 1814 2923 etiamsi
1834 2882 1980 2923 vera
2009 2859 2155 2937 sint,
2181 2861 2284 2925 vel

168 2958 191 2988 ‘
218 2948 408 3012 fateri
448 2947 633 3011 nobis
676 2969 771 3023 ea,
817 2970 1019 3033 quum
1062 2958 1193 3011 tam
1244 2945 1576 3010 evidenter
1617 2946 2023 3032 poenituerit,
2071 2959 2284 3013 tutum

168 3045 192 3074 ‘
214 3026 567 3099 censemus.
660 3033 973 3098 Peccetur
1020 3033 1087 3096 in
1116 3054 1245 3109 voa,
1292 3032 1447 3096 dum
1494 3032 1674 3118 digni
1719 3033 1872 3110 sitis,
1917 3034 2150 3133 quibus
2193 3035 2284 3099 ita

166 3132 190 3163 6
218 3120 523 3185 satisfiat)
612 3120 893 3185 Tantum
929 3119 1061 3184 fere
1100 3120 1437 3184 verborum
1481 3120 1562 3183 ab
1604 3119 1984 3184 Tusculanis
2025 3119 2280 3184 factum.

120 3231 149 3273 4
168 3209 417 3273 Pacem
460 3207 531 3270 in
569 3206 947 3292 praesentia,
990 3228 1109 3269 nec
1150 3206 1241 3270 ita
1280 3204 1483 3268 multo
1527 3217 1673 3289 post
1709 3206 2032 3269 civitatem
2067 3204 2282 3282 etiam,

166 3297 714 3380 impetraverunt:
764 3293 842 3356 ab
874 3292 1155 3356 Tusculo
1185 3290 1467 3377 legiones
1496 3289 1814 3353 reductae.

272 3378 586 3444 Camillus
615 3377 878 3443 consilio
908 3392 973 3443 et
1003 3379 1235 3441 virtute
1278 3377 1347 3439 in
1375 3374 1614 3439 Volsco
1657 3374 1846 3451 bello,
1875 3374 2178 3441 felicitate
2215 3377 2285 3441 in
2407 3388 2510 3453 27,

170 3466 549 3533 Tusculana
591 3466 1021 3553 expeditione,
1053 3463 1393 3549 utrobique
1424 3460 1728 3560 singulari
1769 3461 2064 3526 adversus
2093 3462 2287 3527 colle-

168 3576 329 3642 gam
372 3552 681 3640 patientia
722 3565 790 3617 et
840 3551 1274 3616 moderatione
1320 3548 1605 3635 insigma,
1661 3547 2033 3634 magistratu
2090 3549 2283 3626 abiit3

170 3640 411 3707 creatis
454 3640 726 3704 tribunis
767 3638 1145 3703 militaribus
1187 3637 1257 3700 in
1300 3636 1747 3721 insequentem
1799 3658 2060 3715 annum,
2109 3636 2186 3702 L.
2220 3651 2288 3703 et

248 3865 277 3913 3
302 3852 411 3899 Nec
426 3856 613 3899 amotae
632 3851 706 3899 rei
728 3848 959 3912 mquam]
988 3846 1201 3895 Nullum
1261 3845 1493 3906 gremium,
1529 3858 1634 3891 nna
1671 3859 1780 3893 cum
1815 3846 2046 3896 Romanis
2080 3850 2286 3909 civibus,

174 3930 391 3977 usquam
414 3920 517 3963 erat
540 3912 795 3976 vestigium
822 3912 889 3961 rei
915 3912 1203 3973 cuiusquam
1262 3916 1609 3971 praeterquam
1630 3910 1690 3957 de
1709 3910 1950 3972 suffrayio
1964 3914 2176 3971 serendo
2196 3920 2286 3960 aut

174 3986 271 4028 aut
298 3984 513 4037 sanotae,
534 3984 591 4026 ut
623 3993 655 4025 a
688 3976 905 4039 periculo
937 3974 1203 4037 ingruentis
1266 3974 1556 4034 magristrum
1573 3975 1822 4034 capiendo.
1851 3976 1910 4023 cf.
1923 3976 2098 4023 Festus
2113 3978 2283 4024 v.Mu·

176 4043 301 4092 belli
322 4048 435 4091 tuta
454 4046 812 4105 praestat-etun
835 4046 921 4089 aut
942 4041 1135 4088 oblatae
1152 4044 1203 4086 et
1266 4038 1518 4098 nicipium.
1588 4038 1686 4085 Sed
1725 4052 1821 4085 non
1867 4038 1938 4085 ita
1975 4039 2135 4085 multo
2173 4044 2284 4097 post

177 4108 233 4155 in
266 4106 487 4155 medium
520 4112 797 4169 promptae,
818 4112 873 4153 ut
905 4105 969 4152 ad
1003 4104 1201 4165 propul-
1266 4116 1351 4149 eos
1369 4100 1614 4163 accepisse
1635 4100 1711 4148 ius
1731 4100 1943 4161 suffragii
1967 4106 2018 4147 et
2037 4100 2284 4161 magistra-

178 4172 393 4221 tandum
414 4171 603 4219 bellum
624 4169 734 4219 usui
756 4175 895 4218 esset.
932 4170 1095 4221 Cam,
1266 4172 1409 4213 tuum
1446 4166 1639 4214 Romae
1674 4164 1996 4226 gerendorum
2032 4164 2286 4213 Drakenb.

248 4252 281 4296 4
304 4236 587 4295 Civitatem]
616 4234 703 4283 Ius
722 4233 909 4282 scilicet
929 4229 1202 4292 municipii,
1265 4232 1330 4278 ad
1362 4229 1472 4279 infr.
1498 4228 1592 4277 viii.
1623 4242 1698 4289 37.
1738 4228 1929 4289 probat,
1964 4226 2002 4273 si
2039 4228 2187 4274 modo
2223 4226 2284 4278 T.

180 4316 297 4363 quo,
311 4314 423 4348 oum
434 4300 636 4348 Romam
658 4300 919 4356 venissent,
934 4298 1203 4359 participes
1267 4291 1922 4343 Coruncanius'l'usculanus
1936 4306 2015 4339 an.
2027 4302 2134 4352 472.
2151 4291 2214 4342 U.
2225 4292 2287 4345 C.

183 4370 331 4415 erant
348 4364 567 4414 omnium
591 4378 759 4414 rerum
789 4364 857 4411 ad
882 4377 1062 4411 munus
1074 4362 1202 4422 sun-
1268 4358 1580 4407 consulatum
1604 4356 1798 4405 Romae
1817 4353 2032 4417 gesserit.
