3000 4784
404 365 472 416 U.
496 367 556 416 C.
579 366 688 418 266.

402 431 463 480 A.
496 433 555 482 C.
580 432 690 494 486.

404 959 471 1009 U.
495 960 555 1009 C.
581 959 689 1022 267⁴.

344 1047 351 1057 ·
402 1025 464 1072 A.
498 1025 557 1073 C.
580 1025 691 1086 485.

402 1088 463 1136 T.
482 1087 681 1146 Sicinio,

401 1153 460 1201 C.
480 1152 697 1214 Aquinio

402 1217 539 1266 Coss.

503 1308 609 1368 41.

404 1391 473 1441 U.
495 1392 555 1441 C.
579 1390 689 1442 268.

401 1456 463 1504 A.
498 1457 557 1505 C'.
580 1457 717 1517 484.-

401 1519 487 1581 Sp.
511 1519 681 1568 Cassio

402 1583 511 1633 111.
538 1584 679 1633 Proc-

402 1646 626 1709 'virginio

402 1712 539 1761 Coss.

403 1927 509 2002 ιρι
532 1941 665 1989 acn-

402 2006 489 2041 na.

730 220 851 280 118
1505 210 1731 278 ΤῙΤῙ
1784 209 2052 277 LIVII

816 348 1094 414 Rediere
1138 347 1371 412 deinde
1402 345 1638 424 Volsci,
1669 347 1981 412 adiunctis
2011 345 2277 432 Aequis,
2319 346 2388 410 in
2427 367 2650 433 agrum
2687 342 2827 408 Ro-

726 457 1021 500 manum:
1086 435 1202 499 sed
1258 434 1475 520 Aequi
1536 435 1791 498 Attium
1843 433 2104 498 Tullum
2163 432 2337 496 haud
2395 432 2563 496 ultra
2618 430 2826 496 tulere

725 522 976 586 ducem.
1068 520 1244 586 Hinc
1272 543 1355 585 ex
1383 521 1748 598 certamine,
1780 518 1998 584 Volsci
2028 519 2330 606 Aequine
2377 519 2828 607 imperatorem

726 607 1066 673 coniuncto
1109 607 1415 672 exercitui
1458 607 1702 684 darent,
1733 607 1977 684 seditio,
2009 606 2243 670 deinde
2287 617 2466 670 atrox
2509 604 2828 693 proelium

728 707 955 760 ortum.
1046 693 1147 758 Ibi
1196 694 1450 759 fortuna
1496 693 1718 780 populi
1769 694 2046 758 Romani
2097 693 2256 758 duos
2307 692 2587 757 hostium
2639 715 2828 756 exer-
2848 717 2876 766 5

728 782 909 930 citufs,
954 781 1133 882 baud
1184 781 1393 845 minus
1438 780 1795 868 pernicioso
1847 803 2038 866 quam
2091 779 2400 866 pertinaci
2457 778 2826 854 certamine,

727 890 847 933 con
876 882 1017 933 ecit.

820 953 1135 1020 Consules
1181 954 1259 1018 T.
1313 952 1588 1018 Sicinius
1635 966 1703 1018 et
1748 952 1826 1018 C.
1872 952 2216 1040 Aquillius·
2312 951 2552 1017 Sicinio
2581 950 2827 1028 Volsci,

733 1040 1021 1127 Aquinio
1054 1039 1323 1105 Hernici
1350 1042 1532 1128 (nam
1571 1040 1618 1104 ii
1657 1065 1745 1127 qu
1835 1063 1916 1104 ue
1945 1041 2014 1105 in
2045 1039 2234 1104 armis
2261 1039 2472 1124 erant)
2497 1039 2831 1140 provincia

728 1127 957 1192 evenit.
1020 1149 1025 1157 ·
1067 1127 1165 1192 Eo
1222 1151 1391 1192 anno
1452 1126 1721 1191 Hernici
1823 1127 2042 1192 evicti:
2107 1149 2254 1192 cum
2311 1125 2559 1192 Volscis
2617 1148 2828 1212 aequo

731 1214 941 1278 Marte
970 1215 1315 1278 discessum
1344 1227 1457 1279 est.

820 1301 927 1389 Sp.
966 1301 1221 1366 Cassius
1264 1301 1499 1366 deinde
1543 1313 1611 1365 et
1640 1299 1946 1368 Proculus
1974 1300 2304 1388 Virginius
2331 1299 2623 1365 consules
2651 1298 2822 1364 facti.

732 1387 905 1453 Cum
937 1387 1235 1453 Hernicis
1276 1388 1500 1452 foedus
1543 1388 1774 1452 ictum:
1823 1388 1955 1474 agri
1997 1401 2207 1474 partes
2244 1387 2410 1452 duae
2449 1386 2821 1472 ademptae:
2843 1397 2878 1447 6

728 1475 879 1539 inde
928 1475 1265 1539 dimidium
1310 1474 1576 1551 Latinis,
1631 1474 1969 1539 dimidium
2018 1473 2190 1561 plebi
2238 1473 2551 1538 divisurus
2600 1472 2829 1536 consul

734 1559 991 1625 Cassius
1048 1575 1198 1625 erat.
1290 1561 1656 1625 Adiiciebat
1711 1560 1862 1624 huic
1919 1561 2169 1625 muneri
2219 1561 2351 1648 agri
2403 1559 2826 1646 aliquantum,

729 1669 923 1733 quem
950 1647 1277 1747 publicum
1306 1646 1614 1734 possideri
1644 1669 1683 1711 a
1708 1647 1968 1733 privatis
1995 1648 2460 1712 criminabatur.
2547 1645 2629 1711 Id
2657 1645 2828 1710 mul-
2849 1669 2878 1720 7

731 1745 828 1797 tos
856 1733 1119 1819 quidem
1146 1733 1428 1810 Petrum,
1459 1733 1628 1820 ipsos
1751 1755 2066 1811 ssessoreS,
2096 1733 2381 1822 periculo
2423 1755 2636 1798 rerum
2679 1755 2828 1796 sua-

728 1841 871 1882 rum
913 1820 1203 1884 terrebat.
1298 1819 1429 1884 Sed
1470 1832 1539 1884 et
1578 1842 1670 1906 pu
1710 1819 1834 1884 lica
1862 1819 2154 1885 Patribus
2195 1820 2553 1885 sollicitudo
2595 1820 2826 1898 inerat,

728 1903 1059 1993 largitione
1089 1906 1413 1971 consulem
1444 1906 1824 1993 periculosas
1852 1907 2128 1972 libertati
2159 1930 2312 1995 opes
2339 1921 2598 1972 struere.
2649 1905 2830 1971 Tum

729 1993 1025 2144 {iffi
1035 1992 1974 2145 ¹32ffi1'fflffi33
2003 2017 2161 2146 32¹2.
2190 1993 2824 2167 ἶῖῗὲἓέῗηᾱῐέἓῗξ
2845 2013 2876 2061 ⁸

734 2163 979 2230 Consul
1022 2165 1181 2231 alter
1220 2165 1538 2254 largitioni
1581 2167 1926 2244 resistebat,
1957 2168 2317 2234 auctoribus
2357 2166 2670 2246 Patribus,
2701 2189 2827 2232 nec

728 2252 905 2316 omni
933 2252 1117 2339 plebe
1150 2253 1552 2318 adversante:
1600 2275 1764 2340 quae
1792 2255 1999 2341 primo
2026 2267 2322 2342 coeperat
2348 2253 2650 2332 fastidire,
2679 2276 2827 2318 mu-

729 2494 965 2544 Veturiae
1018 2497 1065 2544 le
1126 2495 1310 2545 tionem
1357 2511 1740 2546 commemoran·
1873 2509 1900 2559 7
1932 2500 2205 2559 Poe-sideri]
2253 2501 2496 2549 Posmsio
2527 2503 2619 2558 est,
2650 2505 2710 2548 ut
2741 2500 2826 2550 de-

727 2561 841 2608 dam
872 2559 1035 2624 posita,
1080 2561 1224 2621 uerit,
1244 2561 1377 2623 quod
1399 2560 1557 2610 viduis
1588 2561 1742 2624 iisque
1804 2561 1914 2610 finit
1937 2561 2115 2611 Gallus
2137 2563 2325 2622 Aelius,
2346 2579 2468 2613 mus
2487 2565 2598 2626 agri
2632 2571 2723 2612 aut
2745 2581 2824 2615 ae-

726 2639 852 2686 quae
864 2625 1004 2672 alteri
1021 2625 1197 2673 marito
1209 2631 1393 2688 nuptae
1406 2626 1740 2685 essent‚limen
1803 2627 1970 2688 dificit.
1986 2626 2174 2676 Festus.
2215 2627 2421 2691 Quippe
2427 2629 2828 2691 pauida-cagreni

726 2687 905 2737 intrare
921 2704 1019 2737 non
1041 2688 1245 2738 licuerit.
1291 2689 1388 2737 Sed
1403 2691 1569 2738 fictam
1585 2695 1741 2738 totam
1803 2690 1838 2737 ii
1872 2691 2175 2751 dicebantur,
2207 2692 2290 2754 qui
2329 2707 2427 2740 non
2458 2693 2828 2754 mancipatione

728 2752 857 2800 hanc
896 2754 957 2801 de
993 2753 1255 2801 Coriolano
1286 2753 1554 2813 historiam,
1584 2759 1635 2802 et
1667 2769 1743 2802 res
1805 2755 1888 2802 sed
1927 2771 2020 2802 usu
2055 2756 2307 2814 tenebant,
2338 2756 2513 2818 quibus
2547 2771 2664 2818 ager
2699 2760 2825 2819 pub-

728 2822 887 2878 gestas
908 2815 957 2863 in
981 2816 1263 2865 vicesimum
1285 2816 1463 2864 abhinc
1478 2831 1608 2865 anno
1629 2833 1741 2866 con-
1807 2819 1932 2867 licus
1973 2833 2072 2867 non
2113 2819 2385 2883 assignatus
2424 2821 2512 2868 sed
2547 2835 2826 2882 coneeoeus,

728 2879 953 2927 ferendas
994 2895 1098 2928 esse
1145 2879 1292 2941 plane
1334 2879 1506 2942 liquet,
1549 2883 1745 2941 quando
1808 2883 1892 2945 qui
1913 2899 2074 2938 usum,
2093 2899 2192 2933 non
2224 2891 2394 2933 autem
2414 2886 2644 2945 sutem
2674 2885 2825 2935 habe-

730 2942 1037 3000 Coriolanus,
1090 2943 1123 2968 ‘⁴
1142 2943 1341 2990 exulum
1409 2943 1744 2992 Romsnomm
1809 2949 1943 2996 bant.
1987 2948 2049 2996 cf.
2072 2947 2177 2998 Cic.
2205 2949 2317 2998 adv.
2341 2949 2479 2998 Rull.
2507 2948 2576 2998 iii.
2609 2963 2656 3010 3.
2701 2949 2824 2999 Oro-

732 3006 851 3064 dux‚
886 3006 1017 3054 bello
1055 3005 1334 3068 gravissimo
1373 3006 1560 3055 Volsco
1600 3009 1745 3057 inter-
1809 3010 1908 3060 sius
1945 3013 2017 3062 18.
2054 3028 2133 3074 ap.
2177 3012 2456 3076 Savignium
2501 3027 2614 3061 vom
2657 3013 2824 3064 Besitz

730 3069 874 3118 fuit.”
909 3069 971 3118 cf.
993 3069 1097 3118 Cic.
1122 3070 1261 3118 Brut.
1291 3083 1362 3119 ιο.
1812 3089 1860 3137 p.
1890 3091 1909 3124 ι
1918 3089 1974 3138 51
2001 3075 2191 3126 citatus.
2225 3077 2433 3126 Niebhr.
2455 3077 2506 3126 ii.
2527 3093 2578 3140 p.
2605 3091 2712 3138 142.

799 3147 827 3195 5
849 3134 929 3182 Ibi
938 3136 1177 3195 fortuna]
1217 3133 1319 3182 Hic
1353 3149 1465 3183 vera
1498 3136 1620 3184 latet
1651 3136 1746 3186 his-
1876 3141 1906 3188 8
1937 3143 2042 3190 Lea·
2071 3143 2302 3204 amaria]
2359 3143 2440 3190 De
2471 3157 2588 3204 egro
2619 3141 2824 3204 publico

732 3197 871 3272 toria,
888 3199 1132 3272 quomodo
1153 3198 1366 3260 populus
1388 3199 1644 3248 Romanus
1663 3215 1745 3264 pe-
1811 3203 1943 3265 plebi
1965 3207 2272 3267 emanando.
2339 3207 2523 3269 Agrum
2547 3207 2824 3268 publicum,

732 3263 1071 3312 nculosisslmo
1092 3263 1185 3312 hoc
1210 3263 1339 3312 bello
1362 3269 1553 3325 praeter
1572 3280 1745 3327 expec-
1810 3269 1875 3316 ab
1911 3269 2128 3317 hostibus
2165 3277 2383 3332 captum,
2416 3286 2688 3320 omma
2729 3271 2822 3320 sibi

734 3325 969 3401 tutionem
997 3327 1255 3398 incolumis
1286 3329 1503 3377 evaserit.
1541 3329 1744 3379 Niebhr.
1809 3333 1954 3394 pauci
2001 3335 2328 3396 possidebam,
2375 3335 2462 3397 qui
2521 3334 2824 3396 reipublicae

734 3405 783 3438 ιι.
816 3405 863 3451 p.
893 3405 996 3452 ¹04·
1062 3392 1159 3440 Sed
1194 3392 1574 3442 Wachsmuthio
1605 3394 1749 3443 aliter
1808 3399 2016 3459 vectigal
2033 3413 2098 3446 sc.
2109 3401 2338 3459 fructum
2357 3400 2653 3461 pendebant-
2705 3401 2824 3448 Hac

734 3453 1288 3569 '1⁶2U005‘ss43mss2·
1332 3523 1513 3582 s...
1563 3524 1738 3583 ...ἡ
1807 3461 2312 3575 &maturam
2333 3463 2702 3576 Μτῗεῗξω

734 3583 1007 3631 Niebuhrio
1030 3584 1193 3646 placet
1224 3583 1274 3631 in
1304 3601 1401 3634 uno
1424 3587 1618 3634 foedere
1641 3588 1741 3636 Ro-
1803 3589 2106 3652 assignando.
2171 3543 2474 3654 Qriffoess
2495 3543 2824 3654 ωςιιέιθὲα

732 3661 917 3705 manos,
956 3647 1159 3696 Latinos
1194 3654 1245 3696 et
1279 3649 1522 3698 Hernicos
1551 3650 1744 3700 iunctos
1805 3652 2036 3716 mancipii
2087 3661 2242 3715 erant,
2283 3661 2334 3704 et
2375 3659 2556 3705 tributo
2597 3657 2820 3706 subiecti.

732 3725 851 3768 oese,
884 3721 935 3759 et
967 3711 1043 3759 his
1074 3712 1430 3762 conditionibus
1460 3714 1743 3764 societatem
1808 3717 1990 3780 Legem
2034 3719 2242 3780 primam
2288 3720 2522 3783 agrariam
2575 3736 2608 3769 a
2651 3721 2822 3770 Servio

732 3775 1057 3849 confirmasse,
1078 3776 1118 3823 si
1138 3775 1239 3838 egri
1272 3779 1335 3824 ab
1366 3778 1586 3826 host-ibus
1611 3779 1742 3842 capti
1808 3781 1976 3830 Tullio
1998 3784 2190 3844 promul
2253 3790 2354 3832 tam
2377 3785 2584 3848 legimus
2603 3795 2684 3848 ap.
2711 3786 2819 3835 Liv.

730 3844 875 3886 tertia
906 3854 1081 3914 cuique
1113 3841 1297 3914 populo
1331 3857 1443 3903 pars
1474 3843 1740 3892 accederet.
1806 3845 1839 3893 i.
1858 3844 1935 3905 46.
1991 3799 2254 3896 Nonnulli²
2257 3850 2474 3911 quidem,
2487 3853 2538 3896 et
2558 3849 2594 3898 ii
2613 3850 2820 3898 minime

732 3903 830 3978 Sed
865 3903 1049 3961 Livius,
1080 3919 1163 3978 qu}
1196 3919 1357 3953 veram
1393 3906 1538 3954 huius
1569 3907 1638 3955 rei
1669 3924 1741 3957 rs-
1805 3909 1992 3959 indocti
2029 3911 2134 3972 viri,
2165 3913 2295 3976 leges
2329 3913 2540 3975 agrarias
2567 3914 2818 3963 Romano-

732 3973 918 4041 tionem
927 3982 1037 4042 'non
1060 3969 1197 4027 vidit,
1220 3975 1381 4031 partes
1402 3971 1525 4019 duas
1544 3971 1644 4033 agri
1667 3973 1740 4021 sui
1805 3989 1912 4022 rum
1940 3976 2004 4024 sd
2023 3991 2161 4038 agros
2193 3977 2406 4039 privatos
2435 3985 2682 4040 spectasse
2712 3993 2817 4040 per-

736 4031 964 4080 Hermcis
988 4033 1209 4081 ademtae
1235 4033 1416 4093 scribit,
1444 4049 1596 4096 quum
1630 4051 1740 4084 con-
1805 4053 1971 4100 peram
1995 4039 2335 4090 disseruerunt.
2373 4043 2436 4090 cf.
2454 4041 2818 4104 Montesquieu.

730 4099 806 4143 tra.
827 4095 1088 4170 &⁸5¹¹ss
1110 4097 1210 4159 agri
1233 4097 1410 4159 captis
1433 4098 1628 4147 Volscis
1655 4107 1742 4149 aut
1805 4102 2120 4153 Machiavell.
2153 4110 2205 4154 et
2235 4105 2318 4154 alii
2353 4106 2552 4166 plures;
2593 4107 2680 4154 sed
2713 4121 2815 4156 rem

726 4160 915 4220 Aequis
946 4160 1321 4209 distribueretur.
1388 4162 1588 4211 Bellum
1627 4179 1740 4213 cum
1805 4182 1997 4228 prorsus
2055 4169 2204 4218 aliam
2261 4170 2408 4218 fiiisse
2468 4171 2817 4219 confirmarunt

730 4223 927 4272 Volscis
955 4229 1005 4272 et
1029 4223 1213 4285 Aequis
1242 4223 1577 4286 ingravescens
1607 4227 1739 4278 haud
1806 4231 1972 4292 Heyn.
2009 4233 2058 4281 in
2097 4235 2278 4297 Opusc.
2314 4234 2467 4282 Acad.
2508 4233 2573 4282 iv.
2617 4250 2668 4296 p.
2707 4249 2816 4298 350.

730 4286 877 4358 giubie
914 4287 963 4336 in
995 4303 1141 4336 causa
1172 4293 1292 4360 eret,
1324 4305 1426 4362 cur·
1444 4290 1539 4338 hoc
1569 4291 1740 4343 foedus
1805 4295 2008 4346 Niebhr.
2025 4296 2075 4346 ii.
2096 4313 2143 4360 p.
2175 4313 2278 4360 ¹4¹·
2317 4299 2571 4348 Wschsm.
2597 4314 2646 4360 p.
2673 4315 2782 4362 324.

730 4355 881 4397 1ctum
906 4359 1043 4399 esset.
1090 4352 1150 4400 cf.
1176 4351 1324 4400 Dion.
1349 4353 1443 4402 viii.
1461 4353 1544 4415 '76.
