3000 4784
723 220 850 281 354
1503 214 1730 280 ΤΙΤΙ
1791 214 1967 281 LIV
1984 213 2065 281 ΙΙ

403 356 470 407 U·
495 356 555 407 C·
582 354 692 417 367·
729 350 870 415 fuit.
963 349 1142 414 Dum
1172 363 1570 427 cunctantur,
1596 352 1724 416 iam
1754 352 2031 417 militum
2060 352 2301 441 praeda
2326 364 2503 427 erat3
2560 372 2727 429 nec,
2748 350 2861 415 nia?
2898 416 2903 421 ,

403 422 465 534 ἒ·
499 422 557 532 qt·
583 421 694 531 ᾖξὸ·
733 458 848 524 per
905 436 1229 513 invidiam,
1281 437 1480 501 adimi
1532 450 1797 525 poterat.
1890 438 2141 503 Eodem
2192 462 2385 517 anno,
2444 462 2541 504 ne
2600 438 2891 526 privatin

409 499 720 597 ..1²:32ssch
737 536 986 587 tantum
1033 524 1333 609 operibus
1378 539 1690 589 cresceret
1725 525 1895 603 urbS‚
1946 524 2339 613 Capitolium
2392 547 2687 612 quoque
2722 546 2865 587 aexo

737 608 1046 696 quadrato
1089 610 1518 674 substructum
1562 622 1692 676 est:
1754 634 1917 698 opus
1952 610 2057 675 vel
2102 612 2169 675 in
2206 612 2327 675 hac
2366 610 2903 698 magnificentia-⁴.

737 695 910 760 urbis
939 695 1478 782 conspiciendum.

539 792 600 851 5.
826 780 962 845 Iam
994 796 1060 846 et
1091 782 1328 845 tribuni
1357 783 1579 869 plebis,
1612 784 1866 847 civitate
1903 784 2297 849 aedificando
2328 797 2692 871 occupata,
2726 802 2905 849 con-3

411 887 679 937 Tribb.P1.
737 868 954 933 ciones
983 891 1125 933 suas
1153 869 1556 955 frequentare
1580 870 1826 956 legibus
1855 870 2112 956 agrariis
2128 870 2543 935 conabantur.
2626 870 2873 934 Osten-

411 952 706 1002 molitiones.
741 954 992 1019 tabatur
1019 956 1084 1017 in
1115 978 1292 1041 spem
1325 955 1707 1043 Pomptinus
1734 978 1901 1043 ager,
1934 968 2071 1020 tum
2108 957 2407 1043 primum,
2440 970 2601 1043 post
2633 956 2875 1019 auum

739 1064 780 1105 a
841 1040 1117 1105 Camillo
1175 1039 1553 1105 Volscorum
1610 1064 1730 1120 res,
1790 1042 2195 1129 possessionis
2252 1042 2430 1107 haud
2490 1042 2855 1191 ambffiuae⁰
2858 1048 2915 1100 ‚6

746 1126 1286 1205 criminabantur,
1313 1136 1333 1165 ‘
1351 1126 1552 1192 multo
1580 1150 1731 1193 eum
1750 1128 2137 1193 infestiorem
2158 1150 2382 1227 agrum
2402 1129 2488 1192 ab
2512 1128 2685 1193 nob'
2724 1128 2875 1189 'tate

745 1222 764 1253 ⁶
785 1236 943 1290 esse,
981 1236 1172 1301 quam
1213 1236 1252 1277 a
1279 1211 1529 1277 Volscis
1561 1214 1787 1290 fuerit3
1834 1213 1914 1278 ab
1952 1214 2077 1278 illis
2112 1236 2285 1279 enlm
2326 1227 2611 1293 tantum,
2648 1210 2875 1300 quoad

743 1309 765 1338 ‘
781 1300 946 1365 vires
991 1312 1060 1365 et
1108 1322 1284 1364 arma
1327 1299 1687 1377 habuerint,
1734 1300 2127 1364 incursiones
2176 1322 2255 1365 eo
2304 1300 2537 1366 factas:
2608 1298 2874 1365 nobiles

745 1394 766 1425 ⁶
787 1387 1078 1451 homines
1112 1387 1180 1449 in
1218 1385 1675 1473 possessionem
1712 1387 1847 1473 agri
1936 1386 2129 1450 ublici
2167 1387 2469 1485 grassari;
2518 1410 2679 1465 nee,
2726 1384 2871 1479 nisi3

745 1482 767 1511 ‘
783 1486 1126 1559 antequam
1165 1472 1380 1537 omnia
1417 1472 1828 1559 praecipiant,
1870 1410 2107 1536 ‹iivisus
2146 1484 2246 1549 sit,
2278 1473 2494 1537 locum
2538 1474 2639 1537 ibi
2692 1470 2871 1559 plebi
2947 1506 2948 1517 κ

743 1568 765 1597 ‘
785 1558 960 1623 fore.’
1035 1556 1232 1622 Haud
1262 1580 1493 1644 magno
1516 1581 1707 1657 opere
1728 1558 1983 1645 plebem
2007 1572 2353 1637 moverant,
2385 1572 2452 1623 et
2476 1560 2869 1646 infrequen-

741 1658 874 1709 tem
901 1644 970 1707 in
999 1645 1137 1709 foro
1157 1658 1416 1731 propter
1444 1644 1825 1708 aedlficandi
1855 1666 2092 1721 curam,
2116 1656 2185 1709 et
2212 1646 2441 1710 eodem
2470 1646 2869 1711 exhaustam
2947 1668 2948 1697 ι

739 1730 1061 1816 impensiS,
1099 1754 1304 1817 eoque
1349 1730 1482 1817 agri
1528 1730 1983 1807 immemorem,
2028 1730 2111 1795 ad
2156 1753 2347 1817 quem
2395 1730 2863 1798 instruendum

741 1815 905 1879 vires
935 1838 1064 1879 non
1095 1828 1322 1879 essent.
1417 1815 1497 1880 In
1528 1817 1779 1881 civitate
1808 1818 2001 1903 plena
2038 1816 2439 1904 religionum,
2472 1832 2619 1883 tum
2658 1817 2863 1883 etiam
2947 1814 2948 1861 ἶ

743 1902 822 1965 ab
853 1902 1094 1965 recenti
1131 1900 1310 1965 clade
1347 1903 1794 1988 superstitiosis
1832 1904 2245 1990 principibuS,
2278 1918 2361 1969 ut
2386 1914 2861 1971 renovarentur

743 1987 1041 2074 auspicia,
1081 2010 1180 2052 res
1225 1987 1308 2051 ad
1353 1988 1791 2076 interregnum
1834 1990 2041 2054 rediit.
2133 1988 2493 2078 Interreges
2540 1991 2783 2057 deince

744 2072 840 2138 M.
891 2072 1174 2139 Manlius
1237 2072 1660 2161 Capitolinus,
1726 2074 1858 2140 Ser.
1910 2074 2228 2163 Sulpicius
2299 2076 2709 2155 Camerinus,

741 2158 1036 2226 Valerius
1066 2161 1334 2226 Potitus,
1429 2159 1559 2226 Hic
1589 2162 1849 2227 demum
1880 2164 2277 2227 tribunorum
2308 2162 2587 2228 militum
2616 2182 2857 2229 consu·

415 2257 484 2307 U.
508 2260 568 2308 C.
593 2259 702 2322 368.
740 2247 856 2311 lari
973 2260 1195 2313 testate
1235 2247 1492 2312 comitia
1522 2248 1762 2313 habuit.
1853 2248 1931 2313 L.
1953 2248 2301 2335 Papirium,
2338 2248 2417 2313 C.
2444 2248 2853 2320 Cornelium,

416 2323 476 2371 A.
508 2324 568 2372 0·
593 2326 701 2399 3⁸:4-
745 2334 824 2399 C.
897 2359 932 2399 e
1011 2335 1162 2410 ium,
1205 2332 1282 2397 L.
1308 2332 1661 2399 Aemilium
1696 2335 1949 2411 iterum,
1990 2334 2065 2399 L.
2090 2334 2495 2413 Menenium,
2540 2336 2618 2400 L.
2649 2333 2891 2401 Vale-7

409 2386 722 2501 {iffTafffflffi
741 2420 905 2484 rium
1009 2420 1346 2485 ublicolam
1392 2420 1651 2483 tertium
1694 2434 1883 2485 creat.
1978 2420 2070 2484 Hi
2115 2444 2196 2485 ex
2238 2422 2607 2509 interregno
2644 2420 2849 2507 magi-

739 2520 1006 2571 stratum
1025 2528 1346 2593 occepere.
1415 2505 1513 2570 Eo
1532 2528 1701 2570 anno
1722 2507 1915 2571 aedes
1938 2506 2187 2585 MartiS,
2210 2508 2463 2573 Gallico
2486 2508 2657 2574 bello
2675 2521 2843 2581 vota,
2860 2518 2887 2563 8

735 2592 1032 2659 dedicata
1097 2607 1194 2657 est
1249 2616 1289 2658 a
1348 2591 1426 2656 T.
1472 2591 1784 2667 Quinctio
1849 2593 2187 2658 duumviro
2256 2596 2450 2659 sacris
2504 2593 2841 2661 faciundis-

739 2680 974 2745 Tribus
1011 2691 1310 2765 quattuor
1343 2701 1427 2743 ex
1461 2678 1640 2742 novis
1682 2678 1925 2743 civibus
1964 2680 2239 2757 additae,
2286 2680 2641 2760 Stellatina,
2682 2660 2889 2779 Tro-{³

737 2767 1044 2843 mentina,
1088 2762 1406 2841 Sabatina,
1441 2763 1810 2829 Arniensis:
1859 2788 2102 2853 eaeque
2142 2767 2371 2854 viginti
2398 2768 2695 2855 quinque
2734 2780 2843 2833 tn-

804 2939 833 2986 3
865 2928 970 2974 Per
990 2926 1254 2987 invidiam]
1293 2927 1375 2975 Ita
1396 2932 1452 2974 ut
1472 2927 1658 2976 invidia
1678 2926 1750 2976 in·
1818 2928 1870 2977 N
1872 2929 2025 2979 iebhr.
2049 2928 2099 2979 ii.
2124 2945 2173 2993 p.
2196 2928 2306 2991 466.
2332 2942 2443 2993 572.

739 2986 802 3035 de
823 2988 1046 3045 oriretur,
1067 2988 1138 3036 ita
1157 2996 1214 3037 ut
1235 2990 1402 3037 odium
1429 2991 1601 3039 militis
1619 2992 1751 3040 exci-
1894 3009 1914 3041 1
1950 2995 2228 3053 Stellatina,
2270 2996 2613 3055 Tromentina]
2670 2998 2837 3046 δρᾶσ-

737 3056 923 3099 taretur
941 3050 992 3099 in
1015 3052 1180 3101 (luces.
1213 3052 1375 3101 Cam.
1816 3057 1925 3105 tina
1956 3058 2111 3106 tribus
2139 3058 2203 3105 ab
2227 3072 2360 3120 agro,
2380 3058 2483 3107 sive
2512 3074 2693 3121 campo
2716 3059 2837 3109 Stel-

802 3134 833 3177 4
853 3116 1190 3164 Subsemctum
1205 3118 1301 3176 est]
1331 3116 1633 3179 Intelligitur
1648 3134 1752 3168 mu·
1819 3122 1919 3169 late
1944 3122 2077 3169 dicta
2109 3128 2200 3179 est..
2220 3136 2319 3169 non
2352 3137 2413 3169 eo
2434 3122 2521 3183 qui
2550 3123 2605 3171 in
2626 3126 2835 3185 Campa-

737 3196 820 3228 rus
854 3196 916 3227 ex
955 3178 1121 3241 lapide
1155 3181 1393 3242 quadrato
1427 3182 1588 3229 factus
1624 3182 1752 3231 circa
1819 3184 1917 3243 nia,
1946 3186 2031 3233 sed
2059 3200 2119 3233 eo
2146 3186 2231 3247 qui
2264 3186 2317 3235 iu
2352 3186 2554 3234 Etruria
2584 3188 2685 3236 fuit
2716 3188 2835 3236 inter

737 3244 950 3293 radicem
1003 3244 1184 3293 montis
1227 3244 1495 3321 Capitolini
1550 3246 1753 3308 eiusque
1818 3248 2073 3310 Capenam
2104 3254 2154 3297 et
2184 3249 2351 3297 Veios.
2414 3252 2661 3300 Sabatina
2692 3268 2725 3300 a
2754 3252 2833 3301 Su—

739 3314 901 3369 partes
943 3308 1206 3368 inferiores,
1239 3325 1324 3370 qul
1368 3308 1647 3372 prohiberet
1689 3326 1753 3358 ne
1818 3312 1931 3360 bate
1947 3312 2079 3373 lacu,
2092 3313 2175 3374 qui
2196 3312 2367 3361 itidem
2392 3314 2443 3361 in
2460 3314 2681 3367 Etruria.
2728 3318 2832 3365 Tm-

737 3380 866 3421 terra
891 3374 1210 3423 delaberetur.
1245 3374 1374 3422 Plin.
1401 3375 1469 3423 H.
1496 3374 1561 3421 N.
1586 3374 1751 3423 xxxvi.
1816 3379 2053 3437 mentina,
2079 3393 2112 3425 a
2131 3378 2401 3426 Tromento
2433 3394 2630 3441 campo.
2698 3381 2831 3429 Haec

744 3450 814 3497 15.
1818 3440 1985 3489 omnia
2018 3446 2242 3489 constant
2270 3457 2335 3489 ex
2367 3442 2531 3491 Festo.
2602 3444 2828 3493 Tromen-

803 3514 830 3562 5
866 3502 1126 3550 Cano-Iones
1158 3518 1275 3550 suas
1297 3504 1648 3564 frequentare]
1685 3518 1750 3550 sc.
1816 3508 1923 3551 tum
1940 3520 2169 3567 campum
2186 3506 2357 3552 volunt
2375 3510 2426 3553 et
2442 3506 2609 3569 ipsum
2625 3507 2679 3555 in
2696 3508 2826 3556 Etru-

737 3564 885 3613 Cives
925 3566 990 3613 ad
1027 3566 1286 3613 conciones
1326 3580 1439 3613 suas
1475 3566 1754 3626 frequentes
1816 3567 1889 3615 ria
1908 3566 2072 3616 fuisse.
2140 3569 2223 3617 De
2242 3569 2443 3617 nomine
2472 3574 2727 3631 sequentis
2756 3572 2827 3621 tti-

737 3628 951 3677 allicere.
1816 3630 1911 3679 bus
1934 3631 2211 3694 ambigitur.
2272 3634 2607 3684 Namiemem
2628 3635 2736 3696 alii,
2754 3634 2827 3685 alii

802 3690 833 3739 6
854 3692 1176 3741 possessionis
1195 3694 1332 3741 haud
1351 3694 1635 3755 ambiyaecae]
1658 3692 1751 3741 Ut·
1814 3696 2113 3744 Arniensem
2147 3694 2243 3757 legi
2278 3696 2480 3745 volunt:
2531 3702 2584 3745 et
2618 3714 2731 3748 eam
2764 3699 2827 3749 illi

736 3758 854 3815 pote
878 3754 1158 3813 Aequorum
1186 3771 1262 3803 res
1281 3756 1487 3815 accisae,
1510 3762 1559 3804 et
1580 3757 1753 3804 foedus
1816 3758 2013 3819 quidem
2052 3774 2085 3806 a
2123 3758 2315 3807 Narnia
2355 3760 2599 3809 Umbriae
2634 3764 2829 3825 oppido,

735 3820 850 3864 cum
872 3832 932 3863 ea
951 3822 1096 3877 gente
1117 3817 1270 3865 ictum
1293 3824 1411 3866 erat.
1814 3821 1866 3869 hi
1906 3824 1971 3870 ab
2006 3822 2143 3871 Arno
2180 3822 2411 3872 Etruriae
2454 3824 2609 3872 fluvio
2653 3828 2825 3875 dictam

811 3891 835 3941 7
873 3881 1138 3928 Aemilium
1171 3882 1374 3941 iterum]
1436 3884 1653 3931 Tertium
1685 3900 1747 3933 ex
1814 3900 1917 3933 esse
1955 3886 2253 3935 existimant.
2300 3888 2463 3937 (ἕλεν.
2540 3888 2681 3939 Urbs
2723 3906 2825 3939 vero

735 3944 928 4019 I-Jragm.
953 3942 1084 3991 Fast.
1110 3944 1273 4006 Capit.
1304 3946 1498 4007 reponit
1528 3946 1746 4011 Burghe-
1814 3948 2006 3997 Narnia
2036 3950 2200 3998 adhuc
2226 3952 2514 4013 Nequinum
2544 3954 2821 4015 appellaba-

733 4024 845 4060 mus.
1812 4018 1909 4072 tur,
1929 4028 2090 4075 neque
2122 4013 2215 4063 nisi
2248 4015 2515 4077 nonaginta
2546 4023 2663 4077 post
2692 4018 2823 4066 annis

797 4074 828 4123 8
860 4073 1019 4124 Aedes
1047 4074 1260 4132 illan-eis]
1305 4072 1366 4121 cf.
1399 4072 1543 4135 Supr.
1568 4073 1646 4123 vii.
1670 4091 1745 4139 23.
1810 4080 2041 4127 Narniae
2061 4093 2240 4126 nomen
2262 4078 2472 4141 accepit,
2494 4095 2651 4140 quum
2673 4096 2730 4129 eo
2751 4096 2817 4129 co-

730 4137 840 4186 insr.
864 4154 912 4186 x.
936 4152 1011 4199 23.
1812 4140 1946 4189 lonia
1981 4142 2317 4191 deduceretur.
2386 4142 2471 4191 Ita
2504 4143 2691 4191 tribum
2728 4146 2815 4195 Ro-

795 4218 826 4267 9
858 4204 944 4253 Ex
988 4204 1126 4251 novis
1165 4204 1375 4261 civibus]
1426 4218 1490 4250 sc.
1524 4203 1743 4264 Capena-
1812 4220 2005 4253 manem
2029 4205 2124 4254 hoc
2153 4211 2373 4267 tempore
2393 4208 2725 4258 Nau—nieman
2748 4224 2813 4255 vo-

729 4266 873 4323 tium,
897 4266 1198 4323 Veientium,
1239 4272 1289 4314 et
1323 4265 1626 4313 Faliscorum
1663 4268 1745 4327 qui
1812 4268 1909 4315 ctu-i
1931 4284 2029 4317 non
2049 4270 2268 4331 potuisse
2290 4270 2459 4331 liquet.
2496 4270 2679 4321 Dant.

727 4330 790 4376 ad
807 4330 1058 4377 Romanos
1079 4330 1449 4391 transfugerant,
1473 4329 1534 4377 cf.
1552 4344 1681 4391 supr.
1698 4350 1741 4390 4.
