3000 4784
718 196 844 269 344
1420 194 1426 201 ’
1498 194 1726 265 ΤΙΤΙ
1780 190 2047 264 LIVII

413 350 480 399 U.
503 350 564 399 G.
589 334 697 415 363.
735 346 756 377 ⁶
777 336 959 402 Haec
989 334 1203 400 omnia
1231 336 1299 399 in
1335 336 1603 435 profano
1632 335 1841 399 deseri
1878 335 2086 420 placet
2112 356 2306 413 sacra,
2338 332 2653 423 aequalia
2694 332 2839 407 urbi,

411 415 473 463 A.
505 416 564 463 Ο·
590 419 700 479 387·
741 432 761 462 ‘
781 422 1095 511 quaedam
1123 434 1466 486 vetusnora
1505 422 1747 508 origine
1788 422 2011 486 urbis?
2100 421 2187 485 Et
2212 422 2447 501 videte,
2478 422 2661 523 quid
2690 422 2843 483 inter

522 3523 623 3582 53.

739 516 762 547 ‘
784 532 899 573 nos
945 532 1018 573 ac
1069 508 1338 571 maiores
1383 508 1649 572 intersit.
1760 506 1864 571 Illi
1910 530 2087 572 sacra
2132 507 2448 594 quaedam
2498 530 2577 571 m
2634 520 2847 570 monte

739 604 760 633 ‘
785 594 1039 659 Albano
1085 594 1353 658 Lavinio
1403 616 1482 657 ue
1526 594 1727 659 nobis·
1750 594 2045 657 facienda
2086 594 2503 659 tradiderunt.
2610 594 2733 657 An
2774 610 2881 655 exs

740 689 760 719 ‘
781 682 1057 745 hostium
1083 680 1344 744 urbibus
1441 702 1649 744 omam
1678 680 1761 743 ad
1790 700 1907 743 nos
1926 680 2242 745 transferri
2270 702 2447 745 sacra
2464 680 2887 765 religiosum

739 776 760 803 ‘
775 767 930 830 fuit:
979 767 1132 830 hinc
1159 766 1296 829 sine
1325 766 1578 851 piaculo
1608 766 1675 829 in
1702 766 1982 829 hostium
2010 766 2235 830 urbem
2263 764 2461 830 Veios
2502 764 2853 830 transfere-

733 860 762 890 “
783 874 925 916 mus
940 854 970 915 :³
1029 851 1505 927 Recordamini,
1536 851 1881 937 agitedum,
1906 851 2157 937 quoties
2184 872 2360 915 sacra
2379 852 2853 919 instaurentur,

741 946 760 975 ‘
783 938 936 1024 quia
963 936 1205 1023 aliquid
1233 958 1316 1001 ex
1343 937 1550 1023 patrio
1578 937 1707 1001 ritu
1744 937 2136 1023 negligentia
2168 959 2399 1001 casuve
2482 934 2856 1002 taetermis-

741 1032 761 1062 ‘
781 1046 922 1087 sum
961 1036 1073 1087 est.
1167 1021 1371 1087 Modo
1407 1045 1570 1108 quae
1616 1045 1735 1099 rea,
1782 1037 1928 1109 post
1958 1023 2321 1110 prodigium
2359 960 2609 1087 Albani
2658 1022 2853 1092 lacus,

744 1120 764 1147 ‘
781 1111 903 1175 nisi
933 1107 1301 1174 instauratio
1331 1130 1648 1172 sacrorum
1684 1108 2237 1195 auspiciorumque
2266 1109 2627 1186 renovatio,
2662 1106 2858 1171 affee-

743 1205 762 1233 ‘
785 1211 886 1261 tae
927 1195 1189 1260 Veienti
1233 1194 1400 1259 bello
1444 1193 1828 1281 reipublicae
1870 1193 2155 1258 remedio
2196 1194 2319 1258 fuit
2334 1196 2365 1258 ?
2484 1197 2583 1259 At
2630 1194 2855 1265 etiam,

743 1290 764 1319 ⁴
787 1296 1088 1368 tanquam
1117 1294 1405 1345 veterum
1433 1280 1813 1367 religionum
1842 1302 2170 1359 memores,
2194 1294 2259 1345 et
2286 1282 2671 1367 peregrinos
2700 1278 2857 1342 deos

743 1377 764 1405 ‘
783 1368 1214 1433 transtulimus
1245 1365 1539 1443 Romam,
1562 1378 1630 1430 et
1657 1366 2046 1429 instituimus
2074 1388 2287 1431 novos.
2362 1365 2537 1432 Iuno
2566 1366 2855 1452 Regina,

743 1463 762 1491 ‘
783 1468 1131 1519 transvecta
1159 1475 1196 1516 a
1223 1451 1416 1528 Veiis,
1448 1473 1653 1538 nuper
1678 1452 1748 1515 in
1773 1452 2097 1520 Aventino
2127 1474 2318 1538 quam
2348 1453 2590 1540 insigni
2614 1454 2715 1517 ob
2744 1472 2855 1513 ex-

743 1548 764 1577 ‘
785 1540 1022 1603 cellens
1062 1550 1489 1603 matronarum
1520 1536 1803 1602 studium
1838 1536 2198 1624 celebrique
2228 1538 2527 1603 dedicata
2554 1552 2653 1603 est
2697 1536 2853 1601 die?

743 1635 763 1662 ‘
787 1626 916 1689 Aio
948 1625 1218 1689 Locutio
1239 1623 1565 1711 templum,
1632 1636 1849 1723 ropter
1868 1623 2207 1687 coelestem
2229 1646 2455 1689 vocem
2473 1624 2853 1689 exauditam

745 1720 762 1747 ‘
793 1710 860 1772 in
893 1709 1082 1773 Nova
1109 1711 1228 1786 via,
1260 1710 1555 1773 iussimus
1629 1730 1755 1773 en:
1810 1708 2207 1796 Capitolinos
2234 1709 2421 1774 ludos
2448 1710 2849 1775 sollennibus

743 1804 762 1831 ‘
781 1794 918 1857 aliis
958 1795 1353 1871 addidimus3
1401 1795 1867 1881 collegiumque
1909 1794 1993 1859 ad
2034 1794 2103 1859 id
2148 1816 2405 1873 novum,
2446 1809 2713 1861 auctore
2750 1814 2849 1857 se-

745 1890 762 1917 ‘
781 1891 955 1956 natu,
987 1880 1405 1943 condidimus.
1503 1880 1682 1955 Quid
1722 1882 1948 1945 horum
1980 1904 2139 1967 opus
2165 1882 2288 1946 fuit
2310 1880 2587 1982 suscipi,
2616 1883 2673 1946 si
2714 1896 2845 1943 una

743 1974 761 2001 ‘
786 1987 932 2028 cum
967 1964 1170 2028 Gallis
1203 1966 1427 2029 urbem
1459 1965 1815 2030 Romanam
1846 1966 2127 2031 relicturi
2154 1967 2440 2031 fuimus‘?
2484 1990 2540 2032 si
2568 1990 2703 2032 non
2734 1987 2847 2027 vo-

745 2060 763 2087 ‘
781 2050 1025 2115 luntate
1054 2051 1400 2114 mansimus
1431 2052 1498 2115 in
1534 2050 1859 2138 Capitolio
1894 2074 2009 2139 per
2037 2065 2130 2118 tot
2158 2075 2408 2117 menses
2447 2048 2847 2118 obsidionis?

743 2137 834 2201 ‘si
875 2138 953 2201 ab
986 2137 1270 2201 hostibus
1309 2150 1485 2200 metu
1514 2139 1747 2202 retenti
1784 2139 2047 2202 sumus?
2135 2138 2240 2202 De
2282 2140 2474 2203 saeris
2516 2138 2845 2226 loquimur

747 2232 765 2259 ‘
783 2236 849 2287 et
875 2221 958 2287 de
991 2222 1284 2309 templis:
1333 2223 1491 2309 quid
1526 2222 1785 2287 tandem
1815 2222 1897 2288 de
1938 2224 2365 2289 sacerdotibus
2380 2226 2410 2288 :³
2500 2224 2743 2289 Nonne
2774 2222 2843 2284 in

746 2318 764 2346 ‘
783 2322 1062 2372 mentem
1091 2310 1288 2385 venit,
1326 2320 1637 2394 quantum
1678 2309 1912 2395 piaculi
1946 2311 2378 2375 committatur
2396 2312 2427 2374 ἶ)
2471 2309 2841 2375 Vestalibus

746 2403 763 2430 ‘
786 2416 1017 2480 nempe
1047 2417 1177 2457 una
1214 2393 1324 2457 illa
1350 2394 1533 2457 sedes
1561 2408 1676 2471 est,
1708 2416 1790 2458 ex
1864 2418 1948 2459 ua
1984 2416 2090 2460 eas
2116 2396 2277 2461 nihil
2318 2418 2623 2484 unquam,
2654 2417 2841 2484 prae·

735 2488 764 2525 -‘
789 2492 1074 2566 terquam
1115 2481 1264 2544 urbs
1293 2491 1494 2566 capta,
1526 2480 1739 2544 movit.
1818 2418 2104 2544 <bamini
2144 2480 2319 2545 Diali
2358 2495 2613 2548 noctem
2642 2500 2836 2546 unam

747 2574 1038 2644 ‘manere
1069 2579 1250 2630 extra
1279 2568 1500 2629 urbem
1540 2566 1716 2629 nefas
1744 2578 1855 2631 est.
1949 2566 2089 2631 Hos
2120 2564 2435 2648 Veientes
2450 2590 2567 2655 pro
2598 2568 2838 2633 Roma-

747 2660 765 2687 ‘
783 2652 882 2714 nis
924 2652 1149 2715 facturi
1194 2652 1342 2715 estis
1385 2651 1759 2729 sacerdotes,
1798 2666 1863 2717 et
1891 2652 2181 2717 Vestales
2225 2666 2369 2718 tuae
2410 2667 2473 2719 te
2517 2653 2832 2727 deserent,

746 2745 764 2773 ‘
789 2735 1026 2801 Vesta?
1085 2751 1151 2801 et
1197 2738 1431 2801 flamen
1481 2758 1742 2823 peregre
1790 2736 2136 2803 habitando
2182 2740 2253 2803 in
2300 2740 2579 2826 singulas
2616 2754 2835 2804 noctes
2939 2754 2940 2807 4

701 2865 708 2871 -
747 2830 765 2858 ‘
785 2834 1031 2885 tantum
1061 2823 1180 2885 sibi
1209 2822 1749 2922 reiquepublicae
1780 2823 2013 2909 piaculi
2042 2825 2419 2889 contrahet?
2484 2825 2664 2899 Quid
2692 2824 2830 2895 alia„
2939 2830 2940 2897 ζ

745 2915 764 2942 ‘
787 2928 950 2990 quae
995 2908 1316 2994 auspicato
1361 2930 1606 2994 agimus
1641 2910 1856 2973 omnia
1896 2910 2027 2973 fere
2072 2910 2240 2975 intra
2362 2912 2693 2987 moenium,
2730 2908 2829 2974 cui
2939 2920 2940 2937 ³

745 2999 764 3026 ‘
781 2989 1104 3067 oblivioni,
1153 3004 1264 3056 aut
1309 2994 1412 3055 cui
1455 2994 1883 3080 negligentiae
1929 2995 2201 3060 damus?
2310 2996 2531 3061 omitia
2572 2998 2827 3071 cun-iata,
2939 3040 2940 3079 3

746 3083 945 3162 ‘quae
975 3098 1111 3140 rem
1140 3076 1476 3141 militarem
1506 3080 1873 3155 continent3
1922 3082 2178 3145 comitia
2204 3082 2573 3159 centuriata,
2602 3083 2867 3169 quibus7
2938 3080 2940 3107 “

746 3170 765 3201 ‘
786 3160 1075 3226 consules
1109 3162 1522 3249 tribunosque
1562 3164 1863 3231 militares
1901 3168 2145 3243 creatiS,
2182 3168 2293 3232 ubi
2326 3168 2671 3255 auspicem,
2712 3167 2825 3232 nisi

722 3256 765 3308 .‘
784 3247 894 3312 ubi
936 3249 1227 3326 assolent,
1269 3248 1412 3313 fieri
1454 3253 1761 3336 possunt?
1822 3252 2101 3316 Veiosne
2144 3254 2302 3317 haec
2346 3253 2825 3319 transferemus?

745 3342 764 3370 ‘
786 3356 869 3397 an
890 3334 1290 3400 comitiorum
1311 3358 1498 3399 causa
1518 3336 1791 3422 populus
1810 3350 1985 3401 tanto
2003 3337 2405 3403 incommodo
2426 3340 2494 3403 in
2516 3340 2821 3405 desertam

747 3427 768 3457 ⁶
785 3418 952 3483 hanc
983 3422 1060 3485 ab
1090 3420 1212 3493 diis
1238 3420 1731 3507 hominibusque
1762 3423 1985 3488 urbem
2012 3424 2347 3489 conveniet
2362 3424 2417 3487 ’θ’

833 3514 852 3542 ‘
877 3504 1006 3569 Sed
1034 3529 1136 3570 res
1163 3507 1300 3593 ipsa
1324 3506 1496 3592 cogit
1518 3520 1755 3570 vastam
1784 3508 2096 3573 incendiis
2116 3510 2443 3597 ruinisque
2470 3510 2819 3598 relinquere

742 3600 761 3627 ‘
786 3591 1027 3668 urbem,
1060 3606 1127 3656 et
1155 3592 1236 3656 ad
1265 3592 1514 3679 integra
1540 3592 1754 3657 omnia
1781 3592 1978 3657 Veios
2006 3594 2295 3681 migrare,
2327 3619 2449 3660 nec
2476 3596 2583 3660 hic
2613 3597 2820 3662 aedifi—

738 3852 824 3913 qm'
855 3856 1052 3911 praem
1084 3852 1217 3910 poci,
1253 3857 1300 3899 et
1337 3852 1472 3898 intra
1507 3852 1750 3900 civitatem
1817 3849 1922 3897 Liv.
1946 3866 2077 3912 supr.
2100 3851 2133 3900 i.
2162 3866 2233 3914 13.
2270 3852 2445 3903 Danu.

738 3914 928 3962 colitur.
993 3914 1125 3960 Nam
1153 3914 1262 3961 betti
1283 3915 1432 3960 Mars
1459 3920 1602 3962 extra
1634 3916 1749 3962 civi-
1878 3911 1909 3961 6
1932 3916 2252 3976 Reliyioeum]
2283 3916 2531 3979 Religioni
2554 3918 2817 3977 habui-ua

740 3983 886 4025 tatem
908 3978 1139 4037 templum
1159 3976 1342 4024 habuit.
1379 3976 1541 4025 Casv.
1663 4006 1675 4019 .
1816 3977 1952 4025 nefas
1972 3992 2077 4025 esse
2097 3978 2343 4026 duximus.
2376 3981 2540 4030 Cur.

805 4054 832 4102 5
865 4040 1195 4102 Lavinioque]
1237 4038 1402 4087 Huius
1436 4040 1747 4087 constructio·
1884 4051 1912 4102 7
1944 4042 2084 4098 Quae
2104 4057 2206 4091 rem
2226 4044 2511 4103 militarem]
2546 4044 2813 4107 Legequip-

733 4104 812 4153 nis
848 4103 1132 4165 exemplum
1175 4104 1325 4151 habet
1363 4103 1480 4153 Sall.
1519 4104 1581 4150 de
1618 4103 1747 4151 Bell.
1816 4118 1878 4163 pe
1916 4103 2103 4153 curiata
2134 4107 2394 4167 imper-dum
2430 4106 2745 4157 dictatoribus
2772 4115 2813 4156 et

633 4212 642 4217 .
739 4168 844 4229 lug.
869 4166 1040 4215 xxxiii.
1106 4166 1254 4214 Sacra
1274 4167 1396 4215 haec
1419 4165 1609 4214 Lavinii
1644 4180 1747 4227 per-
1814 4167 2095 4216 consulibus
2116 4168 2403 4216 mandatum
2424 4176 2513 4219 est.
2540 4171 2653 4221 inst.
2667 4172 2731 4220 ix.
2746 4174 2812 4233 38.

733 4232 924 4291 agenda
945 4229 1038 4277 diis
1060 4230 1317 4297 penatibus
1336 4235 1577 4277 memorat
1598 4228 1746 4276 Dion.
1814 4229 1921 4279 Cic.
1944 4231 2007 4278 de
2030 4231 2161 4293 Rep.
2182 4231 2231 4280 ii.
2262 4246 2334 4293 13.
2363 4243 2435 4292 17.
2462 4247 2537 4281 αι.

731 4292 783 4339 ii.
824 4306 899 4353 52.
937 4300 986 4341 et
1023 4294 1237 4343 sollenne
1272 4294 1567 4353 sacrificium
1608 4297 1747 4339 vocat
