3000 4784
705 214 839 278 440
1474 204 1701 273 TITI
1762 204 2038 272 LIVII

475 354 539 407 c,
562 368 675 417 412.
712 356 972 411 centum
999 343 1228 420 bubus,
1259 342 1627 443 eximioque
1654 364 1786 407 uno
1816 341 1959 407 albo
1988 341 2205 441 opimo
2232 340 2471 403 auratis
2501 335 2805 412 σοι-αἰδῶ,

483 420 543 471 0·
565 432 678 481 340·
713 432 930 497 donat.
1021 428 1284 506 Milites,
1337 429 1452 515 qui
1510 452 1579 493 m
1636 428 1952 515 praesidio
2008 426 2198 491 simul
2246 426 2533 503 fuerant,
2588 423 2835 511 duplicin

713 518 1035 583 frumento
1066 516 1134 581 in
1161 526 1566 615 perpetuum,
1596 516 1667 579 in
1746 514 2059 579 raesentia
2090 512 2356 599 singulis
2382 513 2610 577 bubus
2636 510 2813 574 binis-

715 626 842 691 que
871 601 1065 690 privis
1103 602 1332 667 tunicls
1359 602 1601 667 donati.
1814 600 2063 665 undum
2098 598 2375 663 consulis
2402 598 2843 663 donationem

715 690 1000 777 legiones
1025 688 1416 775 gramineam
1445 710 1743 753 coronam
1772 686 2251 762 obsidionalem,
2276 684 2567 749 clamore
2590 684 2845 751 donum
2948 728 2950 739 ·

717 776 1158 864 approbantes,
1209 773 1418 839 Decio
1474 774 1832 875 imponunt.
1946 772 2173 837 Altera
2226 792 2487 848 corona,
2542 768 2815 834 eiusdem

719 862 979 928 honoris
1005 861 1224 937 indeX,
1253 882 1294 925 a
1319 860 1632 947 praesidio
1660 882 1777 925 suo
1804 858 2101 945 imposita
2126 870 2238 923 est.
2330 856 2460 921 His
2492 857 2819 921 decorans

719 948 1072 1035 insignibus
1097 948 1327 1013 bovem
1356 946 1666 1011 eximium
1692 945 1890 1011 Marti
1917 944 2303 1019 immolavit3
2334 956 2617 1009 centum
2646 942 2819 1007 boves

719 1034 1026 1101 militibus
1072 1034 1246 1099 dono
1291 1032 1492 1111 dedit,
1540 1033 1655 1119 qui
1704 1054 1921 1097 secum
1971 1030 2045 1095 in
2088 1030 2507 1118 expeditione
2560 1029 2819 1093 fuerant.

721 1120 960 1189 Iisdem
995 1120 1300 1185 militibus
1334 1119 1619 1205 legiones
1645 1118 1835 1183 libras
1860 1118 2043 1182 farris
2071 1130 2138 1183 et
2164 1116 2475 1183 sextarios
2507 1115 2657 1181 vini
2690 1134 2855 1181 oon-4

723 1206 1045 1277 tulenmt:
1111 1207 1450 1293 omniaque
1503 1227 1582 1271 ea
1630 1204 1881 1293 ingenti
1938 1203 2261 1269 alacritate
2314 1224 2431 1290 per
2484 1202 2823 1267 clamorem

723 1294 1082 1371 militarem,
1112 1292 1390 1358 indicem
1421 1292 1707 1358 omnium
1736 1313 2041 1367 assensus,
2070 1291 2473 1376 gerebantur.

521 1398 534 1411 ,
974 1381 989 1395 .
1653 1378 1671 1441 l
2024 1376 2038 1391 .
2286 1400 2303 1440 ἶ
2792 1390 2825 1431 a

397 1398 707 1539 {empus-
729 1380 1110 1535 MTxeffssnp)
1204 1378 2147 1541 amzkiltsstgszxemiffistjugffi
2168 1375 2827 1529 elsgboqeuaiffitltffffl

343 1609 356 1634 ,
395 1528 714 1579 flammulam.
727 1555 919 1619 domo
963 1552 1183 1630 accite,
1229 1552 1573 1617 certamine
1616 1551 1843 1616 ultimo
1886 1550 2207 1615 fortunam
2256 1549 2545 1635 experiri
2596 1543 2821 1611 statuit·

727 1640 838 1707 Ab
871 1638 1170 1705 Suessula
1204 1639 1419 1703 nuntii
1455 1636 1683 1724 trepidi
1719 1636 2029 1725 Capuam,
2060 1636 2211 1701 inde
2248 1636 2500 1722 equites
2542 1632 2725 1699 citati
2756 1626 2829 1693 ad

727 1724 1058 1791 Valerium
1117 1723 1462 1802 consulem,
1516 1746 1707 1811 opem
1764 1737 2032 1799 oratum,
2083 1722 2369 1787 veniunt.
2464 1716 2823 1787 Confoetim

726 1811 908 1897 signa
965 1823 1177 1874 mota:
1253 1810 1615 1897 relictisque
1677 1808 2149 1897 impedimentis
2208 1820 2565 1873 castrorum
2628 1800 2825 1869 valido

727 1894 1060 1985 praesidi0‚
1091 1895 1320 1995 raptim
1349 1897 1559 1982 agitur
1587 1918 1851 1983 agmen:
1894 1917 2015 1959 nec
2043 1895 2266 1981 procul
2296 1895 2375 1960 ab
2403 1894 2597 1959 hoste
2628 1892 2823 1955 locum

729 1982 1148 2071 perexiguum
1191 1982 1296 2069 (ut
1333 1982 1585 2070 quibusn,
1626 1994 1877 2070 praeter
1916 2003 2135 2067 equos,
2180 1994 2541 2045 ceterorum
2588 1979 2825 2043 iumen-

731 2084 940 2135 torum
969 2067 1262 2133 calonum
1309 2092 1391 2133 ue
1423 2070 1612 2133 turba
1638 2067 1913 2154 abesset)
1942 2068 2159 2133 castris
2180 2068 2369 2154 cepit.
2444 2064 2825 2131 Samnitium

731 2156 1069 2233 exercitus,
1098 2092 1475 2221 velutqhaud
1510 2154 1640 2221 ulla
1674 2176 1852 2219 mora
1884 2176 2135 2241 pugnae
2164 2154 2379 2219 futura
2410 2166 2604 2230 esset,
2636 2150 2821 2215 aciem

732 2243 1022 2309 instruit:
1066 2241 1321 2320 deinde,
1352 2254 1687 2329 postquam
1716 2262 1906 2306 nemo
1934 2240 2157 2305 obvius
2184 2240 2335 2316 ibat,
2363 2240 2617 2305 infestis
2644 2232 2824 2333 signis

733 2328 819 2396 ad
852 2342 1054 2393 castra
1087 2328 1362 2393 hostium
1399 2327 1699 2394 succedit.
1792 2326 1896 2391 Ibi
1934 2339 2007 2392 ut
2046 2326 2314 2391 militem
2353 2327 2423 2390 in
2450 2326 2626 2391 vallo
2652 2321 2818 2394 vidit,

733 2414 1034 2501 missique
1085 2415 1166 2479 ab
1217 2413 1392 2480 omni
1441 2426 1619 2501 parte
1670 2413 2090 2500 exploratum,
2144 2435 2338 2500 quam
2395 2413 2467 2477 in
2524 2414 2823 2497 exiguum

734 2501 954 2569 orbem
1005 2512 1330 2568 contracta
1377 2514 1580 2567 castra
1626 2512 1857 2576 essent,
1906 2500 2292 2586 paucitatem
2342 2498 2497 2563 inde
2552 2496 2854 2564 hostiums

735 2587 1126 2674 colligentes,
1188 2588 1584 2663 retulerunt3
1650 2586 1919 2651 fremere
1981 2586 2188 2651 omnis
2252 2586 2439 2662 acieS,
2502 2582 2823 2671 complen-

737 2672 850 2739 das
907 2697 1042 2741 esse
1092 2674 1287 2739 fossas
1343 2672 1892 2757 scindendumque
1950 2671 2207 2749 vallum,
2258 2684 2327 2737 et
2372 2672 2443 2735 in
2492 2686 2705 2739 castra
2746 2668 2824 2731 ir-

737 2760 1204 2846 rumpendum:
1271 2771 1782 2845 transactumque
1830 2781 1908 2823 ea
1956 2758 2313 2824 temeritate
2360 2758 2607 2824 bellum
2655 2757 2819 2827 foret,

735 2845 808 2908 ni
845 2845 1042 2909 duces
1079 2846 1542 2915 continuissent
1578 2846 1887 2931 impetum
1931 2844 2224 2909 militum.
2320 2844 2653 2921 Ceterum,
2684 2840 2822 2929 quia

737 2929 1080 2994 multitudo
1133 2954 1250 2995 sua
1295 2931 1750 2995 commeatibus
1806 2931 2031 3017 gravis,
2078 2944 2145 2996 et
2240 2931 2370 2997 rius
2419 2931 2707 2996 sedendo
2746 2922 2853 2990 ad⁶

741 3013 1122 3092 Suessulam,
1153 3028 1219 3081 et
1251 3028 1386 3079 tum
1415 3017 1777 3081 certaminis
1811 3039 2005 3094 mora,
2036 2954 2239 3081 haudp
2242 3017 2464 3103 procul
2504 3018 2585 3082 ab
2622 3032 2819 3081 rerum

738 3099 1024 3167 omnium
1053 3100 1270 3188 inopia
1297 3114 1499 3178 essct3
1546 3102 1802 3189 placuit,
1834 3102 1990 3167 dum
2020 3103 2299 3167 inclusus
2326 3118 2587 3189 paveret
2616 3100 2813 3171 hostis,

738 3188 1192 3253 frumentatum
1225 3210 1342 3277 per
1375 3210 1557 3276 agros
1595 3187 1861 3253 militem
1892 3188 2083 3253 duci:
2130 3189 2389 3256 interim
2416 3201 2484 3255 et
2514 3188 2815 3260 Romano,

739 3275 854 3363 qui
903 3276 1259 3363 expeditus,
1308 3286 1621 3363 quantum
1669 3274 1953 3342 humeris
2002 3276 2173 3341 inter
2216 3298 2393 3343 arma
2438 3276 2577 3363 geri
2624 3273 2815 3365 posset

385 354 456 407 U.

385 421 448 478 A.

807 3460 828 3495 1
865 3448 1073 3510 Duplici
1090 3448 1373 3509 frumento]
1429 3446 1567 3495 Hinc
1594 3446 1754 3509 dupli-
1817 3444 1967 3504 mine,
1989 3446 2122 3507 quod
2154 3445 2206 3495 in
2236 3461 2295 3495 00
2316 3448 2428 3497 loeo
2456 3452 2737 3509 generatum
2754 3455 2813 3490 α·

740 3513 886 3571 cao-6⁸⁶,
905 3526 1037 3574 supr.
1058 3512 1108 3562 ii.
1133 3524 1210 3577 59.
1817 3516 1909 3569 set,
1938 3510 2067 3558 intra
2097 3524 2243 3571 quem
2280 3510 2433 3559 clausi
2464 3518 2605 3559 erant
2634 3510 2715 3573 qui
2742 3506 2811 3555 ob-

805 3590 836 3625 α
874 3577 1040 3625 Prim'ae
1071 3576 1277 3650 tunicis]
1337 3574 1509 3650 Potest
1540 3572 1752 3635 exponi:
1818 3572 2151 3649 uidebantur?
2216 3574 2459 3625 observat
2490 3573 2625 3649 Pliu.
2660 3574 2726 3625 Η.
2752 3568 2811 3619 Ν.

741 3652 1256 3762 ὲᾳῗῌῗῗὲΐίὲἒέῗῑ
1265 3638 1757 3763 ῗοραωΡωΡὛηέὅῗῖἒί
1820 3643 2214 3751 ξιῖἒὶῑῖυῗῗὲ
2235 3653 2439 3761 3323?
2452 3639 2813 3751 mm?

739 3780 806 3812 va
825 3764 1052 3813 triremis.
1118 3765 1216 3813 Sed
1238 3780 1389 3826 quum
1411 3766 1536 3814 haec
1558 3780 1653 3815 vox
1674 3780 1755 3815 ne-
1820 3765 2058 3814 militibus
2078 3764 2379 3827 imperatori.
2414 3767 2575 3816 Casv.

741 3824 945 3877 cessaria
975 3842 1076 3874 non
1099 3826 1162 3874 sit
1183 3828 1278 3875 hoc
1298 3830 1426 3888 loeo,
1448 3844 1657 3891 eamque
1686 3829 1755 3891 ig·
1882 3847 1915 3889 4
1934 3830 2184 3878 Satur-ios
2204 3831 2336 3889 vini]
2362 3831 2619 3879 Sextarius
2637 3834 2709 3879 est
2722 3838 2810 3874 ΩΧ·

740 3890 1625 4007 flfflssffffigsszffissssvmfipflss
1645 3908 1756 3943 eam
1818 3898 1874 4005 tq
1910 3908 2021 3955 pars
2041 3893 2235 4004 deongii,
2259 3890 2809 4007 ’proindequegzapiebat

815 4033 844 4081 3
878 4020 1193 4096 Gmnfineam
1231 3990 1456 4069 coronavi
1491 4021 1757 4071 obsidiona-
1819 3972 1853 4019 P
1876 3972 1933 4082 ug
1954 3971 2811 4081 {wssavnpgspssqnbimffivhoh

739 4085 858 4143 lem]
907 4085 1234 4134 obs-diunales
1265 4098 1445 4133 corona
1477 4092 1565 4143 ese,
1598 4083 1758 4145 inquit
1822 4084 2039 4133 Romani
2069 4084 2135 4132 ad
2162 4086 2447 4135 Metaurum
2472 4084 2807 4135 Hasdrubalem

741 4150 804 4197 A.
827 4148 961 4197 Gell.
987 4164 1030 4197 v.
1053 4146 1098 4197 6.
1133 4150 1167 4177 ‘⁶
1181 4162 1328 4210 quam
1362 4147 1416 4209 ii,
1445 4148 1527 4210 qui
1562 4147 1755 4198 liberati
1817 4148 2109 4197 fefellerunt.
2144 4148 2207 4199 cf.
2227 4149 2338 4200 inst.
2360 4148 2511 4197 xxvii.
2532 4148 2615 4209 46.
2798 4203 2808 4213 ,

739 4217 854 4259 sunt
886 4214 950 4259 ab
988 4211 1255 4271 obsidione,
1288 4214 1408 4260 dant
1444 4213 1490 4260 ei
1525 4211 1638 4261 duci
1670 4210 1755 4271 qui
1882 4211 1913 4261 6
1938 4212 2287 4261 (lemmatibus
2304 4211 2501 4275 ymnis]
2536 4213 2685 4269 Quae
2700 4219 2809 4259 oneri

738 4274 976 4324 liberavit.
1045 4275 1122 4323 Ea
1156 4290 1335 4324 corona
1366 4275 1616 4337 graminea
1647 4280 1751 4323 est:
1818 4280 1945 4323 esset
1966 4276 2337 4336 commeatibus,
2356 4277 2389 4327 i.
2412 4292 2455 4325 e.
2478 4292 2607 4338 quae
2632 4274 2809 4323 nimiam

738 4338 1076 4405 observarique
1097 4339 1314 4398 solitum,
1335 4344 1393 4387 ut
1419 4340 1557 4387 fieret
1589 4353 1619 4387 e
1649 4353 1753 4400 gra-
1818 4344 2183 4393 commeatuum
2206 4340 2400 4404 copiam
2420 4342 2711 4393 abnmmt.
2732 4337 2806 4391 ΟΒ·
