3000 4784
682 199 810 260 580
1456 187 1680 254 ΤΙΤΙ
1742 187 2012 254 LIVII

362 343 430 394 U.
453 343 514 392 c,
534 341 646 406 4⁵⁶·
684 352 796 396 sex
826 327 1025 393 millia
1054 328 1419 393 hominum:
1468 326 1600 391 duo
1639 325 1837 391 millia
1874 339 1940 390 et
1973 325 2312 413 quingenti
2345 325 2520 413 capti
2541 350 2562 390 :
2617 326 2692 390 in
2719 325 2836 390 iisn

360 409 423 458 A.
454 409 513 458 0·
539 406 647 472 ’96-
684 415 923 482 tribuni
954 415 1226 480 militum
1256 426 1588 500 quattuor:
1628 413 1808 500 signa
1834 412 2129 477 militaria
2155 413 2446 500 triginta3
2489 426 2592 490 et,
2615 411 2798 499 quod

468 1022 570 1082 21.

684 503 1092 568 laetissimum
1148 501 1489 566 victoribus
1553 499 1693 577 fuit,
1756 500 2146 587 captivorum
2211 512 2466 588 recepta
2539 513 2798 587 septem

684 589 885 655 millia
912 601 979 654 et
1004 587 1451 675 quadringenti
1473 610 1492 664 3
1539 586 1776 674 praeda
1805 586 2032 674 ingens
2059 586 2414 651 sociorum:
2458 586 2798 672 accitique

684 676 895 742 edicto
925 675 1168 739 domini
1195 674 1278 738 ad
1306 695 1405 738 res
1434 695 1578 738 suas
1603 672 1952 738 noscendas
1978 673 2526 760 recipiendasque.
2601 672 2804 736 Prae·

685 764 906 827 stituta
931 761 1056 838 die,
1086 782 1357 846 quarum
1386 782 1599 824 rerum
1626 783 1758 825 non
1791 759 2035 824 exstitit
2059 759 2377 838 dominuS,
2409 759 2618 824 militi
2647 781 2802 824 con-

688 871 935 914 cessae:
998 848 1199 913 coacti
1248 869 1327 912 ue
1379 845 1656 911 vendere
1717 846 2034 934 praedam,
2087 869 2171 911 ne
2229 846 2402 924 alibi,
2453 868 2674 933 quam
2733 846 2804 908 in

688 936 893 1012 armis,
924 870 1562 1000 animumqhaberent.

776 1020 1090 1110 Magnum
1134 1044 1212 1086 ea.
1252 1019 1577 1108 populatio
1615 1018 1779 1085 Cam
1861 1020 1931 1084 ni
1973 1020 2106 1107 agri
2149 1019 2502 1084 tumultum
2537 1019 2802 1084 Romae

686 1109 1100 1196 praebuerat:
1146 1120 1215 1172 et
1255 1129 1371 1194 per
1406 1129 1516 1172 eos
1552 1106 1713 1171 forte
1801 1107 1890 1171 'es
1925 1129 2008 1170 ex
2039 1105 2296 1172 Etruria
2330 1105 2614 1172 allatum
2643 1119 2802 1180 eras,

688 1209 830 1284 post
886 1194 1231 1260 deductum
1290 1193 1441 1258 inde
1490 1191 1994 1258 Volumnianum
2051 1193 2402 1258 exercitum
2453 1192 2802 1258 Etruriam

686 1283 998 1348 concitam
1039 1282 1107 1346 in
1150 1303 1341 1357 arma,
1382 1294 1451 1344 et
1491 1278 1775 1344 Gellium
1813 1278 2180 1367 Egnatium,
2229 1279 2633 1344 Samnitium
2683 1278 2800 1342 du·-

689 1392 850 1446 cem,
890 1381 957 1433 et
999 1367 1275 1432 Umbros
1314 1365 1396 1431 ad
1442 1365 1862 1432 defectionem
1906 1389 2148 1444 vocare,
2195 1377 2263 1431 et
2309 1365 2540 1431 Gallos
2587 1365 2840 1454 pretio3

688 1456 933 1543 ingenti
980 1454 1333 1519 sollicitare.
1424 1451 1550 1518 His
1595 1453 1836 1517 nuntiis
1881 1467 2136 1518 senatus
2177 1453 2566 1518 conterritus
2617 1451 2840 1521 iusti-4

689 1543 851 1608 tium
881 1541 1096 1618 indici,
1120 1540 1441 1605 delectum
1462 1540 1668 1605 omnis
1687 1540 1938 1626 generis
1958 1539 2288 1604 hominum
2309 1539 2540 1604 haberi
2573 1539 2792 1604 iussit:

688 1651 808 1693 nec
847 1628 1109 1716 ingenui
1151 1627 1341 1691 modo
1378 1640 1490 1691 aut
1531 1626 1808 1690 iuniores
1846 1645 2235 1692 sacramento
2269 1626 2496 1704 adacti,
2533 1625 2666 1692 sed
2701 1647 2799 1688 se-

689 1715 940 1779 niorum
983 1715 1177 1779 etiam
1210 1712 1502 1778 cohortes
1539 1713 1759 1791 factae,
1794 1711 2200 1800 libertinique
2243 1714 2618 1778 centuriati.
2713 1709 2796 1776 Et
2809 1733 2834 1780 5

689 1800 1125 1865 defendendae
1156 1799 1329 1864 urbis
1356 1799 1618 1863 consilia
1644 1799 2079 1886 agitabantur3
2123 1822 2544 1887 summaeque
2577 1819 2794 1866 rerum

688 1900 941 1974 praetor
997 1885 1069 1950 P.
1122 1883 1534 1972 Sempronius
1637 1899 1904 1952 raeerat'
1987 1884 2294 1951 Ceterum
2349 1897 2534 1974 parte
2601 1905 2788 1952 curae

688 1983 1113 2037 exonerarunt
1152 1985 1443 2036 senatum
1483 1971 1561 2036 L.
1649 1971 1916 2038 olumnii
1957 1973 2232 2038 consulis
2272 1973 2514 2052 literae,
2553 1973 2790 2062 quibus

686 2081 899 2125 caesos
1185 2080 1265 2124 ue
1336 2058 1740 2159 populatores
1803 2059 1966 2124 Cam
2097 2060 2111 2074 ⁶
2261 2060 2604 2148 cognitum
2677 2073 2782 2123 est.

689 2144 918 2234 Itaque
975 2160 1043 2212 et
1098 2145 1590 2233 supplicationes
1645 2146 1729 2211 ob
1785 2167 1922 2210 rem
2059 2169 2142 2212 ne
2197 2159 2438 2234 gestam
2501 2145 2788 2212 consulis

688 2233 949 2298 nomine
994 2231 1388 2297 decernunt:
1436 2232 1749 2297 iustitium
1791 2233 2151 2311 remittitur,
2181 2233 2358 2320 quod
2394 2233 2614 2299 fuerat
2655 2231 2786 2297 dies

690 2318 914 2384 decem
944 2331 1013 2384 et
1040 2331 1204 2397 octo,
1234 2318 1736 2407 supplicatioque
1765 2319 2046 2405 perlaeta
2069 2319 2207 2384 fuit.
2284 2319 2460 2384 Tum
2485 2319 2574 2386 de
2607 2341 2784 2409 prae-

688 2405 851 2470 sidio
890 2406 1165 2493 regionis
1202 2403 1370 2493 depo
1414 2405 1623 2471 ulatae
1663 2407 1743 2471 ab
1777 2405 2166 2472 Samnitibus
2201 2405 2424 2508 agitari
2459 2429 2580 2472 coe
2631 2421 2784 2472 tum.

687 2491 915 2580 Itaque
954 2491 1212 2582 placuit,
1250 2505 1323 2556 ut
1356 2429 1522 2556 Xuae
1562 2491 1848 2557 coloniae
1885 2493 2055 2558 circa
2080 2492 2432 2558 Vescinum
2469 2506 2540 2558 et
2571 2431 2782 2559 Faler-

686 2601 845 2644 num
902 2603 937 2644 a
1060 2601 1125 2643 m
1181 2577 1687 2645 deducerentur:
1747 2601 1880 2643 una
1936 2579 2020 2644 ad
2075 2581 2306 2646 ostium
2353 2579 2524 2644 Liris
2585 2578 2782 2654 fluvii,

688 2687 853 2754 quae
890 2601 1265 2731 ffiumae
1314 2664 1668 2754 appellata3
1709 2665 1908 2731 altera
1939 2665 2010 2730 in
2049 2667 2212 2732 saltu
2239 2664 2538 2744 Vescino,
2573 2666 2818 2732 Faber-6

752 2859 781 2892 2
805 2847 871 2894 In
890 2848 955 2894 in'ae
976 2847 1165 2895 tribuni
1182 2847 1417 2907 militum]
1452 2847 1534 2895 An
1553 2845 1704 2896 etiam
1765 2845 1977 2896 nemrim
2007 2848 2202 2896 1110111111
2231 2861 2392 2909 neque
2421 2844 2474 2894 in
2513 2845 2780 2910 legioniba!

688 2908 822 2968 apud
845 2909 1088 2957 Samnites
1108 2910 1288 2957 tribuni
1312 2910 1561 2960 militum?
1621 2909 1704 2958 In·
1767 2910 2111 2972 militaverant,
2139 2911 2238 2960 iam
2267 2911 2321 2960 in
2349 2910 2505 2959 tribus
2535 2907 2777 2974 deuexipti,

688 2971 941 3032 telligendi
985 2972 1211 3020 videntur
1252 2973 1477 3022 ductores
1521 2974 1604 3036 qui
1651 2975 1704 3022 in
1767 2989 1866 3023 non
1887 2975 2100 3038 amplius
2119 2974 2298 3024 militia
2313 2975 2570 3034 vmbant,
2589 2977 2676 3026 sed
2697 2985 2778 3037 pro

688 3033 983 3084 Samnitium
1008 3035 1225 3084 exercitu
1262 3037 1437 3084 eodem
1466 3037 1571 3086 fene
1602 3037 1707 3087 iure
1770 3043 1909 3100 parte
1941 3055 2030 3087 sua
2061 3055 2175 3088 cum
2211 3039 2322 3088 aliis
2355 3038 2546 3088 civibus
2580 3039 2638 3089 111
2673 3053 2774 3088 een-

688 3099 1604 3216 tsmpz’ffifflsaffiffl
1577 3102 1706 3228 Ψ·
1769 3102 1920 3178 ‘ur-1³²·
1955 3103 2202 3166 ¹²⁸¹⁰¹¹ffl
2239 3102 2380 3152 '⁶¹²⁶
2415 3109 2548 3154 ⁶²¹¹*-
2587 3105 2656 3156 α’·
2675 3101 2775 3152 ²⁰¹¹·

1123 3200 1136 3213 .
1657 3183 1704 3216 n.
1769 3182 1888 3216 xxn.
1919 3181 1994 3218 12.

693 3227 1028 3277 Hannibalem
1048 3230 1272 3292 appellat
1292 3230 1572 3280 dictatorem
1588 3231 1705 3280 Car—
1833 3229 1866 3280 6
1887 3233 2026 3290 Quae
2040 3234 2340 3282 Minturnae
2355 3233 2638 3296 appellata]
2673 3231 2772 3281 Im

688 3292 1081 3356 thaginiensium‚
1105 3299 1156 3343 et
1184 3293 1526 3343 Maharbalem
1553 3297 1705 3357 mayl-
1768 3293 2132 3344 Minturnarum
2185 3296 2482 3345 mentionem
2535 3296 2660 3346 feeit
2699 3292 2772 3342 Li·

688 3363 843 3406 etrum
863 3359 1095 3421 equitum,
1140 3358 1209 3407 Et
1236 3357 1341 3421 ipse
1364 3357 1536 3407 Livius
1554 3360 1704 3408 dieta-
1769 3359 1892 3420 vius,
1923 3373 2055 3423 supr.
2089 3359 2186 3410 viii.
2225 3375 2300 3420 10,
2335 3374 2409 3410 11.
2441 3359 2508 3408 ix.
2534 3371 2614 3422 25.
2681 3359 2776 3408 Ita-

689 3425 839 3471 εον-σπι
854 3423 989 3485 apud
1008 3423 1201 3472 Poenos
1216 3421 1453 3483 nominat,
1470 3421 1606 3472 xxiii.
1631 3436 1702 3484 13.
1767 3438 1862 3484 que
1883 3439 1982 3474 non
2005 3439 2132 3474 nova
2155 3425 2252 3473 hoc
2273 3425 2382 3474 loco
2403 3425 2519 3472 urbs
2539 3425 2770 3478 conditur,

690 3485 854 3534 cuv,
1767 3489 1855 3536 sed
1875 3503 2070 3538 necesse
2090 3493 2166 3537 est
2191 3489 2291 3537 iam
2313 3493 2428 3537 ante
2449 3488 2518 3537 ibi
2539 3488 2768 3552 oppidum

754 3560 784 3608 3
816 3551 902 3598 Ad
928 3551 1239 3612 defectionem
1268 3553 1466 3612 vocare]
1525 3553 1703 3602 Vocare
1763 3551 1928 3612 finisse,
1947 3553 2082 3614 quod
2104 3559 2270 3602 tamen
2303 3553 2404 3602 alio
2435 3553 2638 3601 1101111110
2665 3556 2770 3601 ante

690 3616 741 3687 qt
772 3614 1031 3664 conicitur-e
1063 3629 1151 3676 pro
1164 3616 1307 3678 vulg.
1336 3618 1502 3666 vocari
1537 3619 1587 3664 et
1611 3617 1700 3666 ool-
1764 3615 1894 3666 hanc
1927 3617 2169 3666 coloniam
2205 3617 2470 3666 deductam
2507 3618 2767 3679 appeunt-e-

688 3675 873 3748 {sonari
886 3679 1221 3738 reponendum
1236 3681 1409 3728 suadet
1418 3679 1633 3729 Gronov.
1649 3685 1700 3729 et
1761 3684 1859 3740 tur,
1887 3681 2302 3742 quemadmodum
2333 3695 2450 3729 mox
2479 3685 2767 3730 memoratur

686 3751 740 3785 111
770 3743 963 3786 textum
990 3741 1175 3802 recepit
1198 3743 1429 3804 Bekker.‚
1448 3743 1522 3792 ita
1545 3749 1602 3792 ut
1627 3743 1698 3793 in-
1763 3743 1946 3808 Sinope
1967 3746 2081 3793 urbs
2101 3745 2296 3794 Graeca
2313 3744 2574 3795 Sinuenae
2598 3755 2764 3793 nomen

686 3801 936 3864 telligatur
954 3803 1173 3852 Gellium
1196 3811 1247 3853 et
1270 3807 1487 3856 Umbros
1507 3813 1558 3856 et
1579 3807 1700 3857 Gal·
1763 3823 1794 3856 a
1825 3808 2012 3858 colonis
2041 3809 2301 3872 accepisse.
2365 3808 2471 3859 Ubi
2502 3815 2670 3857 autem
2697 3805 2764 3858 Li-

686 3867 765 3916 los
782 3881 956 3916 vocare
974 3867 1039 3914 ad
1059 3883 1210 3917 arma.
1452 3898 1457 3902 -
1765 3871 1872 3921 vius
1901 3874 2173 3936 appellavit
2203 3879 2351 3922 antea
2377 3873 2676 3932 Minturnas,
2703 3871 2765 3919 in-

750 3949 782 3993 4
813 3933 1362 4007 Senatus-congeminas]
1410 3935 1494 3983 Ne
1517 3935 1701 3998 oppida.
1761 3937 2029 4000 telligenda
2081 3938 2268 3987 scilieet
2312 3953 2372 3986 ee.
2412 3943 2488 3986 est
2539 3939 2656 3986 urbe
2697 3933 2764 3984 eui

687 3997 945 4046 Romanae
988 3995 1159 4045 (11110111
1201 3997 1397 4046 subdita
1432 4015 1462 4046 e
1505 3999 1698 4062 regione
1763 4007 1934 4064 postea
1955 4001 2240 4051 Minturnae
2257 4015 2436 4050 nomen
2455 4000 2568 4051 fuit.
2623 3999 2703 4051 Sic
2721 4003 2764 4048 et

687 4059 901 4108 fluminis
923 4059 1048 4109 Liris
1068 4061 1344 4111 deficerent.
1763 4065 2041 4115 Sinuessam
2073 4065 2394 4128 nuncupavit,
2425 4065 2524 4116 viii.
2560 4081 2633 4115 11.
2665 4075 2762 4116 eam

758 4137 787 4184 5
824 4125 1159 4200 Liberumque
1193 4127 1481 4201 centuriati]
1534 4143 1600 4177 se.
1636 4128 1700 4178 In
1763 4131 1932 4178 urbem
1969 4145 2098 4206 quae
2138 4137 2259 4180 tunc
2299 4129 2533 4194 temporis
2575 4129 2761 4192 Sinope,

684 4191 927 4261 centurias
946 4189 1159 4236 nubtum
1176 4195 1373 4252 scripti:
1408 4205 1622 4253 namque
1642 4193 1698 4240 11-
1763 4200 1934 4256 postea
1954 4195 2182 4245 Sinuessa
2201 4195 2454 4258 appellata
2475 4199 2564 4244 eut.
2593 4195 2742 4245 011111.

683 4247 875 4308 berum,
889 4251 973 4310 qui
994 4257 1111 4300 ante
1130 4267 1381 4302 censuram
1400 4255 1552 4317 Appii
1573 4256 1700 4304 inter
