3000 4784
806 233 998 300 LIB.
1047 233 1170 300 IX.
1239 233 1460 300 CAP.
1510 240 1612 299 30.
2114 240 2240 300 533

97 364 288 431 ello
365 366 626 432 consilia
683 380 752 431 et
808 367 981 455 apud
1041 367 1346 434 Etruscos
1401 368 1597 433 fuere.
1712 366 1949 433 Neutri
2006 366 2241 433 finibus
2262 388 2329 439 U.
2353 390 2412 441 c,
2434 404 2548 453 442·

99 453 388 537 gressi.
457 452 547 517 Et
573 476 843 519 censura
869 454 1036 519 clara
1064 476 1144 519 eo
1171 476 1341 519 anno
1371 454 1499 541 Ap.
1526 453 1786 520 Claudii
1808 468 1875 519 et
1899 452 1978 519 C.
2002 453 2238 519 Plautii
2258 454 2319 503 A.
2354 455 2413 505 C·
2436 468 2549 515 3¹0·

97 540 220 602 uit
247 562 276 615 3
341 540 684 605 memoriae
724 553 935 606 tamen
969 540 1266 605 felicioris
1301 540 1382 605 ad
1568 562 1707 606 eros
1746 562 1983 606 nomen
2013 540 2235 629 Appii,
2256 520 2365 629 (ᾗῇ
2373 520 2521 633 22³3]

97 625 296 710 [uod
333 626 506 690 viam
535 627 826 703 munivit,
859 640 924 691 et
961 648 1194 713 aquam
1234 628 1304 691 in
1344 650 1388 690 u
1502 650 1569 691 m
1596 628 1805 705 duxit,
1836 649 2039 713 eaque
2070 648 2237 691 unus
2258 646 2485 695 Plautius
2547 642 2551 645 ’

97 711 394 776 »erfecit
405 736 426 789 ;
467 713 637 799 quia,
657 712 740 777 ob
769 713 1070 777 infamem
1099 726 1292 801 atque
1322 713 1698 777 invidiosam
1728 726 1983 779 senatus
2015 713 2237 778 lectio—
2254 710 2510 785 Οθῃὲθῑαὲ·

97 820 256 861 nem
321 798 712 863 verecundia
754 799 976 875 victus,
1023 798 1266 899 collega
1303 800 1676 887 magistratu
1709 822 1775 864 se
1812 800 2231 865 abdicaverat.
2255 774 2335 835 Ap
2336 788 2419 837 1²¹⁸
2443 788 2535 825 Μ’

97 884 406 971 &ppiua
437 884 564 948 iam
607 884 762 949 inde
805 886 1158 972 antiquitus
1201 886 1454 950 insitam
1499 886 1913 972 pertinaciam
1958 885 2232 951 familiae

97 970 432 1049 gerendo,
463 969 634 1035 solus
667 992 998 1035 censuram
1033 972 1324 1036 obtinuit.
1419 971 1669 1036 Eodem
1699 971 1812 1058 Ap
1856 972 1918 1036 io
1954 986 2230 1050 auctore,
2254 986 2438 1038 Potitia
2449 1004 2568 1053 gens

97 1056 377 1133 ,³0titii,
413 1078 589 1156 gens,
621 1057 802 1121 cuius
845 1058 925 1123 ad
971 1080 1142 1122 aram
1184 1056 1541 1121 Maximam
1583 1055 1759 1122 Herc
1834 1058 1847 1072 '
1925 1057 2231 1124 familiare
2249 1052 2377 1102 intra
2398 1070 2483 1103 ⁸¹¹·

98 1142 551 1207 acerdouum
602 1142 827 1221 fuerat,
880 1166 1088 1209 servos
1145 1143 1453 1230 publicos,
1508 1143 1839 1207 ministerii
1893 1142 2229 1229 delegandi
2248 1131 2473 1233 affati-'³'

95 1250 334 1305 musa,
367 1228 678 1293 sollennia
720 1230 857 1295 eius
899 1230 1058 1295 sacri
1098 1229 1418 1294 docuerat.
1512 1229 1817 1293 Traditur
1858 1228 2009 1293 inde
2053 1229 2234 1295 dictu

96 1314 436 1391 nir-abile,
473 1328 540 1380 et
579 1316 756 1401 quod
802 1314 1200 1381 dimovendis
1247 1328 1418 1379 statu
1463 1336 1579 1379 suo
1624 1314 1817 1379 sacris
1859 1314 2233 1401 religionem

96 1404 332 1465 acere
365 1413 594 1488 posset,
628 1424 828 1488 quum
859 1401 1200 1465 duodecim
1227 1401 1503 1465 familiae
1538 1423 1615 1465 ea
1648 1412 2023 1487 tempestate
2055 1400 2234 1466 Poti-

95 1488 366 1551 >iorum
394 1500 622 1565 efflent,
653 1487 924 1574 puberes
953 1486 1036 1551 ad
1065 1486 1341 1574 triginta,
1367 1508 1590 1551 omnes
1618 1487 1787 1550 intra
1815 1510 2055 1552 annum
2084 1510 2233 1553 cum

95 1574 320 1660 stirpe
355 1574 738 1639 exstinctos:
787 1596 908 1639 nec
945 1595 1184 1637 nomen
1225 1586 1472 1637 tantum
1504 1571 1887 1638 Potitiorum
1921 1572 2231 1651 interisse,

95 1659 218 1723 ³ed
253 1676 602 1724 censorem
625 1660 817 1724 etiam
840 1659 1152 1747 Appium,
1176 1659 1440 1724 memori
1462 1657 1659 1723 deum
1689 1659 1802 1737 ira,
1826 1671 1968 1746 post
1990 1659 2234 1747 aliquot

95 1768 328 1809 annos
359 1745 706 1810 luminibus
735 1758 1009 1832 captum.

185 1830 444 1982 Ῑῐίειιιιε
479 1830 788 1909 consules,
817 1831 931 1918 qui
974 1854 1124 1897 eum
1167 1854 1408 1897 annum
1451 1831 1655 1898 secuti
1693 1844 1862 1910 sunt,
1897 1830 1976 1897 C.
2007 1832 2232 1898 Iunius
2354 1834 2459 1894 30.

95 1916 264 1982 Bub
347 1938 460 1981 cus
509 1918 766 1983 tertium
812 1931 879 1982 et
933 1916 1016 1992 Q.
1051 1917 1369 1983 Aemilius
1420 1916 1701 1983 Barbula
1745 1920 1997 1997 iterum,
2044 1919 2230 1985 initio
2250 1916 2320 1967 U.
2344 1917 2403 1966 C·
2426 1930 2539 1980 443·

95 2005 270 2067 anni
327 2004 538 2089 questi
597 2002 768 2091 apud
824 2003 1154 2091 populum,
1215 2004 1639 2069 deformatum
1698 2004 1988 2069 ordinem
2038 2027 2231 2092 prava
2248 1982 2309 2094 ἃ·
2326 1982 2539 2094 Ῑῖῃξὲ·

95 2088 402 2154 lectione
467 2104 739 2167 senatus,
801 2112 929 2176 qua
991 2090 1270 2176 potiores
1341 2089 1583 2175 aliquot
1655 2090 1833 2155 lectis
1904 2091 2228 2177 praeteriti
2248 2110 2356 2159 111.
2376 2110 2444 2165 Q.
2464 2110 2559 2159 Ae-

95 2189 379 2252 essent3
425 2188 836 2275 negaverunt,
865 2198 1008 2241 eam
1037 2175 1380 2240 lectionem
1414 2198 1502 2252 se,
1535 2197 1699 2261 quae
1729 2176 1865 2239 sine
1896 2176 2053 2239 recti
2084 2198 2228 2263 pra-
2244 2172 2383 2222 ¹¹¹ffi⁰
2402 2173 2478 2223 11.

94 2262 316 2349 vique
359 2262 721 2327 discrimine
767 2261 848 2326 ad
885 2262 1154 2350 gratiam
1197 2283 1272 2326 ac
1314 2260 1645 2326 libidinem
1688 2260 1856 2324 sacta
1898 2273 2083 2339 esset,
2115 2263 2229 2327 ob—
2245 2237 2381 2288 0⁰⁸⁸·

97 2362 518 2413 servaturos:
567 2362 634 2413 et
668 2360 956 2414 senatum
995 2346 1317 2435 extemplo
1346 2347 1701 2413 citaverunt
1730 2369 1807 2411 eo
1838 2346 2081 2425 ordine,
2158 2348 2229 2411 ui

94 2447 264 2499 ante
327 2456 618 2499 censores
665 2435 792 2522 Ap.
825 2434 1174 2501 Claudium
1225 2445 1292 2498 et
1347 2432 1424 2497 C.
1451 2432 1775 2497 Plautium
1826 2432 2047 2498 fuerat.
2202 2447 2231 2499 t

97 2520 246 2585 duo
297 2521 570 2607 imperia
617 2544 696 2586 eo
743 2544 912 2587 anno
959 2521 1096 2585 dari
1145 2532 1372 2607 coepta
1419 2540 1537 2606 per
1579 2517 1908 2605 populum,
1956 2530 2228 2606 utraque

97 2607 512 2693 pertinentia
553 2607 638 2672 ad
683 2630 818 2673 rem
867 2606 1241 2671 militarem:
1291 2628 1513 2683 unum,
1552 2618 1625 2671 ut
1666 2604 1906 2669 tribuni
1952 2604 2229 2671 militum

101 2694 252 2757 seni
299 2692 456 2757 deni
489 2693 564 2757 in
598 2706 903 2782 quattuor
935 2693 1218 2780 legiones
1257 2713 1296 2755 a
1332 2691 1573 2778 populo
1612 2703 2015 2768 crearentur3
2062 2714 2227 2779 quae

181 2908 204 2941 1
243 2896 415 2955 Viam]
446 2893 593 2950 Quae
615 2894 679 2942 ab
699 2892 805 2943 eius
825 2891 1023 2941 nomine
1039 2894 1142 2955 Ap·

103 2958 200 3017 pia
241 2964 426 3006 vocata
459 2964 566 3008 est:
625 2958 731 3020 ipse
769 2972 880 3005 eam
921 2958 988 3005 ab
1024 2958 1144 3005 urbe

109 3036 275 3083 usque
288 3022 356 3071 ad
370 3022 530 3070 forum
541 3022 868 3083 Appii‚atque
885 3021 1143 3069 intervallo

110 3082 232 3133 inde
267 3085 478 3133 navibus
508 3084 806 3144 transmisso,
826 3100 858 3133 a
879 3084 1145 3133 Tarracina

109 3148 176 3195 ad
202 3150 437 3211 Capuam
460 3149 616 3199 duxit.
683 3149 864 3197 Postea
891 3150 956 3196 ad
984 3149 1140 3196 Brun-

112 3212 318 3261 dusium
353 3213 592 3275 producta
623 3218 714 3272 est,
734 3218 790 3261 ut
815 3217 1009 3261 tantum
1042 3227 1142 3260 non

116 3276 352 3325 omnibus
383 3282 556 3325 notum
585 3282 660 3325 est
680 3292 742 3325 ex
767 3276 890 3325 Hor.
915 3276 1016 3324 Sat.
1039 3275 1070 3324 i.
1097 3286 1141 3349 5.

117 3338 373 3388 Ultimum
407 3346 572 3388 autem
606 3338 681 3387 illi
714 3354 916 3388 manum
953 3339 1145 3387 addidit

117 3401 384 3463 Traianus,
397 3419 484 3467 per
497 3404 703 3466 paludes
713 3404 834 3452 Pom
839 3402 1002 3465 ptinas
1015 3402 1144 3451 viam

119 3468 392 3516 muniendo
413 3482 541 3543 quae
568 3470 634 3516 ab
656 3466 809 3531 Appii
843 3468 946 3515 foro
977 3467 1042 3514 ad
1075 3467 1144 3514 fa·

121 3544 244 3579 num
269 3532 508 3580 Feroniae
527 3531 746 3580 duceret.

187 3608 216 3641 a
239 3597 464 3659 Aquam]
487 3597 708 3657 Appiam
727 3609 923 3657 quoque
944 3593 1143 3652 dictam,

123 3672 252 3718 quae
285 3658 444 3721 prima
475 3666 676 3708 arcuato
707 3674 856 3721 opere
886 3658 938 3706 in
971 3659 1142 3706 urbem

125 3724 364 3833 {corducta
379 3722 600 3773 traditur.
643 3722 706 3772 cf.
730 3722 950 3772 Frontin.
968 3722 1030 3770 de
1047 3722 1141 3783 Aq.

207 3802 276 3835 m.

191 3862 220 3910 3
254 3852 498 3912 Infamem
525 3858 674 3914 aequo
703 3851 1018 3910 insidiosam]
1057 3852 1143 3898 In-

117 3914 302 3971 famem
322 3914 438 3977 quia
459 3914 711 3964 libertinos
739 3914 790 3963 in
816 3920 1040 3963 senatum
1074 3914 1142 3961 al-

129 3976 326 4037 legerat,
345 3980 636 4029 mvidimm
667 3979 786 4041 quia
815 3977 942 4027 viros
967 3979 1145 4040 probos

131 4038 222 4087 sibi
243 4041 464 4091 inimicos
483 4044 676 4092 invidia
697 4042 1100 4105 praetermiserat.

195 4120 226 4163 4
255 4108 446 4167 Potitii,
461 4110 610 4168 ysne]
654 4106 930 4155 Niebuhrio
953 4106 1146 4154 videtur

129 4164 250 4216 haec
263 4185 336 4219 res
349 4170 598 4220 itafuisse:
617 4170 804 4219 scilieet
818 4170 1032 4219 secundo
1043 4170 1146 4217 bel-

133 4229 182 4277 lo
195 4232 458 4283 Samnitico
469 4235 721 4283 Romanos
735 4234 839 4283 sive
855 4248 914 4282 cx
930 4233 1066 4281 libris
1074 4232 1144 4281 Si-

135 4292 344 4359 byllinis,
357 4298 459 4347 sive
475 4313 538 4347 ex
556 4299 756 4348 oraculo
769 4298 984 4359 quodam
995 4296 1146 4345 Grae-

139 4372 193 4405 co
215 4362 420 4413 monitos
448 4362 614 4423 fuisse,
635 4370 692 4413 ut
712 4364 1038 4425 fortissimmn
1067 4361 1148 4409 he-

1205 2908 1346 2942 roum
1361 2894 1597 2942 ederent:

1208 2972 1335 3018 quae
1359 2956 1631 3005 Herculem
1654 2958 1847 3006 Graeco
1872 2972 2025 3017 more,
2045 2961 2103 3005 ut
2129 2956 2226 3005 Mi-

1207 3036 1407 3069 nervam
1431 3019 1623 3069 Nautia
1641 3036 1776 3083 gens,
1796 3020 1943 3069 sacris
1966 3020 2229 3085 gentiliciis

1209 3084 1419 3145 colebat,
1451 3100 1613 3133 servos
1650 3084 1888 3147 publicos,
1924 3100 2021 3147 quo
2063 3084 2229 3133 minus

1206 3148 1429 3196 sacerdos
1469 3163 1503 3197 a
1536 3148 1747 3197 Graecia
1780 3148 2119 3205 adveheretur,
2152 3162 2225 3195 so-

1207 3211 1374 3261 lennia
1393 3210 1517 3259 sacri
1541 3212 1647 3260 eius
1668 3211 1916 3259 docuisse:
1988 3215 2125 3257 osten
2146 3224 2225 3257 ve-

1207 3289 1261 3321 ro
1283 3289 1411 3333 eam,
1433 3274 1472 3322 si
1495 3276 1643 3321 modo
1672 3274 1723 3321 in
1749 3273 1843 3321 hac
1866 3288 1917 3320 re
1974 3274 2061 3320 des
2084 3272 2227 3321 Livio

1209 3338 1372 3385 danda
1408 3336 1488 3395 sit,
1521 3336 1803 3398 pestilentia
1832 3335 2112 3397 gravissima
2146 3352 2226 3385 an.

1209 3412 1321 3464 459.
1349 3400 1414 3449 U.
1437 3401 1496 3449 C.
1521 3398 1812 3447 exstinctam
1835 3398 1999 3459 fuisse,
2021 3398 2071 3448 id
2094 3401 2227 3461 quod

1210 3463 1389 3527 posteri
1411 3462 1631 3525 religioni
1652 3463 1943 3512 habuerunt.

1274 3538 1302 3590 5
1337 3528 1631 3587 Praeteriti]
1679 3526 1847 3576 Deleti
1870 3542 1931 3575 ex
1952 3527 2069 3575 albo
2089 3542 2226 3576 sena-

1207 3597 1384 3640 torum.
1425 3592 1666 3639 Censores
1680 3590 1953 3639 recitabant
1968 3606 2033 3639 ex
2048 3592 2229 3655 scripto

1207 3654 1412 3703 nomina
1429 3659 1739 3704 senatorum:
1776 3670 1995 3717 quosque
2025 3655 2078 3704 in
2108 3656 2227 3705 reci-

1207 3720 1360 3768 tando
1393 3719 1751 3781 praeterissent,
1782 3718 1819 3767 ii
1850 3719 1949 3768 iam
1982 3726 2229 3770 senatores

1208 3798 1308 3832 non
1321 3790 1472 3833 erant.
1489 3784 1649 3833 cmzv.
1674 3784 1734 3833 cf.
1746 3784 1877 3833 Fest.
1890 3800 1932 3835 ν.
1942 3786 2227 3835 Praeteriti.

1273 3846 1304 3897 6
1336 3850 1422 3897 Aa
1435 3849 1651 3910 qratiam
1671 3864 1730 3898 ao
1752 3850 2027 3910 libidinem]
2070 3850 2151 3898 [ts.
2172 3854 2228 3897 ut

1207 3912 1333 3960 nihil
1350 3912 1484 3961 aliud
1504 3918 1807 3975 spectassent
1824 3926 2061 3971 censores,
2078 3926 2227 3973 quam

1207 3982 1266 4025 ut
1293 3982 1484 4039 gratum
1506 3976 1655 4025 alicui
1676 3978 1911 4035 facerent,
1932 3981 1983 4023 et
2005 3977 2227 4022 volunta-

1208 4046 1308 4090 tem
1335 4057 1422 4103 pro
1443 4041 1630 4088 ratione
1652 4042 1903 4088 haberent.
1935 4038 2098 4087 Caav.

1277 4115 1304 4166 7
1342 4106 1547 4153 Tribuni
1568 4105 1775 4151 militum
1796 4104 1901 4151 seni
1924 4102 2063 4161 deni]
2116 4100 2227 4149 Iam

1210 4176 1357 4217 antea
1375 4168 1555 4215 tribuni
1575 4167 1787 4215 militum
1806 4162 2033 4227 suffragio
2054 4164 2229 4225 populi

1211 4231 1328 4280 fieti
1365 4236 1518 4279 erant.
1586 4230 1704 4279 vid.
1736 4244 1867 4303 supr.
1902 4228 1983 4277 vii.
2019 4239 2064 4289 5.
2130 4228 2229 4277 Sed

1211 4309 1344 4343 nunc
1365 4294 1536 4355 populi
1558 4292 1635 4341 ius
1655 4292 1843 4353 amplifi
1850 4296 2000 4341 catur.
2061 4292 2229 4341 Primo

1213 4358 1344 4407 enim
1361 4374 1390 4407 e
1403 4362 1635 4419 quattuor
1656 4362 1706 4405 et
1731 4355 1895 4419 viginti
1918 4355 2123 4405 tribunis
2142 4370 2227 4405 sex

1625 2897 1823 2955 gentem
1842 2906 1955 2941 vero
1971 2890 2229 2952 Potitium,
