3000 4784
691 221 728 282 6
1457 220 1683 286 TITI
1744 219 2012 286 LIVII

691 355 1183 422 Pcrcunctatum
1227 357 1481 436 deinde,
1529 359 1641 446 qui
1685 357 1977 424 mortales
2020 370 2248 434 essent,
2280 355 2473 432 unde,
2506 369 2617 419 aut
2646 376 2771 440 quo
2962 241 2964 377 Ι

691 465 840 508 casu
869 442 1134 531 profecti
1157 444 1366 524 dom0‚
1393 446 2027 533 quidve⁸quaerentes
2057 445 2125 508 in
2148 465 2369 532 agrum
2388 441 2771 506 Laurentem
2960 427 2965 498 Ι

691 529 1002 608 exissent3
1048 545 1384 618 postquam
1423 531 1713 610 audierit,
1750 531 2225 597 multitudinem
2266 529 2575 604 Troianos
2618 549 2769 603 esse,

690 615 918 682 ducem
952 617 1239 697 Aenean,
1270 620 1472 684 filium
1504 619 1825 685 Anchisae
1856 633 1924 684 et
1952 618 2240 696 Veneris,
2272 629 2547 681 cremata
2571 613 2775 701 patria

689 717 757 768 et
783 703 973 769 domo
996 706 1292 793 profugos
1313 707 1531 772 sedem
1554 707 2051 806 condendaeque
2075 705 2217 770 urbi
2238 704 2447 770 locum
2470 722 2771 788 quaerere

689 801 755 854 et
797 790 1191 857 nobilitatem
1235 793 1617 858 admiratum
1657 795 1865 880 gentis
1909 793 2175 879 Virique,
2224 803 2291 856 et
2340 790 2621 854 animum
2670 786 2775 851 vel

687 875 854 941 beno
883 878 984 942 vei
1013 880 1152 966 paci
1227 895 1489 958 aratum,
1523 881 1747 946 ‹iextm
1774 881 1923 945 data
1950 879 2145 943 fidem
2173 879 2419 944 fiiturae
2459 874 2771 940 amicitiae
2960 853 2969 1106 1

687 964 982 1030 sanxisse.
1077 964 1154 1030 In
1202 989 1237 1031 e
1280 967 1507 1032 foedus
1551 968 1748 1033 ictum
1794 966 1962 1031 inter
2004 965 2218 1044 duces,
2249 965 2417 1029 inter
2458 962 2774 1027 exercitus

687 1048 1129 1116 salutationem
1187 1053 1432 1119 factam.
1546 1055 1813 1120 Aenean
1873 1052 2044 1140 apud
2095 1052 2398 1116 Latinum
2454 1048 2646 1113 fuisse
2704 1047 2773 1110 in

688 1135 992 1224 hospitio:
1042 1139 1130 1204 ibi
1161 1139 1463 1206 Latinum
1495 1141 1667 1228 apud
1694 1153 1955 1228 penates
1982 1139 2135 1204 deos
2162 1137 2577 1202 domesticum
2657 1135 2775 1198 ub-

686 1222 810 1287 lico
853 1225 1214 1292 adiunxisse
1259 1227 1502 1305 foeduS,
1534 1227 1664 1292 filia
1696 1229 1957 1293 Aeneae
1994 1227 2061 1290 in
2102 1222 2573 1290 matrimonium
2688 1235 2771 1285 ta.

689 1309 788 1375 Ea
815 1333 914 1376 res
944 1313 1165 1400 utique
1199 1312 1491 1380 Troianis
1536 1337 1713 1403 spem
1744 1315 2009 1379 affirmat
2048 1311 2305 1378 tandem
2334 1308 2543 1374 stabili
2572 1320 2773 1372 certa-

361 1409 620 1484 Lavipium
687 1420 813 1485 que
843 1399 994 1464 sede
1025 1400 1292 1465 finiendi
1323 1403 1563 1466 erroris,
1660 1401 1989 1490 Oppidum
2019 1399 2321 1465 condunt.
2408 1396 2663 1460 Aeneas
2692 1395 2773 1459 ab
2788 1421 2819 1463 4

360 1475 600 1586 ffffiffi
686 1485 943 1550 nomine
989 1488 1203 1551 uxoris
1247 1487 1586 1552 Lavinium
1644 1512 1726 1576 ap
1808 1489 1936 1553 llat.
2050 1486 2241 1552 Brevi
2286 1484 2473 1571 stirps
2514 1504 2773 1568 quoque

359 1602 588 1653 nascitur.
683 1570 881 1635 virilis
927 1595 1008 1636 ex
1057 1595 1222 1638 novo
1269 1575 1670 1639 matrimonio
1788 1575 1872 1652 ἐς
1933 1575 2036 1640 cui
2084 1572 2431 1637 Ascanium
2479 1583 2775 1656 parentes

476 1671 534 1730 2,
685 1655 904 1722 dixere
935 1682 1189 1724 nomen.
1268 1660 1451 1725 Bello
1481 1660 1716 1726 deinde
1748 1661 2133 1748 Aborigines
2162 1657 2553 1743 Troianique
2583 1654 2775 1720 simul

685 1745 886 1831 petiti.
977 1745 1236 1811 Turnus
1266 1769 1378 1811 rex
1403 1747 1812 1826 Rutulorum,
1844 1749 1949 1812 cui
2192 1743 2462 1811 Lavinia
2487 1755 2635 1807 ante
2658 1742 2773 1806 ad-

683 1843 944 1896 ventum
979 1833 1238 1898 Aeneae
1278 1832 1500 1912 suaerat,
1550 1834 1899 1935 praelatum
1932 1835 1985 1900 si
2030 1834 2055 1898 i
2088 1833 2397 1898 advenam
2436 1851 2623 1980 aege
2656 1851 2773 1915 pa·

685 1917 868 1996 tiens,
914 1919 1100 1983 simul
1131 1920 1393 1985 Aeneae
1435 1921 1795 2008 Latinoque
1836 1922 2073 1986 bellum
2113 1919 2428 1984 intulerat.
2590 1928 2775 1980 entra

685 2005 849 2068 acies
884 2005 1051 2070 laeta
1087 2029 1169 2071 ex
1209 2030 1286 2072 eo
1325 2008 1670 2073 certamine
1708 2008 1879 2074 abiit.
1970 2007 2147 2073 Victi
2186 2006 2450 2072 Rutuli:
2500 2003 2773 2068 victores
2972 2045 2974 2056 ·

686 2090 1068 2180 Aborigines
1126 2092 1388 2159 Troiani
1434 2117 1517 2160 ue
1575 2093 1803 2160 ducem
1864 2095 2166 2160 Latinum
2226 2093 2506 2158 amisere.
2604 2087 2771 2154 Inde

686 2177 942 2244 Turnus
984 2179 1358 2267 Rutulique,
1391 2117 1591 2246 (diffisi
1636 2183 1843 2260 rebus,
1886 2181 1969 2246 ad
2014 2181 2311 2246 florentes
2356 2179 2771 2246 Etruseorum

357 2265 645 2316 Mezentius.
683 2287 836 2351 opes
859 2265 1404 2354 Mezentiumque,
1429 2291 1650 2334 eorum
1678 2291 1913 2354 regem,
1937 2266 2344 2354 confugiunt:
2380 2267 2510 2353 qui,
2540 2261 2769 2341 Caere,
2974 2315 2976 2318 Α

681 2351 985 2454 opulento
1027 2366 1163 2418 tum
1207 2355 1461 2441 oppido,
1507 2355 1894 2443 imperitans,
1939 2354 2066 2419 iam
2109 2353 2261 2418 inde
2306 2354 2386 2418 ab
2430 2350 2613 2416 initio
2647 2353 2773 2415 mi-

679 2461 852 2504 nime
895 2439 1098 2505 laetus
1127 2465 1326 2506 novae
1371 2442 1613 2530 origine
1658 2442 1849 2520 urbiS,
1882 2459 1947 2507 et
1976 2454 2113 2506 tum
2141 2440 2341 2506 nimio
2380 2439 2541 2527 plus,
2618 2461 2767 2503 uam

675 2527 827 2591 satis
849 2539 1057 2592 tutum
1087 2539 1252 2593 esset
1281 2529 1528 2607 accolis,
1553 2552 1688 2593 rem
1713 2527 2055 2594 Troianam
2076 2549 2356 2592 crescere
2380 2461 2769 2604 ratus,‹l1aud

677 2615 982 2700 gravatim
1011 2616 1182 2680 socia
1210 2639 1383 2680 arma
1405 2615 1665 2681 Rutulis
1694 2616 1920 2680 iunxit.
1985 2615 2259 2692 Aeneas,
2284 2613 2581 2678 adversus
2602 2613 2767 2677 tanti

677 2700 828 2764 belli
852 2715 1154 2768 terrorem
1178 2715 1252 2767 ut
1272 2703 1516 2766 animos
1539 2702 1964 2789 Aboriginum
1992 2702 2111 2766 sibi
2134 2699 2517 2777 conciliaret,
2541 2722 2623 2764 ne
2646 2700 2767 2764 sub

678 2787 903 2851 eodem
961 2790 1098 2852 iure
1157 2788 1381 2864 solum,
1451 2788 1567 2852 sed
1628 2788 1823 2853 etiam
1891 2787 2169 2864 nomine,
2244 2809 2463 2851 omnes
2530 2800 2763 2863 essent,

355 2869 532 2922 Latini.
679 2873 942 2938 Latinos
971 2887 1303 2960 utramque
1377 2885 1591 2939 entem
1631 2897 1670 2938 a
1712 2873 1986 2961 pellavit.
2081 2872 2222 2938 Nec
2263 2872 2497 2938 deinde
2530 2873 2764 2937 Abori·
2794 2941 2801 2947 ,

719 2959 855 3023 ines
884 2959 1177 3026 Troianis
1216 2971 1318 3023 stu
1363 2959 1426 3024 io
1469 2983 1543 3024 ac
1586 2961 1630 3023 fi
1678 2983 1713 3024 e
1760 2983 1908 3048 erga
1935 2982 2149 3046 regem
2182 2959 2453 3024 Aenean
2481 2981 2721 3024 cessere
2740 2984 2760 3024 ε

673 2981 996 3133 fletusque
1033 3047 1132 3110 his
1175 3046 1400 3110 animis
1443 3045 1931 3111 coalescentium
1975 3047 2044 3111 in
2086 3046 2224 3110 dies
2262 3047 2461 3133 magis
2488 3046 2762 3111 duorum

673 3132 1051 3234 populorum
1095 3133 1366 3210 Aeneas,
1407 3145 1793 3221 quanquam‘
1820 3146 1997 3198 tanta
2037 3134 2261 3221 opibus
2306 3131 2563 3196 Etruria
2602 3146 2761 3210 erat,

676 3231 748 3283 ut
776 3242 902 3284 iam
932 3243 1061 3285 non
1091 3234 1287 3285 terras
1315 3221 1539 3298 solum,
1571 3220 1683 3285 sed
1712 3243 1883 3285 mare
1924 3220 2113 3285 etiam
2154 3243 2270 3306 per
2310 3231 2505 3283 totam
2536 3217 2759 3284 Italiae

674 3305 1156 3394 longitudinem,
1206 3308 1286 3372 ab
1339 3306 1614 3394 Alpibus
1664 3307 1747 3371 ad
1792 3308 2023 3372 fretum
2054 3306 2378 3382 Siculum,
2426 3305 2592 3370 fama
2640 3329 2759 3370 no-

674 3393 862 3457 minis
891 3393 988 3457 sui
1017 3394 1356 3481 implesset,
1389 3407 1619 3471 tamen,
1645 3416 1844 3493 quum
1874 3393 2203 3458 moenibus
2231 3392 2467 3458 bellum
2498 3393 2759 3492 propul-

673 3502 808 3544 sare
867 3494 1094 3566 posset,
1155 3481 1223 3544 in
1281 3482 1482 3546 aciem
1542 3503 1753 3568 copias
1811 3480 2051 3546 eduxit.
2177 3479 2542 3544 Secundum
2600 3480 2755 3544 inde

348 3591 546 3640 Aeneae
669 3566 982 3716 proelium
1000 3567 1266 3645 LatiniS,
1289 3569 1551 3632 Aeneae
1575 3568 1767 3632 etiam
1793 3566 2085 3632 ultimum
2108 3589 2370 3654 operum
2395 3565 2755 3632 mortalium

347 3669 489 3706 mora.
739 3653 807 3717 it.
919 3651 1091 3718 Situs
1149 3667 1262 3731 est,
1315 3677 1635 3741 quemcun
1682 3676 1761 3718 ue
1821 3676 1968 3720 eum
2023 3653 2152 3719 dici
2202 3653 2301 3716 ius
2358 3652 2575 3739 fasque
2634 3667 2751 3732 est,
2772 3675 2801 3726 5

670 3761 858 3826 super
887 3739 1260 3808 Numicium
1289 3741 1546 3806 flumen.
1636 3677 1856 3808 tllovem
1886 3740 2234 3828 indigetem
2264 3740 2600 3826 appellant.

731 4001 762 4044 4
796 3985 1038 4046 Oppidum
1062 4020 1073 4032 .
1099 4020 1110 4032 .
1136 4020 1147 4031 .
1173 4019 1186 4032 .
1202 3985 1491 4044 Lavinium]
1532 3985 1678 4032 Forte
1740 3985 1885 4046 pione
1908 3991 1958 4032 et
1978 3986 2042 4033 de
2064 3984 2223 4034 Mario
2245 3985 2339 4033 hoc
2362 3987 2649 4036 vocabulum
2672 4002 2751 4035 oc-

667 4049 779 4097 hod.
802 4046 999 4096 Pati-ica
1019 4063 1056 4095 s.
1076 4048 1274 4095 Pratica
1294 4048 1438 4096 situm
1462 4065 1529 4096 xx
1553 4049 1675 4096 mill.
1741 4049 1901 4097 currit.
1946 4051 2289 4114 Quemcunque
2304 4051 2523 4112 religiose
2536 4051 2747 4099 dictum:

665 4127 788 4174 pass.
810 4127 843 4160 a
868 4111 1048 4170 Romu,
1073 4111 1124 4159 in
1145 4112 1291 4169 colle,
1315 4113 1486 4160 Monte
1508 4113 1559 4160 di
1586 4112 1675 4160 Le-
1738 4128 1896 4173 neque
1928 4113 2057 4162 enim
2092 4113 2307 4163 humano
2330 4115 2527 4163 Aeneae
2553 4113 2750 4163 nomine

663 4191 805 4236 vano,
825 4175 903 4224 vel
929 4175 1013 4224 ubi
1046 4190 1178 4224 nunc
1199 4175 1248 4224 S.
1275 4177 1583 4225 Petronellae
1605 4177 1671 4224 fa-
1736 4183 1849 4238 post
1868 4177 2153 4226 relationem
2172 4178 2295 4227 inter
2314 4177 2468 4226 Divos
2482 4179 2749 4240 appellare,

661 4256 778 4288 num
799 4246 887 4288 est.
923 4240 1150 4290 Runa-r.
1736 4257 1895 4304 nsque
1928 4243 2091 4291 Deum
2126 4245 2271 4292 situm
2310 4242 2471 4292 dicere
2513 4243 2586 4292 fas
2628 4248 2747 4293 erat.

725 4320 752 4366 5
785 4307 919 4353 Situs
951 4306 1048 4364 ese]
1091 4303 1173 4354 De
1208 4304 1302 4353 hae
1336 4305 1581 4354 locutione
1609 4305 1670 4354 cf.
1736 4305 1949 4355 srrmn.

658 4369 764 4418 oie.
797 4369 859 4417 de
893 4369 1038 4432 Legg.
1073 4369 1121 4418 ii.
1159 4384 1237 4430 υ,
1269 4369 1352 4418 ubi
1385 4373 1436 4418 et
1467 4370 1530 4418 de
1570 4368 1668 4418 Sci—
