3000 4784
640 737 653 745 „
746 637 1407 724 LIBRORUM
1474 637 1918 720 XI—XX.
1985 635 2654 722 EPITOMAE.

1486 924 1509 929 .-
1528 910 1781 944 ἡ-,ω
1796 923 1864 929 .-

1200 1111 1668 1180 EPITOME
1713 1111 2006 1176 LIBRI
2045 1111 2176 1175 XI.

650 1286 949 1366 QUUM
996 1285 1231 1348 Fabius
1296 1281 1540 1366 Gurqes
1597 1281 1808 1344 consul
1861 1281 2018 1342 male
2085 1281 2375 1342 adversus
2441 1281 2742 1344 Samni&

627 1381 984 1459 puynasset,
1036 1380 1097 1434 et
1138 1379 1381 1432 senatus
1430 1369 1505 1430 de
1554 1368 1900 1430 removendo
1949 1389 2018 1429 eo
2073 1368 2152 1428 ab
2202 1369 2464 1429 exercitu
2519 1377 2740 1468 aqu-et,

641 1461 879 1526 Fabius
916 1458 1235 1521 Maximus
1258 1465 1463 1540 pater,
1494 1455 1848 1538 deprecatus
1885 1453 2044 1516 hanc
2059 1453 2202 1533 filii
2237 1456 2652 1537 iqnominiam,
2679 1475 2746 1516 eo

641 1549 899 1610 maxime
927 1553 1199 1607 senatum
1228 1544 1428 1616 movit,
1452 1541 1615 1624 quod
1649 1541 1877 1602 iturum
1905 1561 1970 1601 se
1971 1539 2124 1620 fibo
2153 1540 2416 1622 legatum
2433 1540 2748 1622 pollicitus

642 1625 2036 1794 zssffissoezoegsssszssmmwffiff
2063 1625 2752 1814 ἕῗῖοὲιαξᾶἔεψᾚ

642 1813 827 1866 torem
900 1802 1289 1872 Samnitium
1350 1800 1598 1860 ductum
1666 1800 1731 1860 in
1799 1798 2106 1880 triumpho
2170 1801 2369 1860 securi
2421 1801 2746 1882 percussit.

654 1889 861 1992 Quum
892 1888 1103 1947 civitas
1120 1885 1465 1967 pestilentia
1503 1883 1825 1958 laboraret,
1854 1885 2024 1945 missi
2057 1884 2258 1967 leyati,
2289 1893 2364 1946 ut
2392 1885 2756 1970 Aesculapii

642 1977 879 2058 si9num
909 1972 1172 2034 Romam
1214 1970 1293 2032 ab
1321 1969 1652 2052 Epidauro
1691 1970 2110 2050 transferrent,
2141 1991 2418 2054 anquern,
2448 1974 2563 2054 qui
2585 1993 2653 2034 se
2689 1974 2752 2032 in

644 2081 855 2124 navem
884 2079 1089 2121 eorum
1132 2057 1483 2130 contulerat,
1514 2058 1580 2116 in
1619 2076 1736 2138 quo
1777 2059 1976 2138 ipsum
2005 2077 2223 2118 numen
2265 2078 2388 2118 esse
2415 2058 2752 2132 constabat,

644 2149 1065 2230 deportavere:
1126 2165 1307 2226 eoque
1352 2145 1415 2204 in
1465 2141 1728 2204 insulam
1793 2141 2031 2204 Tiberis
2079 2163 2328 2225 cyr-esso,
2379 2143 2580 2204 eodem
2629 2145 2756 2204 loco

646 2234 820 2295 aedes
865 2229 1231 2312 Aesculapio
1286 2235 1632 2290 consecrata
1683 2235 1786 2289 est.
1876 2227 1956 2289 L.
1991 2228 2342 2290 Postumius
2390 2229 2750 2303 consularis,

647 2320 949 2404 quoniam,
980 2337 1165 2400 quum
1201 2315 1486 2376 exercitui
1500 2321 1825 2396 praeesset,
1855 2334 2040 2395 opera
2079 2313 2336 2376 militum
2365 2316 2432 2376 in
2461 2336 2616 2398 αρν-ο
2645 2337 2754 2377 suo

648 2425 793 2468 usus
830 2412 983 2477 erat,
1012 2401 1338 2464 damnatus
1364 2409 1468 2464 est.
1571 2397 1727 2462 Cum
1769 2399 2144 2462 Samnitibus
2161 2421 2378 2482 pacem
2411 2402 2756 2483 petentibus

627 2491 859 2572 foedus
886 2497 1106 2574 quarto
1134 2495 1481 2550 renovatum
1511 2494 1613 2548 est.
1717 2483 1944 2548 Curius
1971 2486 2284 2548 Dentatus
2311 2487 2538 2562 consul,
2569 2487 2752 2549 Sam-

645 2577 869 2639 nitibus
927 2575 1131 2649 caesis,
1192 2583 1248 2634 et
1312 2572 1576 2647 Sabinis,
1639 2574 1749 2655 qui
1809 2571 2260 2647 rebelbzverant,
2319 2575 2512 2646 victis,
2573 2583 2634 2635 et
2689 2575 2750 2634 in

646 2663 997 2724 deditionem
1048 2661 1326 2742 acceptis,
1380 2659 1470 2720 bis
1526 2660 1591 2720 in
1649 2657 1846 2719 eodem
1905 2661 2270 2742 maqistratu
2327 2659 2744 2742 triumphavit.

658 2749 943 2812 Coloniae
969 2746 1256 2808 deductae
1282 2753 1443 2819 sunt,
1477 2743 1785 2819 Castrum,
1824 2744 2006 2820 Sena,
2030 2744 2304 2806 Hadria.
2409 2745 2752 2807 Triumviri

648 2833 939 2916 capitales
967 2842 1111 2895 tunc
1127 2833 1401 2915 primum
1432 2833 1624 2892 creati
1648 2839 1806 2892 sunt.
1909 2829 2106 2892 Censu
2135 2839 2288 2905 acto,
2321 2830 2584 2892 lustrum
2613 2853 2748 2893 con-

646 2920 839 2980 ditum
869 2928 972 2979 est.
1074 2916 1268 2981 Censa
1299 2925 1444 2978 sunt
1469 2918 1688 2978 civium
1709 2917 1914 3000 capita
1943 2917 2196 2979 ducenta
2215 2919 2604 3001 septuayinta
2633 2918 2748 2979 duo

646 3003 858 3066 millia.
949 3003 1130 3064 Plebs
1176 3011 1432 3085 propter
1482 3025 1586 3064 aes
1642 3002 1925 3078 alienum,
1969 3013 2113 3085 post
2154 3024 2375 3086 qraves
2423 3011 2488 3064 et
2542 3003 2748 3088 lonqas

646 3091 976 3164 seditiones,
1006 3089 1094 3150 ad
1120 3087 1395 3150 ultimum
1423 3091 1661 3152 secessit
1685 3091 1750 3149 in
1780 3088 2168 3151 Ianiculum.-
2215 3089 2370 3150 unde
2389 3111 2433 3150 a
2475 3088 2554 3165 Q.
2579 3089 2750 3152 Hor-

650 3179 834 3240 tensio
862 3177 1152 3238 dictatore
1185 3173 1440 3236 deducta
1470 3184 1598 3249 est‚·
1641 3177 1808 3257 isque
1835 3176 1900 3237 in
1931 3177 2062 3258 ipso
2088 3177 2454 3258 mayistratu
2483 3175 2742 3238 decessit.

650 3265 776 3327 Res
836 3273 1157 3348 praeterea
1231 3271 1442 3324 contra
1526 3260 1917 3324 Volsinienses
1981 3270 2184 3346 qestas
2243 3264 2535 3324 continet·
2514 3308 2529 3325 .
2615 3265 2748 3324 item

648 3352 938 3413 adversus
994 3349 1302 3422 Lucanos,
1362 3356 1574 3409 contra
1647 3367 1797 3430 quos
1853 3347 2148 3408 auxilium
2236 3347 2532 3410 Thurinis
2573 3349 2752 3430 serre

644 3437 981 3520 placuerat.

1202 3679 1668 3744 EPITOME
1706 3679 1990 3744 LIBRI
2025 3682 2191 3745 XII.

661 3851 961 3933 QUUM
1000 3851 1184 3935 leqati
1230 3851 1649 3914 Romanorum
1699 3874 1742 3913 a
1809 3851 2016 3915 Gallis
2071 3853 2402 3916 Senonibus
2451 3856 2754 3937 interfecti

648 3950 855 4016 essent,
896 3937 1043 4001 bello
1088 3936 1159 3999 ob
1205 3937 1274 3998 id
1326 3935 1531 3998 Gallis
1577 3937 1818 4014 indicto,
1863 3937 1944 4001 L.
1982 3938 2280 4003 Caecilius
2316 3949 2572 4022 praetor
2615 3963 2746 4003 cum

650 4027 973 4110 leyionibus
1022 4025 1101 4087 ab
1152 4025 1227 4084 iis
1284 4043 1492 4084 caesus
1550 4032 1652 4084 est.
1757 4024 1962 4100 Quum
2019 4047 2062 4086 a
2127 4026 2480 4088 Tarentinis
2539 4027 2746 4089 classis

647 4113 933 4175 Romana
976 4111 1214 4194 direpta
1257 4119 1419 4184 esset,
1452 4107 1788 4185 duumviro,
1819 4113 1930 4194 qui
1957 4121 2252 4194 praeerat
2292 4112 2493 4187 classi,
2537 4116 2740 4188 occiso,

646 4199 845 4282 leqati,
878 4198 965 4259 ad
1004 4219 1101 4260 eos
1138 4219 1183 4258 a
1227 4205 1458 4271 senatu,
1492 4196 1666 4258 utde
1715 4199 1790 4259 iis
1825 4199 2066 4259 inim-iis
2117 4207 2526 4282 quererentur,
2559 4201 2737 4274 ηιίεεί,

632 4285 876 4366 pulsati
899 4292 1056 4345 sunt.
1160 4281 1253 4344 Ob
1282 4283 1351 4344 id
1376 4282 1590 4346 bellum
1621 4283 1696 4344 iis
1731 4283 2020 4346 indictum
2049 4293 2151 4346 est.
2252 4283 2556 4348 Samnites
2583 4285 2742 4367 dese-
