3000 4784
650 204 776 265 616
950 198 1457 265 LIBRORUM
1505 197 1697 276 XIX,
1735 195 1889 262 XX.
1940 196 2446 263 EPITOMAE.

649 339 1023 404 censoribus
1088 337 1411 401 conditum
1479 345 1596 399 est.
1725 336 1940 400 Censa
2007 344 2158 399 sunt
2225 335 2454 400 civium
2507 335 2710 419 capita

648 426 926 488 ducenta
970 425 1450 509 quinquaginta
1493 443 1682 484 unum
1725 421 1954 497 millia,
1997 423 2276 485 ducenta
2319 421 2544 508 viginti
2579 421 2710 484 duo.

656 511 961 585 Claudia,
992 531 1183 572 soror
1214 510 1295 572 P.
1330 507 1622 584 Claudii,
1649 508 1782 592 qui,
1811 509 2190 592 contemptis
2219 508 2547 592 auspiciis,
2567 507 2716 570 male

636 603 1083 682 pugnaverat,
1130 616 1172 658 a
1216 594 1389 658 ludis
1438 600 1792 668 revertens,
1839 615 2029 678 quum
2086 593 2279 656 turba
2327 603 2716 677 premeretur,

646 681 822 745 dixit
840 706 864 743 .·
938 679 1203 744 Utinam
1262 677 1463 742 frater
1505 699 1687 742 meus
1733 677 1998 754 viveret,
2058 678 2422 761 iterumque
2474 676 2716 742 classem

648 766 946 830 duceret!
1003 764 1105 829 Ob
1132 785 1273 826 eam
1316 784 1582 828 causam
1609 764 1810 826 multa
1849 764 1913 826 ei
1953 763 2132 826 dicta
2162 773 2279 827 est.
2371 763 2722 848 Duo-prae-

647 859 821 913 tores
849 859 981 912 tum
996 849 1282 932 primum
1304 850 1515 912 creati
1537 857 1702 912 sunt.
1759 847 2086 912 Caecilius
2109 847 2421 912 Metellus
2443 847 2720 932 pontifex

646 935 955 998 maximus
986 933 1049 996 A
1054 981 1069 998 .
1100 935 1493 998 Postumium
1525 933 1864 1010 consulem,
1899 933 2198 1018 quoniam
2227 933 2396 997 idem
2423 933 2722 1018 etflamen

648 1020 1001 1084 Martialis
1040 1029 1207 1096 erat,
1255 1041 1443 1105 quum
1500 1020 1564 1082 is
1606 1021 1700 1082 ad
1751 1019 1984 1083 bellum
2019 1020 2374 1104 gerendum
2407 1019 2722 1104 proficisci

646 1106 858 1183 vellet,
903 1107 972 1170 in
1014 1106 1173 1169 urbe
1214 1105 1441 1180 tenuit,
1486 1127 1602 1167 nec
1651 1125 1891 1189 passus
1933 1114 2034 1168 est
2075 1126 2120 1167 a
2161 1104 2378 1167 sacris
2422 1104 2716 1168 recedere.

647 1191 873 1256 Rebus
892 1193 1205 1254 adversus
1227 1190 1483 1254 Poenos
1505 1211 1548 1252 a
1560 1190 1868 1274 pluribus
1887 1190 2156 1253 ducibus
2174 1211 2498 1274 prospere
2513 1190 2718 1274 gestis,

647 1298 951 1340 summam
981 1275 1301 1340 victoriae
1350 1277 1423 1339 C.
1456 1275 1769 1340 Luta-tius
1813 1275 2052 1351 consul,
2097 1275 2274 1338 victa
2316 1277 2412 1339 ad
2449 1275 2720 1359 Aegates

646 1363 896 1425 insulas
936 1363 1145 1426 classe
1190 1361 1577 1435 Poenorum,
1621 1361 1946 1444 imposuit.
2037 1359 2420 1424 Petentibus
2470 1360 2720 1423 Cartha-

639 1445 1050 1532 giniensibus
1066 1469 1219 1532 φατι·
1247 1448 1407 1510 data
1436 1455 1558 1511 est.
1619 1445 1826 1516 Quum
1856 1447 2158 1530 templum
2201 1446 2434 1509 Vestae
2461 1446 2719 1518 arderet,

654 1533 979 1596 Caecilius
1019 1531 1329 1595 Metellus
1360 1530 1673 1616 pontifex
1715 1532 2034 1594 maximus
2077 1553 2163 1594 ea·
2207 1531 2506 1595 incendio
2544 1551 2718 1593 sacra

645 1619 891 1702 rapuit.
991 1617 1193 1681 Duae
1237 1616 1447 1681 tribus
1490 1617 1790 1680 adiectae
1831 1625 1998 1693 sunt,
2059 1617 2284 1680 Velina
2327 1627 2394 1680 et
2445 1616 2716 1690 Quirina.

644 1703 903 1766 Falisci
948 1725 1139 1786 quum
1182 1702 1624 1780 rebellassent,
1669 1711 1856 1765 sexto
1898 1702 2006 1766 die
2033 1702 2413 1787 perdomiti,
2458 1703 2522 1765 in
2563 1698 2717 1764 dedi-

646 1788 880 1851 tionem
909 1797 1231 1850 venerunt.

1188 2032 1657 2098 EPITOME
1700 2032 1993 2098 LIBRI
2031 2033 2186 2098 XX.

643 2199 960 2264 SPOLE
976 2198 1080 2262 TI
1086 2197 1239 2262 ΠΜ
1271 2198 1526 2263 colonia
1565 2200 1843 2263 deducta
1879 2207 1997 2262 est.
2087 2198 2422 2262 Adversus
2455 2199 2718 2284 Ligures

642 2294 795 2349 tunc
826 2285 1113 2369 primum
1170 2285 1500 2348 exereitus
1536 2293 1874 2368 promotus
1929 2293 2048 2348 est.
2139 2284 2341 2347 Sardi
2399 2295 2467 2349 et
2529 2283 2718 2358 Corsi,

641 2393 831 2456 quum
872 2370 1316 2446 rebellassent,
1362 2369 1621 2434 subacti
1664 2378 1830 2434 sunt.
1932 2369 2176 2433 Tuccia
2221 2370 2410 2455 virgo
2470 2369 2721 2434 Vestalis

639 2456 870 2520 incesti
914 2457 1223 2520 damnata
1266 2465 1386 2519 est.
1494 2455 1752 2519 Bellum
1793 2454 2077 2539 Illyriis,
2112 2463 2394 2540 propter
2437 2477 2620 2520 unum
2657 2476 2724 2518 es

639 2541 901 2626 legatis,
929 2541 1040 2626 qui
1068 2541 1163 2604 ad
1177 2563 1291 2606 eos
1311 2541 1492 2604 missi
1521 2549 1728 2617 erant,
1754 2542 2054 2617 occisum,
2075 2541 2382 2605 indictum
2409 2551 2510 2605 est
2527 2567 2552 2604 .·
2593 2539 2724 2604 sub-

637 2627 905 2712 actique
968 2627 1036 2689 in
1102 2627 1485 2690 deditionem
1543 2634 1868 2692 venerunt.
1993 2626 2377 2690 Praetorum
2446 2647 2726 2690 numerus

637 2712 1836 2880 ssffss‘zssssssfiztsssszffss‘gssssffmz
1927 2710 2732 2882 ‘Enifflss‘asssssff’ffl

636 2903 864 2943 manus
904 2882 1007 2943 sui
1050 2882 1407 2965 Latinique
1450 2883 1723 2946 nominis
1766 2891 2056 2946 trecenta
2098 2883 2303 2947 millia
2346 2892 2734 2946 armatorum

636 2964 940 3027 habuisse
966 2965 1226 3027 dicitur.
1304 2967 1726 3030 Exercitibus
1755 2967 2074 3032 Romanis
2105 2977 2234 3031 tum
2251 2969 2536 3051 primum
2559 2978 2734 3031 trans

636 3049 891 3114 Padum
933 3050 1167 3125 ductis,
1222 3048 1410 3114 Galli
1466 3050 1799 3127 Insubres,
1845 3053 1940 3117 ali
1989 3062 2097 3116 uot
2201 3053 2425 3116 roeliis
2448 3054 2628 3137 susi,
2673 3055 2734 3116 in

634 3135 1019 3199 deditionem
1042 3144 1365 3199 venerunt.
1415 3135 1518 3200 M.
1549 3137 1861 3201 Claudius
1964 3160 2119 3203 arce
2169 3160 2245 3202 us
2263 3141 2505 3214 consul,
2525 3140 2733 3203 occiso

634 3220 1003 3284 Insubrium
1031 3220 1373 3286 Gallorum
1393 3224 1558 3286 duce
1590 3222 1995 3299 Virdomaro,
2017 3224 2232 3308 opima
2254 3224 2472 3308 spolia
2492 3225 2730 3288 retulit.

633 3304 799 3370 Istri
827 3307 1083 3370 subacti
1112 3315 1279 3370 sunt.
1368 3306 1537 3372 Item
1563 3307 1810 3391 Illyrii,
1838 3331 2026 3393 quum
2049 3309 2490 3388 rebellassent,
2513 3308 2734 3374 domiti

632 3390 701 3456 in
742 3391 1128 3456 deditionem
1167 3402 1492 3458 venerunt.
1584 3394 1894 3458 Lustrum
1933 3417 1978 3459 a
2016 3394 2391 3458 censoribus
2419 3396 2732 3460 conditum

632 3486 753 3552 est,
800 3500 927 3562 quo
972 3499 1167 3542 censa
1224 3487 1373 3541 sunt
1423 3478 1656 3542 civium
1699 3480 1929 3564 capita
1981 3481 2259 3545 ducenta
2314 3483 2732 3566 septuaginta

630 3561 861 3638 millia,
916 3563 1187 3626 ducenta
1244 3565 1573 3628 tredecim.
1663 3564 1993 3629 Libertini
2049 3566 2118 3628 in
2166 3574 2475 3650 quattuor
2530 3567 2730 3630 tribus

630 3647 888 3710 redacti
936 3657 1105 3725 sunt,
1160 3671 1350 3734 quum
1397 3659 1591 3714 antea
1649 3650 1934 3734 dispersi
1970 3673 2102 3737 per
2153 3673 2369 3715 omnes
2403 3649 2727 3735 fuissent,-

632 3729 1071 3816 Esquilinam,
1104 3735 1507 3812 Palatinam,
1553 3735 1982 3813 Suburanam,
2035 3735 2372 3802 Collinam.
2471 3737 2547 3800 C.
2577 3737 2726 3800 Fla-

630 3816 863 3882 minius
902 3839 1127 3881 censor
1164 3821 1337 3885 viam
1368 3821 1763 3886 Flaminiam
1801 3823 2085 3899 munivit,
2119 3831 2182 3886 et
2221 3821 2461 3885 circum
2491 3821 2724 3885 Flami·

630 3903 804 3968 nium
846 3905 1186 3968 exstruxit.
1316 3907 1630 3972 Coloniae
1671 3909 1988 3973 deductae
2028 3908 2096 3972 in
2138 3929 2307 3993 agro
2365 3908 2447 3972 de
2511 3907 2726 3972 Gallis

632 3999 850 4074 capto,
884 3989 1231 4056 Placentia
1260 4002 1325 4055 et
1362 3993 1702 4058 Cremona.

1332 4211 1532 4260 1²1le
1565 4211 1750 4260 TOMI
1789 4211 2024 4262 PRIMI.
