3000 4784
1430 145 1669 253 'TITI
1728 185 1999 253 L1v11

773 324 910 390 Iam
940 323 1275 411 Tarquinii
1310 323 1392 388 ad
1428 323 1688 388 Lartem
1717 323 2129 401 Porsennam,
2165 323 2505 390 Clusinum
2533 348 2771 415 regem,
2791 351 2824 396 6

360 471 405 518 A
686 411 1106 500 perfugerant.
1220 409 1340 488 Ibi,
1400 410 1726 475 miscendo
1782 411 2118 476 consilium
2173 435 2538 500 precesque,
2599 437 2778 480 nunc
2797 425 2824 474 7

364 507 420 583 p]
446 473 647 586 38158ζῇ
688 500 969 574 orabant,
1013 506 1034 537 ‘
1050 521 1134 563 ne
1172 519 1260 574 se,
1306 497 1608 561 oriundos
1647 519 1730 561 ex
1774 495 2076 578 Etruscis,
2121 498 2406 564 eiusdem
2449 502 2777 587 sanguinis

364 599 438 648 Π.
463 601 523 650 Τ.
548 601 643 650 Lu·
688 595 708 624 ‘
722 585 1147 672 nominisque,
1178 597 1435 671 egentes
1474 583 1759 648 exsulare
1839 596 2116 649 ateretur
2135 585 2174 648 :'
2215 607 2388 650 nunc
2426 589 2778 653 monebant

360 664 511 713 “⁰²³⁰
532 666 668 716 Coss.
686 673 896 750 etiam,
931 680 951 711 ‘
967 695 1049 736 ne
1082 671 1391 736 orientem
1422 693 1664 736 morem
1694 692 1773 757 pe
1822 671 1974 735 endi
2001 693 2182 772 reges
2209 672 2486 737 inultum
2513 673 2771 740 sineret.

689 768 710 798 ‘
731 759 894 824 Satis
920 757 1273 822 libertatem
1302 758 1504 844 ipsam
1532 757 1764 822 habere
1786 757 2158 822 dulcedims.
2250 758 2414 837 Nisi,
2439 775 2682 846 quanta
2711 763 2776 824 vi

1440 857 1599 921 tant,
1659 857 1836 908 tanta
1900 866 2100 932 regna
2153 867 2222 909 re
2303 867 2334 909 s
2401 846 2773 925 defendant,

1468 931 1558 996 is:
1607 930 1768 994 nihil
1797 931 2137 1008 excelsum,
2167 869 2348 1010 nillil,
2380 932 2556 1019 quod
2581 955 2780 1022 supra

2026 1018 2272 1084 Adesse
2312 1020 2509 1101 finem
2535 1023 2774 1108 regaie,

2154 1106 2170 1135 ’
2255 1105 2599 1184 Porsenna,
2633 1122 2776 1172 tum

684 195 764 254 82

364 405 431 456 U.
455 326 645 470 gu&

688 855 708 884 ‘
725 845 1009 910 civitates
1076 867 1217 909 eam
1275 867 1357 908 ex

688 941 709 971 ‘
728 932 986 1020 aequari
1014 953 1259 996 summa
1284 931 1353 993 in

686 1029 709 1058 ‘
730 1031 939 1084 cetera
966 1018 1261 1096 emineat,
1292 1017 1359 1081 in
1390 1018 1750 1082 civitatibus
1782 1018 1934 1083 fore.

362 1119 613 1170 Porsenna
688 1115 709 1145 ‘
728 1105 821 1170 rei
850 1106 1016 1170 inter
1045 1105 1197 1169 deos
1225 1103 1640 1191 hominesque
1671 1103 2147 1191 pulcherrimae.

358 1183 647 1298 ἷξέἒῑὲωῇὓο-
684 1214 900 1279 regem
946 1214 1079 1256 esse
1124 1191 1387 1268 Romae,
1434 1205 1574 1255 tum
1614 1189 1918 1256 Etruscae
1959 1193 2167 1278 gentis
2209 1214 2242 1255 r
2360 1216 2443 1269 m,
2489 1193 2776 1280 amplum

686 1279 913 1345 Tuscis
942 1293 1132 1356 ratus,
1168 1278 1441 1343 Romam
1468 1278 1700 1343 infesto
1727 1279 2014 1343 exercitu
2042 1279 2233 1344 venit.
2371 1303 2456 1344 on
2485 1302 2774 1367 unquam

648 1365 837 1430 'alias
881 1379 1029 1430 ante
1074 1378 1287 1430 tantus
1330 1377 1532 1429 terror
1573 1377 1862 1429 senatum
1907 1365 2168 1429 invasit:
2218 1366 2379 1430 adeo
2421 1365 2634 1430 valida
2671 1390 2776 1432 res

690 1468 827 1518 tum
882 1451 1150 1517 Clusina
1191 1465 1345 1529 erat,
1394 1473 1821 1538 magnumque
1867 1451 2230 1517 Porsennae
2278 1474 2528 1517 nomen.
2625 1453 2773 1519 Nec

691 1539 904 1603 hostes
932 1538 1124 1602 modo
1155 1538 1486 1615 timebant,
1517 1537 1631 1602 sed
1665 1541 1943 1603 suosmet
1981 1539 2102 1625 ipsi
2130 1539 2318 1616 cives,
2349 1562 2432 1604 ne
2476 1539 2776 1605 Romana

680 1624 880 1712 plebs,
922 1638 1097 1690 metu
1136 1623 1441 1711 perculsa,
1478 1624 1754 1711 receptis
1791 1625 1861 1688 in
1899 1626 2126 1689 urbem
2167 1626 2439 1712 regibuS,
2475 1625 2578 1690 vel
2621 1649 2772 1692 cum

682 1711 981 1776 servitute
1012 1732 1234 1798 pacem
1262 1711 1594 1797 acciperet.
1685 1709 1900 1775 Multa
1921 1711 2114 1798 igitur
2142 1711 2578 1777 blandimenta
2595 1713 2774 1800 plebi

682 1819 798 1884 per
824 1796 896 1861 id
922 1809 1171 1884 tempus
1200 1797 1281 1861 ab
1329 1811 1555 1862 senatu
1581 1797 1746 1861 data.
1841 1797 2156 1862 Annonae
2185 1799 2254 1862 in
2297 1799 2518 1900 primis
2552 1800 2775 1864 habita

682 1905 850 1960 cura,
884 1895 950 1947 et
977 1883 1061 1948 ad
1080 1883 1471 1948 frumentum
1500 1884 1996 1972 comparandum
2025 1886 2218 1963 missi,
2243 1885 2350 1950 ahi
2380 1887 2445 1949 in
2478 1885 2768 1964 Volscos,

682 1969 789 2034 alii
841 1968 1095 2035 Cumas·
1190 1969 1351 2034 Salis
1399 1992 1656 2056 quoque
1699 1970 2021 2035 vendendi
2063 1972 2410 2050 arbitrium,
2455 1973 2608 2060 quia
2650 1973 2776 2036 im·

681 2079 879 2143 penso
908 2057 1114 2142 pretio
1144 2056 1417 2133 venibat,
1448 2056 1518 2120 in
1546 2057 1874 2144 publicum
1901 2080 2093 2123 omne
2131 2072 2476 2146 sumptum,
2506 2059 2774 2146 ademp—
2792 2075 2826 2122 8

682 2155 820 2206 tum
862 2143 1137 2230 privatis.
1228 2141 1663 2230 Portoriisque
1706 2156 1773 2208 et
1823 2145 2063 2209 tributo
2105 2144 2322 2232 plebes
2365 2145 2647 2224 liberata,
2697 2159 2776 2210 ut
2789 2153 2826 2202 9

678 2229 911 2294 divites
938 2229 1314 2305 conferrent,
1346 2229 1459 2315 qui
1488 2230 1668 2294 oneri
1695 2230 1959 2296 ferendo
1989 2243 2230 2296 essent:
2279 2254 2590 2319 pauperes
2617 2217 2822 2313 satis}

358 1325 519 1362 mano·

743 2469 774 2520 6
804 2471 1027 2531 Lartem]
1072 2470 1261 2519 Volunt
1294 2470 1513 2533 plerique
1545 2468 1689 2518 inter·
1753 2470 2006 2531 publicum
2039 2473 2275 2520 translata
2295 2478 2385 2530 est,
2406 2473 2646 2536 adempta
2675 2475 2775 2538 pri-

622 2554 627 2560 ·
678 2540 841 2597 pretes
875 2537 1072 2585 Lartem
1114 2549 1293 2583 nomen
1331 2549 1435 2584 esse
1476 2534 1688 2594 honoris,
1753 2533 1889 2583 vatis.
1914 2535 2075 2584 Cum.
2124 2535 2402 2585 Gronovius
2415 2539 2676 2586 arbitrium
2693 2557 2776 2590 ve-

678 2614 833 2661 eoque
850 2601 1085 2648 vocabulo
1106 2599 1313 2662 intelligi
1328 2600 1506 2648 debere
1525 2613 1688 2674 supre-
1750 2601 1897 2657 nisse,
1928 2614 1994 2648 sc.
2021 2600 2228 2662 vectigal
2259 2615 2438 2662 magno
2469 2602 2773 2652 conductum

676 2664 1473 2783 Ξὲωαὲἒὲἳὲῗιῗὲἓξιῗὲζῖἲ
1490 2678 1690 2774 ΞΞΞΟΞΞ
1749 2663 2376 2788 ῧρῗαηῗᾱῗὲοᾞξέῴ
2392 2668 2774 2792 ,2212‘03⁴m'·⁶“”3

674 2791 833 2852 gibus,
846 2806 967 2851 quos
986 2790 1245 2839 duodecim
1270 2789 1493 2838 Etruriae
1517 2790 1688 2851 populi
1753 2791 1920 2838 datum
1945 2791 2159 2853 quippe;
2189 2795 2486 2842 venditiones
2501 2793 2621 2842 olim
2638 2795 2774 2844 dice-

676 2854 768 2901 sibi
784 2853 987 2915 quisque
1004 2853 1365 2915 pmeficiebant.
1422 2853 1690 2914 Dionysius
1751 2854 1931 2901 bantur
1955 2855 2198 2904 censoriae
2231 2857 2512 2916 locationes,
2533 2859 2670 2919 quod
2691 2875 2774 2908 ve—

676 2923 843 2965 tamcn
864 2917 1055 2979 accepit
1078 2931 1164 2978 pro
1186 2915 1382 2964 nomine
1398 2918 1688 2964 Porsennae.
1755 2916 1830 2964 lut
1847 2919 2051 2977 fruetus
2075 2921 2382 2982 publicorum
2402 2923 2614 2971 locorum
2638 2923 2769 2972 veni-

676 2980 837 3028 Cnsv.
904 2979 1030 3029 Sunt
1045 2979 1129 3040 qui
1146 2979 1441 3038 existiment,
1458 2994 1570 3027 eum
1592 2979 1686 3028 hoc
1751 2981 1882 3029 bant.
1917 2983 2092 3032 Festus
2115 3000 2158 3032 v.
2193 2986 2509 3035 Venditioms.

676 3043 889 3102 nomine,
912 3044 1042 3106 quod
1074 3042 1411 3104 significaverit
1431 3042 1686 3092 doniinum

674 3122 761 3154 seu
790 3107 1077 3169 principem,
1100 3113 1355 3170 cognatam
1377 3123 1481 3156 esse
1503 3108 1685 3170 Anglo-

672 3185 781 3219 rum
822 3185 989 3220 vocem
1024 3173 1168 3222 Lord.
1206 3171 1452 3220 Rsscmo.
1507 3173 1569 3220 cf.
1601 3187 1684 3234 ap.

676 3235 913 3285 Herodot.
946 3235 997 3284 ii.
1036 3250 1141 3298 143.
1181 3251 1275 3284 vox
1306 3238 1538 3295 Pit-omis,
1559 3251 1686 3298 quae

1813 3059 1845 3108 9
1869 3047 2136 3107 Por-coriis]
2169 3047 2520 3111 vectigalibun
2533 3065 2663 3111 quae
2681 3067 2772 3113 pro

1749 3107 2093 3171 importatione
2146 3117 2196 3160 et
2247 3113 2588 3175 exportatione
2641 3129 2769 3164 mer-

1749 3172 1880 3220 cium
1901 3175 2225 3225 solvebantur.
2259 3177 2422 3226 cmv.

1819 3251 1839 3285 1
1881 3238 2103 3299 Tributo]
2133 3241 2230 3288 Pro
2251 3239 2422 3289 habitu
2443 3242 2768 3303 pecuniarum

675 3299 702 3346 ὁ
724 3299 839 3360 ἀνὴρ
859 3299 1111 3362 significat.

742 3375 767 3424 7
790 3365 1117 3425 Porsennam]
1144 3363 1430 3425 Legendum
1446 3364 1581 3413 baud
1595 3365 1684 3413 du·-

672 3426 751 3475 bie
771 3429 1045 3484 Porsenna,
1068 3432 1123 3475 ut
1146 3428 1391 3486 Vibenna,
1422 3429 1685 3491 Spurinna,

674 3491 950 3552 Perpenna,
962 3491 1157 3552 aliaque
1172 3493 1306 3554 apud
1324 3493 1556 3542 Etruscos
1570 3508 1684 3555 gen-

670 3555 819 3602 tilitia
834 3555 1047 3604 nomina.
1092 3555 1255 3604 Venia
1270 3556 1467 3617 quidem
1490 3558 1686 3620 poetica

672 3618 887 3668 Martial.
915 3619 1080 3682 Epigr.
1096 3620 1127 3668 i.
1147 3635 1221 3668 22.
1246 3623 1279 3648 “
1298 3621 1445 3669 Hanc
1464 3627 1686 3683 spectare

670 3696 871 3730 manum
906 3684 1155 3732 Porsenna
1186 3699 1283 3732 non
1318 3683 1531 3748 potuit.”
1586 3686 1684 3734 Sed

670 3747 929 3796 Porsenna
957 3747 1093 3810 Virg.
1118 3750 1243 3798 Aen.
1274 3749 1372 3797 viii.
1403 3747 1514 3810 646.
1551 3749 1681 3798 Plin.

672 3809 741 3858 H.
754 3810 821 3858 N.
836 3811 1003 3860 xxxiv.
1027 3825 1103 3874 39,
1135 3813 1255 3862 Tac.
1282 3813 1412 3862 Hist.
1440 3812 1508 3861 iii.
1537 3825 1608 3873 72.
1631 3818 1682 3862 et

670 3873 880 3923 Bekker.
916 3875 976 3924 cf.
998 3875 1200 3925 Niebhr.
1224 3877 1255 3926 i.
1280 3893 1327 3939 p.
1352 3889 1461 3938 532.

733 3940 763 3986 8
790 3941 857 3987 In
874 3941 1123 4001 publicum
1144 3957 1281 3990 omne
1298 3943 1570 4002 sumptum]
1598 3942 1682 3989 Ita

668 4001 943 4051 Gronovius
980 4005 1277 4063 emendavit,
1312 4009 1460 4066 atque
1496 4004 1678 4054 Stroth.

667 4071 717 4113 et
762 4067 973 4116 Bekker.
1028 4068 1077 4115 in
1133 4074 1322 4116 textum
1374 4076 1678 4129 receperunt.

668 4130 839 4186 Quum
882 4129 953 4178 sal
998 4131 1151 4179 nimio
1187 4131 1343 4194 pretio
1382 4132 1583 4191 veniret,
1615 4135 1678 4180 ob

662 4194 948 4242 aviditatem
972 4209 1159 4252 eorum,
1180 4196 1354 4256 quibus
1370 4195 1567 4243 Salinae
1590 4196 1676 4243 cir-

665 4270 727 4303 ca
746 4257 937 4305 Ostium
959 4260 1023 4306 ab
1045 4259 1184 4306 Anco
1206 4259 1381 4316 factae,
1398 4259 1429 4306 i.
1454 4273 1528 4319 33.
1550 4260 1677 4307 loca—

664 4319 857 4378 bantur,
904 4322 1008 4369 eius
1062 4323 1302 4370 vendendi
1356 4329 1572 4384 potestas
1625 4324 1675 4370 in

1749 3314 1811 3348 ex
1843 3316 1990 3350 censu
2025 3318 2056 3350 a
2095 3304 2240 3365 plebe
2275 3306 2472 3354 collato.
2539 3305 2660 3354 Non
2695 3314 2767 3356 ta?

1747 3378 1860 3413 men
1883 3365 2008 3414 infra
2027 3367 2246 3416 assiduos
2267 3369 2418 3428 venit,
2437 3369 2625 3432 quippe
2657 3387 2770 3434 pro-

1747 3429 1930 3477 letariis
1961 3436 2012 3479 et
2043 3429 2376 3493 capitecensis,
2407 3449 2484 3481 res
2511 3433 2770 3484 familiaris

1747 3499 1835 3541 aut
1850 3493 2010 3542 tenuis
2024 3501 2110 3542 aut
2126 3496 2265 3544 nulla
2279 3503 2398 3545 erat,
2443 3497 2574 3545 Fieri
2595 3504 2766 3548 tamen

1748 3562 1909 3618 potest
1941 3563 1996 3605 ut
2029 3558 2198 3607 Livius
2219 3560 2380 3608 dicere
2403 3561 2539 3620 velit,
2561 3577 2768 3611 censum

1748 3621 1942 3682 aliaque
1955 3621 2177 3670 instituta
2189 3624 2360 3682 Servii,
2371 3624 2646 3686 Tarquinio
2661 3643 2766 3690 reg·

1747 3691 1896 3732 nante
1917 3685 2126 3745 sublata,
2145 3687 2244 3734 iam
2267 3688 2492 3736 restituta
2509 3704 2630 3738 esse.

1813 3763 1840 3796 α
1875 3750 2156 3812 Pauper-ee]
2205 3751 2347 3807 Quos
2379 3754 2578 3800 eosdem
2611 3760 2766 3816 atque

1747 3812 1942 3874 plebem
1973 3813 2224 3877 antiquam
2263 3815 2409 3864 finisse
2443 3823 2628 3866 temere
2661 3835 2764 3867 cre-

1744 3876 1892 3924 debat
1913 3877 2098 3936 Livius,
2119 3881 2248 3941 quod
2275 3881 2413 3942 plebs
2439 3883 2636 3930 urbana
2661 3885 2762 3931 Au·

1741 3947 1882 4002 gusto
1902 3942 2192 4003 imperante,
2204 3958 2330 4005 quae
2350 3944 2400 3991 in
2417 3945 2642 3994 tribubus
2661 3963 2764 3995 non

1745 4011 1848 4052 erat
1889 4006 2148 4069 descripta,
2191 4009 2276 4055 sed
2330 4008 2666 4058 libertinorum
2711 4019 2764 4060 et

1744 4067 2088 4130 inquilinorum
2121 4073 2281 4129 turba,
2308 4073 2536 4134 “panem
2571 4079 2622 4122 et
2653 4074 2761 4124 cir·-

1743 4137 1951 4182 censes”
1984 4134 2250 4196 flagitabat,
2271 4151 2424 4198 egena
2451 4142 2592 4186 esset.
2661 4139 2762 4188 Sed

1742 4211 1980 4256 pauperes
2000 4198 2080 4246 hic
2102 4199 2298 4260 quidem
2321 4202 2598 4262 proletarii,
2619 4203 2708 4263 qui
2729 4219 2763 4252 a

1741 4273 1941 4308 munere
1963 4262 2219 4330 officioque
2247 4265 2400 4326 prolis
2423 4267 2639 4315 edendae
2671 4282 2760 4328 ap-

1741 4323 1912 4383 pellati
1935 4332 2062 4374 sunt.
2107 4327 2167 4376 cf.
2193 4328 2253 4376 A.
2279 4327 2412 4376 Gell.
2435 4328 2532 4377 xvi.
2565 4344 2636 4378 ιο.
