3000 4784
688 173 810 236 156
1446 167 1674 234 ΤΙΤῙ
1735 167 2008 235 LIVII

367 327 429 378 U.
452 327 513 377 G.
538 292 647 392 292.
732 328 905 392 ugna
932 327 1011 370 eo
1040 326 1209 370 anno
1236 303 1377 368 fuit.
1450 303 1698 368 Eadem
1725 304 1982 368 fortuna
2007 302 2337 368 victoriam
2367 301 2582 368 deditz
2629 299 2806 365 suasis

362 393 418 441 Δ·
454 393 511 441 C·
538 391 649 452 460·
686 329 995 468 EostibuS,
1026 391 1217 456 etiam
1246 403 1448 454 castra
1475 393 1677 490 capta.

479 484 538 544 9.
779 478 885 543 Sic
907 501 1007 542 res
1031 478 1323 542 Romana
1349 477 1419 541 in
1442 489 1779 564 antiquum
1801 488 2035 540 statum
2065 475 2289 542 rediitz
2333 472 2654 538 secundae
2701 495 2798 536 ue

360 565 468 640 1:0¹
487 566 670 615 Teren-
688 565 841 630 belli
887 587 987 628 res
1034 562 1356 662 extemplo
1402 563 1675 628 urbanos
1726 577 1936 626 motus
1979 562 2435 627 excitaverunt.
2531 559 2612 624 C.
2717 581 2800 622 e-
2825 571 2868 620 8

360 629 485 680 ‘¹¹¹⁸'
688 650 976 715 rentillus
1006 650 1174 714 Arsa
1203 650 1493 713 tribunus
1533 648 1734 736 plebis
1763 671 1842 714 eo
1871 671 2040 713 anno
2069 648 2209 712 fuit.
2300 646 2384 724 Is,
2419 646 2800 712 consulibus
2825 671 2868 720 9

688 737 1071 812 absentibus,
1117 748 1289 799 ratus
1332 735 1544 799 locum
1591 735 1945 800 tribuniciis
1989 733 2343 799 actionibus
2377 733 2622 810 datum,
2669 753 2802 818 per

688 823 933 910 aliquot
960 823 1096 886 dies
1120 821 1385 885 Pati-um
1412 822 1774 908 superbiam
1797 821 1882 885 ad
1910 821 2164 908 plebem
2191 819 2580 894 criminatuS,
2607 840 2800 892 max-

688 908 815 972 ime
859 909 929 972 in
973 907 1299 972 consulare
1346 907 1703 994 imperium,
1737 919 2040 995 tanquam
2079 907 2370 983 nimium,
2401 927 2523 970 nec
2555 904 2800 968 tolera—

688 994 817 1059 bile
868 995 1100 1059 liberae
1154 993 1411 1070 civitati,
1463 993 1914 1058 invehebatur:
1961 991 1989 1031 '‘
2005 993 2264 1058 nomine
2309 993 2484 1056 enim
2529 1003 2800 1054 tantum

692 1089 713 1118 ‘
729 1081 939 1145 minus
982 1080 1385 1157 invidiosum,
1427 1101 1495 1144 re
1541 1080 1678 1166 ipsa
1715 1102 1914 1166 prope
1955 1081 2246 1156 atrocius„
2277 1101 2471 1165 quam
2511 1077 2796 1163 regium,

692 1175 713 1205 ‘
730 1190 881 1232 esse.
947 1167 1207 1254 Quippe
1237 1166 1399 1230 duos
1426 1188 1543 1254 pro
1571 1189 1702 1230 uno
1732 1166 1994 1231 domino
2015 1179 2327 1252 acceptoS,
2347 1163 2796 1238 immoderata,

690 1253 985 1318 ‘infinita
1024 1265 1369 1339 potestate:
1420 1253 1552 1338 qui,
1583 1253 1772 1316 soluti
1817 1265 2008 1352 atque
2051 1252 2340 1316 effrenati
2379 1251 2521 1337 ipsi,
2562 1271 2798 1313 omnes

696 1349 715 1378 ‘
734 1352 940 1404 metus
986 1341 1201 1426 legum
1249 1340 1589 1426 omniaque
1649 1337 1961 1424 supplicia
2003 1351 2323 1402 verterent
2379 1339 2446 1402 in
2505 1335 2788 1423 plebem.

694 1435 715 1464 ‘
738 1427 922 1500 Quae
968 1449 1050 1490 ne
1096 1437 1354 1489 aeterna
1395 1425 1520 1489 illis
1559 1425 1817 1489 licentia
1853 1425 1954 1501 sit,
1987 1424 2192 1511 legem
2237 1447 2303 1489 se
2347 1421 2796 1512 promulgatu-

695 1521 714 1550 ‘
730 1535 893 1589 rum,
932 1525 1005 1575 ut
1040 1512 1444 1598 quinqueviri
1488 1523 1782 1575 creentur
1827 1510 2072 1597 legibus
2115 1511 2197 1575 de
2243 1511 2510 1596 imperio
2555 1499 2852 1595 consu-2

696 1606 715 1635 ‘
730 1597 846 1661 lari
878 1597 1240 1661 scribendis·
1340 1597 1534 1670 Quod
1564 1597 1837 1683 populus
1873 1598 1940 1660 in
1981 1619 2047 1660 se
2091 1597 2189 1661 ius
2217 1597 2489 1671 dederit,
2521 1617 2602 1658 eo
2631 1615 2792 1656 con-

694 1683 935 1746 ‘sulem
978 1705 1275 1746 usurum:
1328 1705 1459 1746 non
1512 1684 1534 1745 i
1581 1705 1681 1746 sos
1732 1682 2064 1747 libidinem
2115 1705 2189 1746 ae
2235 1681 2561 1747 licentiam
2603 1701 2793 1744 suam

696 1777 715 1806 ‘
730 1791 847 1854 pro
888 1770 1027 1854 lege
1064 1768 1428 1832 habituros?
1521 1706 1669 1843 gua
1710 1769 2112 1856 promulgata
2153 1769 2314 1855 lege,
2354 1789 2556 1855 quum
2599 1767 2795 1830 time-

693 1867 839 1919 rent
868 1854 1107 1931 Patres,
1150 1877 1253 1930 ne,
1296 1855 1660 1919 absentibus
1703 1855 2084 1932 consulibus,
2132 1857 2356 1942 iugum
2399 1854 2792 1940 acciperent,

690 1954 948 2005 senatus
977 1964 1016 2004 a
1041 1939 1359 2027 praefecto
1390 1940 1562 2004 urbis
1599 1940 1680 2014 Q.
1715 1941 1912 2006 Fabio
1941 1956 2239 2006 vocatur:
2285 1941 2400 2028 qui
2429 1941 2592 2004 adeo
2620 1951 2796 2004 atro·

692 2027 853 2091 citer
880 2028 949 2089 in
979 2026 1369 2113 rogationem
1400 2025 1794 2112 latoremque
1817 2027 2025 2114 ipsum
2049 2041 2146 2092 est
2167 2029 2474 2104 invectuS,
2499 2039 2574 2091 ut
2601 2025 2791 2103 nihil,

692 2113 747 2176 si
792 2114 978 2177 ambo
1014 2111 1303 2176 consules
1344 2113 1558 2177 infesti
1588 2113 2071 2178 circumstarent
2113 2115 2461 2190 tribunum,
2491 2112 2793 2176 relictum

692 2201 1007 2263 minarum
1054 2213 1246 2284 atque
1291 2200 1545 2263 terroris
1589 2200 1702 2263 sit:
1756 2199 2162 2264 ‘insidiatum
2199 2223 2367 2277 eum,
2399 2213 2463 2265 et
2499 2211 2794 2285 tempore

696 2293 717 2322 ‘
732 2298 918 2372 capto
940 2284 1233 2348 adortum
1262 2284 1735 2371 rempublicam.
1819 2285 1888 2349 Si
1911 2309 2102 2372 quem
2127 2287 2396 2352 similem
2421 2287 2557 2350 eius
2577 2285 2794 2372 priore

696 2379 717 2410 ‘
732 2395 921 2449 ann0,
954 2372 1121 2436 inter
1163 2372 1453 2434 morbum
1494 2371 1881 2458 bellumque,
1919 2372 2065 2437 irati
2093 2373 2186 2436 dii
2223 2375 2546 2437 tribunum
2577 2371 2798 2434 dedis-

696 2467 715 2497 ‘
733 2474 892 2536 sent,
936 2481 1068 2522 non
1110 2459 1389 2545 potuisse
1430 2457 1583 2522 sisti.
1677 2457 1953 2523 Mortuis
1992 2458 2240 2524 duobus
2282 2458 2666 2533 consulibua,
2699 2458 2797 2520 ia-

696 2554 717 2583 ‘
732 2559 915 2609 cente
955 2567 1144 2631 aegra
1176 2545 1429 2609 civitate
1460 2544 1531 2607 in
1561 2544 1915 2608 colluvione
1961 2546 2248 2609 omnium
2291 2567 2523 2620 rerum,
2555 2543 2638 2608 ad
2671 2543 2797 2608 tol-

697 2631 993 2696 ‘lendum
1027 2654 1062 2694 e
1095 2630 1418 2716 republica
1445 2630 1772 2695 consulare
1813 2632 2153 2717 imperium
2182 2632 2460 2696 laturum
2488 2630 2664 2717 leges
2692 2629 2797 2692 fu-

697 2727 717 2756 ‘
733 2719 889 2792 isse3
938 2716 1168 2780 ducem
1207 2715 1449 2780 Volscis
1479 2716 1856 2818 Aequisque
1901 2716 1984 2781 ad
2027 2717 2520 2806 oppugnandam
2564 2717 2794 2780 urbem

696 2813 716 2842 ‘
732 2803 1036 2866 futurum.
1136 2801 1317 2874 Quid
1348 2801 1652 2866 tandem?
1697 2802 1790 2866 ilh
1818 2826 1951 2868 non
1985 2805 2196 2881 licere,
2229 2805 2281 2868 si
2311 2803 2472 2890 quid
2495 2801 2796 2868 consules

698 2898 718 2927 ‘
735 2887 1003 2973 superbe
1046 2887 1115 2949 in
1162 2886 1441 2972 aliquem
1486 2888 1722 2952 civium
1767 2903 1878 2954 aut
1921 2890 2264 2955 crudeliter
2297 2890 2585 2966 fecerint,
2617 2887 2795 2952 diem

698 2982 719 3011 ‘
736 2972 994 3036 dicere?
1039 2994 1330 3036 accusare
1376 2972 1473 3036 his
1520 2972 1538 3036 i
1619 2975 1670 3038 is
1714 2975 2049 3053 iudicibus,
2089 2999 2360 3063 quorum
2405 2977 2476 3039 in
2511 2975 2792 3061 aliquem

699 3059 1043 3122 ‘saevitum
1074 3057 1199 3122 sit’?
1290 3057 1358 3122 N
1360 3082 1443 3124 on
1488 2995 1648 3123 iliiisd
1692 3063 2018 3127 consulare
2063 3063 2420 3149 imperium,
2447 3061 2561 3126 sed
2591 3061 2842 3125 tribu-3

700 3155 719 3184 ‘
738 3145 969 3209 niciam
998 3157 1373 3231 potestatem
1404 3146 1668 3210 invisam
1701 3149 2290 3236 intolerandamque
2312 3149 2556 3213 facere:
2597 3169 2795 3233 quam

699 3242 719 3270 ‘
736 3232 1046 3320 placatam
1086 3232 1683 3321 reconciliatamque
1714 3235 2008 3300 Patribus
2038 3236 2120 3300 de
2152 3237 2400 3322 integro
2429 3236 2500 3299 in
2527 3233 2798 3319 antiqua

762 3461 792 3508 8
830 3461 1143 3520 Terentillus]
1186 3463 1477 3511 Terentilius
1509 3467 1596 3510 aut
1628 3467 1712 3512 Te-
1777 3479 1824 3511 x.
1855 3478 1898 3524 3.
1934 3479 2140 3524 quorum
2177 3479 2287 3525 pars
2319 3479 2380 3512 ex
2415 3463 2649 3525 patriciis,
2682 3479 2796 3526 pars

696 3526 942 3574 rentillim
981 3524 1029 3572 in
1066 3525 1210 3573 codd.
1251 3525 1449 3586 optimis
1487 3527 1710 3576 occurrit.
1777 3543 1838 3574 ex
1884 3527 2070 3588 plebeis
2115 3529 2323 3575 creanda
2357 3535 2476 3586 erat,
2507 3527 2544 3575 si
2585 3528 2634 3576 N
2639 3529 2792 3576 iebhr.

699 3591 1006 3648 Ter-antistite,
1028 3595 1085 3636 ut
1107 3589 1427 3648 Quinctilius,
1448 3591 1709 3651 Publilius,
1773 3590 1823 3640 ii.
1848 3607 1896 3653 p.
1921 3592 2015 3650 284
2037 3591 2307 3640 audiamus.

694 3654 950 3714 legendem
990 3659 1153 3701 censet
1194 3653 1398 3701 Niebhr.
1431 3654 1480 3702 ii.
1515 3671 1564 3702 n.
1598 3654 1708 3715 634.
1849 3670 1875 3703 2
1917 3657 2128 3716 Leyibm
2169 3657 2228 3703 de
2271 3658 2472 3717 imperio
2515 3657 2789 3716 camalet-i]

696 3717 780 3777 qui
808 3719 1122 3765 Terentillam
1149 3717 1347 3764 omnino
1380 3720 1710 3778 respuendum
1777 3720 1872 3780 Ap.
1899 3719 2140 3767 Zonaram
2166 3719 2245 3766 vii.
2271 3721 2350 3778 28,
2373 3719 2456 3779 qui
2481 3719 2698 3767 Dionem
2723 3735 2792 3767 sen

695 3781 850 3838 ducit,
886 3787 941 3827 ut
976 3795 1153 3827 nomen
1186 3781 1342 3827 forma
1374 3780 1576 3828 minime
1611 3783 1710 3829 Ro-
1775 3783 1957 3842 quitur,
1979 3782 2070 3838 τὴν
2089 3781 2333 3830 πολιτείαν
2359 3779 2574 3844 loos-{pos
2599 3781 2794 3838 ποιήσα-

692 3859 858 3902 mana,
884 3845 1071 3905 quippe
1100 3846 1299 3892 nomina
1331 3843 1582 3905 gentilicia
1611 3847 1710 3892 Ro·
1777 3849 1899 3904 σθαι,
1921 3861 1999 3907 ap.
2027 3845 2175 3895 Dion.
2199 3863 2247 3894 x.
2274 3859 2349 3908 50.
2381 3845 2491 3893 τοὺς
2513 3844 2680 3904 νόμους
2701 3865 2793 3894 κοι-

693 3923 841 3955 mana
880 3908 930 3955 in
964 3911 1045 3956 ius
1078 3923 1270 3969 semper
1308 3909 1709 3957 terminabantur.
1777 3907 1880 3958 νοὸς
1911 3912 2160 3970 γραφῆναι,
2182 3910 2301 3971 legis
2313 3907 2622 3958 'Terentiliae
2643 3911 2792 3959 finem

696 3972 755 4019 cf.
780 3973 942 4033 Hugo.
960 3972 1140 4020 Gesch.
1157 3973 1255 4020 des.
1276 3973 1423 4020 Rom.
1450 3973 1651 4021 Rechts.
1675 3973 1706 4021 i.
1772 3973 1920 4022 fuisse
1959 3975 2178 4034 legimus.
2259 3974 2465 4022 Niebhr.
2507 3981 2672 4022 censet
2711 3974 2792 4022 tri—

694 4035 723 4092 ἕ
749 4050 824 4096 34.
896 4038 1149 4086 Terentius
1170 4051 1250 4097 ap.
1277 4036 1425 4084 Dion.
1450 4051 1498 4085 x.
1531 4052 1568 4085 1.
1595 4038 1708 4099 legi-
1775 4037 1954 4099 plicem
1994 4038 2142 4085 fuisse
2187 4038 2354 4097 finem,
2391 4043 2441 4086 et
2479 4037 2794 4099 script-oribus

694 4104 789 4147 tur.
1776 4101 1886 4148 aliis
1905 4100 2058 4148 alium
2081 4102 2236 4162 magis
2257 4101 2512 4163 placuisse.
2535 4101 2584 4150 ii.
2609 4117 2658 4164 p.
2683 4103 2792 4163 278.

766 4179 797 4226 9
830 4167 988 4223 Arsa]
1035 4167 1207 4211 Harsa
1243 4164 1505 4223 legendum
1539 4165 1712 4212 suadet
1843 4179 1870 4224 3
1903 4167 2062 4224 Ill-nd]
2113 4157 2362 4213 Nimirum
2397 4167 2530 4227 quod
2565 4167 2796 4213 tribunus

696 4226 905 4274 Niebhr.
925 4227 976 4274 ii.
1002 4244 1048 4275 n.
1072 4225 1182 4287 634.
1773 4229 2017 4276 moliatur.
2044 4228 2210 4277 Dosa.
2261 4231 2410 4278 Illum
2431 4229 2481 4278 in
2502 4234 2698 4278 textum
2721 4246 2790 4278 re-

767 4303 787 4340 ι
814 4292 1164 4351 Quinqueviri]
1190 4290 1465 4338 Decemviri
1483 4295 1539 4338 ut
1557 4289 1707 4339 Dion.
1773 4291 1939 4353 posuit
1963 4291 2174 4340 Bekker.
