3000 4784
715 231 795 293 22
1469 221 1694 288 ΤΙΤΙ
1753 221 2021 288 LIVII

715 360 1190 447 multiplicatam
1219 361 1605 438 servitutem,
1636 373 1893 426 centum
1922 383 2037 448 pro
2071 383 2201 426 uno
2230 361 2519 426 dominos
2556 361 2791 428 factos:

714 469 834 511 nec
891 446 1056 511 ultra
1111 448 1232 512 nisi
1289 470 1525 535 regem,
1585 461 1651 512 et
1708 451 1791 514 ab
1848 449 1999 534 ipsis
2056 462 2355 526 creatum,
2414 448 2798 514 videbantur

713 533 970 621 passuri.
1065 533 1286 610 Quum
1329 535 1666 600 sensissent
1710 558 1788 599 ea
1828 535 2067 600 moveri
2114 535 2353 612 Patres,
2400 535 2798 600 offerendum

716 620 882 685 ultro
919 622 1058 699 rati,
1089 621 1262 708 quod
1301 622 1585 686 amissuri
1625 635 1823 698 erant,
1854 623 1945 686 ita
2088 623 2237 686 tiam
2273 623 2515 699 ineunt,
2548 645 2799 686 summa

716 720 1024 794 potestate
1063 731 1146 794 po
1193 708 1298 773 ulo
1326 709 1644 795 permissa,
1676 720 1750 772 ut
1782 731 1913 772 non
1951 645 2093 795 pff}
2136 708 2361 774 darent
2396 709 2567 785 iuris,
2599 731 2797 795 quam

715 794 1076 862 retinerent.
1233 807 1605 860 ecreverunt
1649 800 1839 872 enim,
1881 808 1970 873 ut,
2020 817 2219 882 quum
2262 795 2533 883 populus
2578 817 2795 882 regem
2816 813 2847 864 7

716 880 1010 958 iussisset,
1063 881 1132 944 id
1182 883 1271 946 sic
1323 895 1527 947 ratum
1582 895 1762 958 esset,
1816 881 1871 945 si
1922 882 2143 947 Patres
2192 897 2475 947 auctores
2524 882 2755 946 fierent
2776 907 2791 945 ε
2814 899 2847 946 8

716 967 1034 1067 hodieque
1079 969 1150 1031 in
1193 968 1440 1056 legibus
1491 968 2075 1056 magistratibusque
2126 968 2418 1056 rogandis
2460 981 2799 1068 usurpatur

718 1053 888 1118 idem
917 1077 1034 1131 lus,
1057 1054 1120 1118 vi
1142 1054 1451 1142 adempta.
1529 1055 1903 1142 Priusquam
1926 1054 2195 1206 populus
2216 1055 2579 1142 suffragium
2600 1069 2795 1132 meat,

719 1139 789 1208 in
838 1141 1148 1206 incertum
1205 1143 1603 1207 comitiorum
1652 1153 1951 1206 eventum
2066 1155 2231 1206 atres
2274 1154 2559 1206 auctores
2608 1141 2791 1206 fiunt.

722 1226 892 1290 Tum
919 1227 1216 1306 interrex,
1241 1229 1542 1294 concione
1572 1229 1903 1294 advocata:
1951 1237 1971 1267 ‘
1985 1228 2181 1305 Quod
2207 1231 2467 1306 bonum,
2496 1228 2793 1306 faustum,

722 1321 742 1350 ‘
757 1313 1032 1402 felixque
1067 1315 1186 1391 sit,’
1213 1315 1440 1402 inquit,
1479 1325 1498 1354 ⁶
1522 1315 1823 1392 Quirites,
1854 1337 2069 1402 regem
2098 1325 2339 1391 create3
2383 1316 2475 1380 ita
2504 1314 2797 1380 Patribus

723 1408 742 1438 ‘
757 1401 961 1468 visum
1003 1415 1115 1466 est.
1205 1401 1423 1467 Patres
1469 1402 1725 1478 deinde,
1768 1402 1823 1467 si
1864 1401 2150 1489 dignum,
2240 1402 2307 1465 ui
2352 1400 2668 1466 secundus
2710 1405 2796 1468 ab

723 1496 743 1524 ‘
763 1486 1038 1552 Romulo
1083 1502 1468 1566 numeretur,
1522 1489 1819 1566 crearitis,
1871 1505 2155 1553 auctores
2250 1488 2399 1553 ent.'
2484 1487 2674 1552 Adeo
2724 1487 2797 1551 id

720 1587 968 1659 gratum
988 1574 1159 1660 plebi
1185 1575 1324 1652 fuit,
1355 1588 1445 1652 ut,
1477 1599 1561 1640 ne
1589 1575 1739 1639 victi
1766 1575 2080 1640 beneficio
2100 1575 2482 1651 viderentur,
2506 1574 2575 1638 id
2603 1574 2796 1638 modo

720 1659 1055 1724 sciscerent
1095 1661 1530 1748 iuberentque,
1576 1675 1649 1726 ut
1688 1675 1943 1727 senatus
1984 1662 2367 1739 decerneret,
2404 1661 2517 1748 qui
2548 1660 2795 1725 Romae

722 1767 755 1808 r
877 1759 1025 1812 aret.

507 1835 602 1896 18.
887 1833 1057 1897 eluta
1099 1833 1336 1898 iustitia
1379 1834 1492 1898 reli
1542 1835 1727 1922 'oque
1775 1859 1851 1900 ea
1894 1847 2267 1921 tempestate
2308 1834 2561 1899 Numae
2602 1833 2799 1898 Pom·-

399 1917 608 2030 ἓξὲξ
721 1919 857 2006 pilii
905 1933 1053 1984 erat.
1147 1919 1422 1985 Curibus
1516 1923 1717 1986 abinis
1758 1922 2098 1998 habitabat,
2144 1921 2635 1989 consultissimus
2676 1919 2795 1997 vir,

719 2018 794 2069 ut
851 2005 921 2069 in
980 2005 1090 2070 illa
1148 2007 1480 2094 quisquam
1544 2021 1746 2072 aetate
1808 2031 1940 2072 esse
2001 2021 2263 2094 poterat,
2332 2008 2534 2072 omnis
2594 2006 2799 2070 divini

719 2104 908 2178 atque
951 2092 1212 2162 humani
1253 2093 1421 2156 iuris.
1512 2095 1865 2158 Auctorem
1906 2094 2229 2159 doctrinae
2272 2095 2427 2172 eiuS,
2471 2093 2622 2180 quia
2662 2115 2801 2158 non

717 2191 922 2243 exstat
993 2179 1168 2256 alius,
1229 2179 1384 2243 falso
1451 2179 1733 2244 Samium
1795 2180 2201 2268 Pythagoran
2264 2181 2503 2246 edunt:
2578 2201 2795 2266 quem,
2816 2209 2851 2256 9

784 2326 810 2376 7
833 2315 954 2362 Cum
971 2315 1206 2390 populus]
1243 2313 1604 2376 “Quamquam
1639 2331 1721 2377 po-

717 2379 863 2440 pulus
883 2385 1077 2426 curiatis
1099 2393 1211 2426 eum
1242 2378 1446 2426 comitiis
1467 2394 1628 2442 regem
1652 2395 1722 2428 es-

717 2459 770 2492 se
789 2443 1008 2502 iusserat,
1027 2449 1194 2492 tamen
1223 2443 1328 2506 ipse
1359 2443 1421 2491 de
1453 2459 1541 2492 suo
1570 2443 1721 2506 impe-

717 2506 787 2554 rio
825 2506 1060 2556 curiatam
1097 2507 1254 2570 legem
1293 2507 1419 2556 tulit.
1432 2510 1463 2533 ”
1517 2509 1618 2557 Cic.
1658 2509 1721 2556 de

717 2571 845 2634 Rep.
855 2571 901 2619 ii.
919 2587 937 2620 1
947 2586 988 2634 3.
1025 2571 1104 2620 De
1119 2573 1226 2634 lege
1242 2571 1426 2620 curiata
1440 2573 1503 2620 de
1518 2572 1722 2635 imperio

718 2636 777 2684 cf.
804 2637 1005 2686 Niebhr.
1027 2634 1059 2684 i.
1082 2651 1129 2698 p.
1155 2651 1261 2698 331.

789 2701 820 2749 8
859 2703 926 2750 ld
965 2703 1034 2750 sio
1073 2709 1237 2748 ratum
1277 2707 1413 2758 esset,
1455 2702 1499 2748 si
1545 2704 1723 2750 Patres

717 2772 934 2814 auctores
941 2766 1150 2826 fierent]
1186 2765 1247 2812 Id
1266 2767 1537 2826 probarent.
1554 2766 1724 2812 Patres

719 2843 780 2875 ex
817 2829 1016 2888 antiquo
1055 2827 1354 2886 obtinebant,
1388 2829 1517 2888 quod
1554 2843 1585 2875 a
1623 2829 1722 2880 Ro-

1786 2315 1921 2374 leria,
1946 2315 2161 2364 Publilia
2182 2323 2232 2364 et
2256 2315 2535 2376 Hortensia,
2557 2321 2613 2363 ut
2643 2316 2799 2378 plebi-

1786 2380 1908 2427 scita
1951 2395 2119 2428 omnes
2160 2381 2377 2436 Quirites
2410 2385 2649 2438 tenerent,
2688 2381 2799 2431 Liv.

1784 2443 1852 2492 iii.
1874 2456 1947 2506 55.
1968 2443 2063 2492 viii.
2086 2460 2157 2492 12.
2182 2445 2315 2507 Epit.
2340 2444 2445 2494 Liv.
2467 2445 2533 2492 xi.
2562 2444 2694 2493 Gen.
2712 2461 2799 2494 xv.

1787 2521 1887 2569 27.;
1912 2523 2054 2570 porro
2076 2509 2225 2568 soto,
2242 2511 2372 2570 quod
2394 2515 2503 2571 post
2522 2507 2802 2559 tribunitius

1783 2573 2054 2634 rogationes
2081 2573 2143 2620 de
2172 2575 2317 2620 modo
2348 2587 2585 2636 agrorum,
2605 2572 2668 2621 de
2696 2573 2801 2621 foe·

1784 2652 1915 2695 nere,
1936 2638 1999 2686 de
2028 2637 2181 2686 altero
2212 2637 2463 2689 consulatu
2488 2643 2715 2698 acceptas
2748 2645 2803 2686 et

1786 2701 1955 2764 longas
1980 2701 2239 2750 seditiones
2270 2707 2465 2750 senatus
2496 2707 2692 2750 coactus
2724 2709 2800 2750 est

1786 2766 1961 2824 facere,
1998 2771 2053 2813 ut
2098 2766 2267 2813 Patres
2311 2771 2529 2813 auctores
2570 2765 2801 2814 omnibus

1787 2829 1901 2876 anni
1924 2829 2128 2878 comitiis
2156 2829 2340 2886 flerent,
2364 2829 2468 2877 Liv.
2494 2828 2552 2876 vi.
2575 2843 2678 2888 42.;
2711 2845 2799 2891 po-

718 2893 853 2938 mulo
885 2897 1189 2952 acceperant,
1221 2892 1292 2938 uti
1325 2891 1551 2950 comitiis,
1580 2907 1722 2952 quae-

719 2971 816 3014 que
851 2955 953 3003 illic
989 2961 1260 3015 agerentur,
1297 2961 1517 3006 auctores
1550 2961 1723 3004 essent.

721 3019 843 3066 Eius
871 3017 986 3066 iuris
1014 3017 1134 3065 haec
1157 3017 1226 3064 vis
1248 3026 1366 3077 erat,
1386 3023 1458 3076 ut,
1479 3019 1609 3080 quod
1631 3019 1724 3068 ius-

719 3082 854 3130 sisset
873 3081 1101 3144 populus,
1121 3081 1201 3130 lex
1221 3089 1488 3143 ‘ratumque
1521 3089 1661 3142 esset,
1682 3083 1722 3131 si

721 3148 892 3196 Patres
923 3147 1286 3208 approbassent,
1318 3143 1401 3209 (ἄν
1421 3146 1496 3194 καὶ
1524 3149 1587 3209 τῇ
1614 3149 1721 3202 βου-

719 3212 784 3272 λῇ
799 3211 950 3258 ταῦτα
969 3211 1082 3272 δοκῇ
1097 3209 1352 3274 Dionys.);
1377 3210 1415 3260 si
1433 3227 1545 3260 vero
1560 3219 1723 3260 aucto-

719 3274 910 3324 ritatem
953 3289 1090 3322 suam
1131 3275 1390 3337 adiungere
1433 3281 1725 3335 recusarent,

718 3340 782 3386 ad
801 3339 986 3386 irritum
1007 3339 1253 3387 recideret.
1321 3339 1461 3388 Haec
1479 3340 1621 3388 toties
1640 3355 1724 3388 au·-

719 3402 864 3464 tiquis
901 3409 1277 3451 commemorata
1312 3405 1523 3452 Senam
1554 3419 1591 3453 s.
1624 3406 1724 3452 Ρα-

719 3475 848 3516 trnm
883 3470 1143 3516 auctoritas
1179 3467 1434 3529 paullatim
1467 3467 1727 3516 imminuta

719 3538 792 3578 est
814 3551 826 3588 ς
863 3531 1070 3592 primum
1097 3530 1318 3589 comitiis,
1339 3531 1513 3593 quibus
1534 3531 1727 3581 Servius

719 3595 930 3654 Tullius,
977 3593 1210 3658 suffragiis
1257 3595 1412 3658 plebis
1453 3601 1727 3655 contentus,

718 3657 898 3720 xum
927 3661 990 3720 τῇ
1021 3662 1174 3722 βουλῇ
1204 3657 1399 3721 φράσω,
1423 3657 1455 3717 ἡ
1487 3661 1572 3708 οὐκ
1598 3657 1725 3719 neu»

719 3739 805 3772 σεν
827 3724 1098 3785 ἐπικυρῶσαι
1126 3723 1190 3771 τὰ
1219 3725 1305 3772 τοῦ
1329 3724 1578 3782 δημοτικοῦ
1607 3723 1725 3781 vaf,-

721 3791 841 3845 θους,
863 3787 1016 3849 ὥσπερ
1043 3787 1163 3850 αὐτῇ
1189 3789 1335 3836 ποιεῖν
1360 3787 1459 3836 ἔθος
1485 3785 1563 3847 ἣν,
1592 3786 1723 3836 κατέ-

721 3867 818 3911 σχε
860 3851 950 3907 τὴν
1001 3851 1170 3912 ἀρχὴν,
1213 3858 1267 3899 ut
1315 3852 1477 3900 scribit
1522 3853 1723 3916 Dionys.

717 3914 812 3974 iv.;
845 3915 1020 3964 deinde
1051 3915 1240 3964 tributis
1271 3915 1476 3964 comitiis
1512 3917 1726 3966 Publilia

717 3995 776 4028 ac
801 3979 1022 4027 Laetoria
1048 3981 1154 4042 lege
1181 3979 1404 4038 inductis,
1426 3987 1476 4028 et
1498 3980 1724 4030 Patribus

719 4061 780 4092 ex
815 4043 1019 4092 concilio
1052 4044 1206 4105 plebis
1237 4043 1505 4102 submotis3
1543 4059 1603 4092 ex
1628 4059 1724 4106 quo

721 4107 896 4172 plebeii
945 4107 1246 4168 magistratus
1288 4107 1492 4156 comitiis
1534 4107 1725 4158 tributis

719 4173 866 4222 creati
887 4178 1016 4230 sunt,
1038 4177 1088 4220 et
1112 4172 1282 4220 Patres
1313 4187 1410 4220 non
1443 4172 1539 4220 uisi
1558 4179 1721 4220 aucto-

718 4253 793 4286 res
813 4236 1186 4286 centuriatorum
1203 4241 1254 4284 et
1267 4235 1557 4285 curiatorum
1577 4237 1721 4285 comi-

719 4302 892 4350 tiorum
915 4303 1065 4359 fuere,
1083 4299 1186 4348 Liv.
1204 4299 1252 4347 ii.
1271 4299 1331 4360 56
1347 4315 1416 4362 sq.
1439 4306 1494 4350 et
1512 4299 1615 4349 Cic.
1636 4315 1721 4362 pro

721 4365 866 4414 Dom.
899 4381 997 4425 14.;
1031 4371 1134 4413 tum
1164 4364 1349 4426 legibus
1383 4363 1589 4413 Horatia
1624 4365 1721 4412 Va-

522 4599 963 4670 fx-

1788 2899 1965 2940 stremo
1996 2893 2182 2955 legibus
2208 2909 2241 2940 a
2262 2893 2477 2942 Publilio
2500 2892 2630 2941 Dict.
2658 2893 2725 2943 U.
2736 2895 2797 2943 C.

1789 2955 1895 3016 416.
1919 2963 1969 3004 et
1990 2973 2021 3006 a
2039 2957 2237 3006 Maenio
2252 2959 2359 3004 trib.
2378 2958 2447 3027 pl.
2470 2957 2535 3006 U.
2546 2959 2605 3008 C.
2614 2956 2709 3018 467
2726 2959 2799 3006 la-

1790 3018 1867 3078 tis,
1888 3027 1943 3069 ut
1964 3022 2145 3083 legum,
2167 3035 2291 3084 quae
2320 3019 2526 3070 comitiis
2558 3023 2799 3070 centuria-

1786 3083 1848 3130 tis
1880 3085 2130 3144 ferrentur,
2162 3091 2275 3133 ante
2306 3085 2483 3134 initum
2516 3085 2799 3148 suffragium

1786 3149 1957 3196 Patres
1988 3155 2205 3198 auctores
2236 3150 2424 3208 fierent,
2458 3149 2564 3198 Liv.
2596 3149 2692 3198 viii.
2721 3165 2799 3201 η.

1788 3217 1839 3260 et
1851 3213 1954 3261 Cic.
1976 3213 2111 3262 Brut.
2135 3229 2204 3274 14.
2240 3214 2368 3265 Rur.
2426 3215 2523 3262 Sed
2544 3215 2607 3262 de
2626 3213 2721 3262 hac
2744 3229 2799 3263 re

1788 3277 1929 3338 longe
1950 3277 2092 3324 aliter
2112 3277 2332 3328 disseruit
2355 3278 2557 3326 Niebhr.
2576 3278 2659 3340 qui
2680 3295 2795 3328 aa&

1788 3343 2023 3389 toritatem
2060 3349 2261 3402 potrum
2302 3341 2431 3390 idem
2476 3341 2699 3400 voluisse,
2736 3359 2799 3392 ae

1789 3407 1935 3464 legem
1960 3407 2195 3454 curiatam
2226 3407 2285 3454 de
2315 3407 2530 3468 ἕωμεν-ἑο,
2552 3411 2602 3454 et
2624 3421 2797 3456 vocem

1783 3476 1950 3529 patres
1968 3483 2065 3516 non
2088 3475 2326 3526 senatum,
2346 3471 2431 3518 sed
2462 3470 2692 3532 patricios
2711 3487 2799 3520 cu·

1788 3531 1947 3580 riatim
1965 3538 2265 3592 convocatos,
2281 3533 2330 3581 in
2349 3533 2480 3582 libris
2496 3534 2706 3596 antiquis
2722 3535 2795 3583 in-

1789 3597 2003 3658 telligere
2017 3603 2191 3644 censet.
2206 3613 2351 3658 quem
2366 3597 2520 3646 cfiim.
2533 3600 2562 3646 8
2656 3597 2799 3662 1363.

1860 3675 1891 3724 9
1922 3663 2137 3709 Samium
2176 3663 2519 3724 Pythaqomn]
2565 3613 2689 3712 Ἔα.
2730 3663 2799 3712 de

1792 3724 1919 3785 Rep.
1942 3722 1990 3772 ii.
2014 3737 2087 3786 15,
2112 3725 2371 3786 Polybium
2392 3735 2602 3784 secutus,
2628 3729 2661 3752 ‘⁶
2676 3727 2795 3775 Fal-

1788 3803 1895 3836 sum
1933 3795 2007 3836 est
2039 3788 2090 3836 id
2126 3794 2301 3848 totum,
2325 3805 2483 3851 neque
2514 3792 2673 3838 solum
2704 3792 2795 3840 fal-

1788 3867 1913 3910 sum,
1942 3853 2025 3900 sed
2058 3853 2203 3900 etiam
2237 3854 2459 3916 imperite
2490 3855 2797 3916 absurdeque

1786 3917 2013 3964 fi’etum.''
2076 3917 2267 3966 Fabula
2289 3919 2410 3967 haec
2427 3918 2477 3967 in
2499 3919 2643 3968 Tusc.
2668 3919 2737 3974 Q..
2760 3920 2795 3968 i.

1794 3979 1863 4032 16.
1876 3980 1939 4028 iv.
1955 3995 1994 4028 1.
2010 3983 2070 4029 de
2084 3982 2219 4032 Orat.
2228 3982 2275 4030 ii.
2290 3995 2362 4044 37.
2378 3983 2629 4042 refutatur,
2644 3989 2797 4046 atque

1786 4060 1865 4107 ap.
1885 4044 2089 4106 Dionys.
2112 4045 2159 4092 ii.
2186 4059 2261 4110 59.
2326 4047 2377 4096 Si
2397 4061 2508 4095 vero
2528 4048 2651 4096 ratio
2666 4053 2795 4098 tem·

1786 4123 1975 4221 {223⁹
1989 4111 2283 4222 Ἧιῗὲῖρὲἒ
2300 4111 2796 4238 ’Ϋζξθὲξῗεῗίῗ-ῗηῗζ

1786 4243 2013 4295 servetur,
2051 4237 2151 4286 fieri
2195 4238 2354 4300 potuit
2390 4247 2445 4288 ut
2492 4239 2799 4302 Pythagoras

1788 4301 1983 4350 Numae
2002 4301 2218 4363 aequalis
2238 4309 2376 4352 esset.
2426 4303 2502 4352 cf.
2529 4303 2577 4352 Ν
2582 4303 2734 4353 iebhr.
2760 4305 2793 4354 i.

1788 4379 1833 4425 p.
1858 4377 1965 4426 235.
