3000 4784
804 240 1002 307 LIB.
1050 240 1169 307 VI.
1228 242 1451 309 CAP.
1505 249 1604 309 13.

144 382 527 447 suffecerint
551 382 799 448 milites.
894 384 1092 459 Quod
1120 407 1321 473 quum
1351 386 1431 451 ab
1460 385 1740 473 antiquis
1767 386 2032 451 tacitum
2075 409 2260 474 prae-
2279 402 2346 454 U.
2370 404 2430 454 c.
2457 414 2568 468 370·

144 470 644 570 termissumque
672 470 789 547 sit3
832 472 1015 536 euius
1042 471 1304 537 tandem
1326 494 1447 559 ego
1466 472 1562 537 rei
1587 485 1840 559 praeter
1866 474 2256 561 opinionem,
2275 470 2338 519 A.
2373 468 2433 519 C·
2458 471 2568 531 381-

2132 248 2256 311 361

145 578 311 643 quae
340 578 466 621 sua
494 578 729 657 cuique
758 558 1139 623 coniectanti
1162 566 1297 623 e'sse
1327 572 1556 646 potest,
1577 572 1797 624 auctor
1815 560 1981 624 sim?
2036 559 2256 625 Simile

142 644 275 708 veri
307 656 429 721 est,
464 657 579 707 aut
622 644 967 708 intervallis
1002 644 1333 721 bellorum,
1370 647 1536 710 sicut
1578 668 1751 710 nunc
1795 646 1866 709 in
1909 645 2262 712 delectibus

142 730 219 792 fit
252 729 595 807 Romanis,
632 730 755 794 alia
796 742 989 817 atque
1034 730 1158 796 alia
1198 731 1417 819 subole
1459 732 1784 797 iuniorum
1827 733 1910 797 ad
1951 733 2121 798 bella
2161 734 2262 797 iu-

144 816 501 881 stauranda
526 818 713 881 toties
742 838 887 881 usos
918 838 1087 881 esset
1136 830 1245 881 aut
1281 840 1411 882 nou
1457 840 1541 882 ex
1583 819 1809 884 iisdem
1854 840 2104 907 semper
2143 840 2262 907 po-

144 902 313 989 pulis
375 904 701 969 exercitus
758 904 1041 989 scriptos,
1090 926 1457 991 quanquam
1509 904 1736 969 eadem
1793 928 2045 993 semper
2101 928 2260 993 gens

146 988 389 1053 bellum
422 990 745 1055 intulerit:
797 1002 910 1055 aut
936 990 1462 1055 innumerabilem
1507 990 1985 1056 multitudinem
2027 992 2262 1057 libero-

104 1084 285 1139 6rum
330 1078 624 1163 capitum
670 1076 739 1139 in
781 1076 861 1139 iis
902 1076 1091 1141 fuisse
1134 1075 1309 1155 locis,
1340 1098 1506 1163 quae
1549 1099 1744 1154 nunc,
1775 1078 1883 1141 vix
1923 1078 2260 1143 seminario

144 1163 385 1261 egiguo
416 1163 699 1227 militum
732 1162 973 1239 relict0,
1004 1163 1259 1227 servitia
1290 1163 1586 1227 Romana
1627 1165 1708 1228 ab
1749 1164 2092 1229 solitudine
2121 1166 2262 1229 vin·-

144 1248 383 1313 dicant.
482 1248 721 1337 Ingens
764 1260 955 1327 certe,

1015 1249 1187 1335 quod
1234 1250 1404 1313 inter
1444 1270 1668 1314 omnes
1709 1263 1997 1315 auctores
2029 1272 2263 1316 eonve-

144 1334 295 1420 nit,)
325 1358 509 1423 quan
556 1358 701 1401 uam
732 1356 939 1423 nuper
970 1248 1229 1400 (gamini
1258 1334 1457 1401 ductu
1484 1348 1678 1421 atque
1709 1336 1992 1423 auspicio
2019 1337 2260 1401 accisae

144 1442 243 1485 res
274 1436 485 1501 erant,

584 1422 895 1487 olscorum
938 1422 1255 1487 exercitus
1291 1422 1447 1486 fuit:
1496 1421 1580 1486 ad
1618 1422 1742 1487 hoc
1771 1422 1990 1486 Latini
2022 1420 2262 1487 Herni-

106 1508 334 1657 ’Jciq‘ue
366 1522 787 1586 accesserant,
819 1520 887 1573 et
918 1508 1383 1573 Circeiensium
1410 1508 1696 1595 quidam,
1727 1522 1794 1574 et
1822 1508 2034 1574 coloni
2063 1510 2260 1573 etiam

146 1616 185 1655 a

276 1596 487 1661 elitris
518 1594 812 1660 Romani.
904 1594 1217 1673 Dictator,
1246 1595 1465 1659 castris
1492 1617 1574 1659 eo
1601 1594 1707 1661 die
1735 1596 1976 1683 positis,
2005 1607 2260 1683 postero
2275 1605 2548 1719 ‹1333on

146 1702 349 1765 quum
406 1706 515 1747 au.
570 1684 733 1747 icato
790 1681 1119 1769 prodisset,
1167 1682 1502 1769 hostiaque
1553 1703 1736 1747 caesa
1789 1704 2014 1769 pacem
2065 1682 2260 1747 deum

104 1775 133 1823 8
149 1767 494 1845 adorasset,
549 1782 729 1833 aetus
771 1768 853 1832 ad
896 1767 1145 1844 milites,
1171 1768 1295 1831 iam
1326 1790 1502 1833 arma
1543 1768 1626 1833 ad
1667 1770 2062 1857 propositum
2097 1791 2262 1856 pug-

148 1874 267 1918 nae
298 1856 581 1943 signum,
613 1855 779 1919 sicut
816 1853 1099 1919 edictum
1128 1866 1283 1932 erat,
1314 1854 1457 1919 luce
1496 1856 1702 1969 prima
1739 1856 2080 1943 capientes,
2157 1878 2262 1921 ro-

150 1942 373 2006 cessit:
430 1952 453 1981 ‘
475 1941 713 2005 Nostra
759 1940 1025 2005 victoria
1072 1954 1189 2017 est,
1242 1941 1496 2018 milites,
1562 1942 1792 2028 inquit,
1839 1950 1860 1981 ‘
1881 1942 1936 2005 si
1965 1878 2158 2028 quidp
2167 1940 2261 2006 dii

152 2034 173 2063 ‘
187 2040 497 2116 vatesque
528 2050 747 2092 eorum
784 2029 853 2091 in
880 2027 1165 2091 futurum
1194 2027 1433 2092 vident.
1526 2027 1774 2115 Itaque,
1807 2040 1880 2093 ut
1909 2026 2096 2093 decet
2124 2050 2262 2093 cer-

154 2120 291 2177 ‘tae
320 2117 465 2203 spei
538 2114 733 2191 lenos,
766 2128 831 2179 et
860 2136 1009 2178 cum
1044 2113 1389 2200 imparibus
1418 2135 1646 2178 manus
1673 2126 2091 2191 conserturos,
2113 2114 2262 2201 pilis

156 2206 339 2266 ‘ante
384 2138 587 2290 ped'es
619 2201 863 2303 positis,
908 2199 1133 2287 gladiis
1184 2212 1435 2263 tantum
1474 2198 1728 2263 dextras
1770 2222 2125 2263 armemust
2176 2222 2260 2264 ne

156 2292 176 2321 ‘
190 2290 482 2372 procurri
525 2288 787 2375 quldem
840 2287 920 2351 ab
970 2286 1105 2350 acie
1157 2285 1369 2363 velim,
1422 2285 1538 2349 sed
1587 2286 1840 2350 obnisos
1885 2306 1997 2349 vos
2050 2286 2272 2350 stabili·

160 2374 397 2457 ‘gradu
442 2375 531 2439 im
614 2388 752 2439 tum
794 2373 1075 2438 hostium
1119 2372 1431 2459 excipere.
1527 2372 1660 2437 Ubi
1695 2372 1790 2435 illi
1817 2394 1982 2437 vana
2022 2371 2264 2438 iniece-

158 2465 178 2493 ‘
194 2460 321 2525 rint
368 2398 647 2539 miaeffipa'
694 2475 762 2526 et
802 2460 985 2525 effusi
1036 2458 1345 2523 stantibus
1388 2460 1566 2523 vobis
1609 2482 1676 2523 se
1723 2458 2076 2535 intulerint,
2123 2473 2263 2523 tum

162 2546 437 2613 ‘micent
478 2546 695 2636 gladii,
728 2560 795 2612 et
832 2547 1047 2611 veniat
1080 2546 1151 2608 in
1195 2557 1477 2609 mentem
1521 2544 1889 2632 unicuique,
1919 2544 2074 2609 deos
2103 2567 2259 2623 esse,

159 2639 178 2667 ‘
196 2634 307 2718 qui
361 2635 731 2699 Romanum
782 2633 1125 2707 adiuvent3
1190 2629 1361 2707 deos,

1412 2630 1524 2717 qui
1575 2631 1871 2695 secundis
1922 2631 2141 2695 avibus
2191 2632 2261 2694 in

163 2722 509 2803 ‘proelium
540 2721 845 2785 miserint.
938 2719 1065 2795 Tu,
1098 2718 1178 2783 T.
1217 2717 1506 2795 Quincti,
1538 2718 1822 2804 equitem
1849 2718 2136 2782 intentus
2178 2717 2260 2781 ad

163 2812 181 2841 ‘
198 2806 473 2890 primum
517 2807 773 2871 initium
816 2806 973 2870 moti
1014 2804 1377 2869 certaminis
1406 2818 1657 2869 teneas:
1706 2805 1816 2869 ubi
1845 2803 2104 2869 haerere
2135 2804 2262 2868 iam

165 2898 183 2926 ‘
200 2893 399 2958 aciem
431 2894 660 2959 collato
688 2892 855 2994 pede
884 2891 1135 2992 videris,
1170 2905 1307 2956 tum
1348 2904 1652 2956 terrorem
1683 2904 2043 2979 equestrem
2072 2914 2262 2957 occu-

164 2981 359 3063 ‘patis
395 2979 519 3045 alio
548 3002 781 3067 pavore
825 2978 1027 3043 mfer:
1079 2992 1493 3066 mvectusque
1539 2978 1792 3044 ordines
1834 2979 2258 3066 pugnantium

162 3170 279 3215 nec

164 3071 184 3100 ‘
200 3064 472 3217 dissipa?
564 3066 670 3166 Sic
714 3088 931 3153 eques,
976 3065 1066 3129 sie
1106 3064 1325 3153 pedes,
1356 3078 1429 3130 ut
1471 3080 1896 3167 praeceperat,
1905 3078 2256 3215 1&uffnautz

371 3176 461 3217 ux
504 3154 804 3253 leglones,
852 3174 971 3216 nec
1014 3152 1265 3217 fortuna
1297 3151 1524 3217 fefelht
1565 3152 1812 3217 ducem.
2053 3165 2102 3216 t1

2105 3149 2262 3215 tudo

120 3234 457 3317 9hostium,
506 3238 669 3303 nulh
718 3240 831 3316 rei,
880 3252 1323 3325 praeterquam
1369 3260 1659 3313 numere,
1711 3237 1891 3313 freta,
1946 3249 2014 3300 et
2063 3235 2262 3300 oculis

166 3338 495 3414 utramque
556 3326 829 3390 metiens
888 3324 1108 3401 aciem,
1158 3338 1395 3388 temere
1454 3322 1767 3410 proelium
1815 3321 1976 3399 iniit,
2023 3334 2262 3387 temere

166 3413 407 3477 omisit:
455 3413 728 3478 elamore
776 3424 1023 3476 tantum
1067 3410 1532 3495 missilibusque
1565 3408 1708 3473 telis
1747 3420 1814 3473 et
1854 3408 2063 3495 primo
2101 3430 2266 3495 pug-

228 3614 259 3663 6
286 3620 427 3676 Quae
446 3632 581 3665 nunc
604 3651 616 3664 .
636 3651 649 3663 .
668 3651 680 3663 .
702 3617 907 3664 servitia
928 3614 1177 3671 Romana]

172 3678 313 3733 Quae
354 3695 504 3739 nune,
542 3680 801 3742 quominus
838 3680 1029 3727 deserta
1068 3676 1182 3735 sint,

171 3746 287 3793 servi
350 3746 685 3793 Romanorum
746 3742 835 3791 soli
910 3740 1182 3803 prohibent.

176 3805 311 3857 liaeo
350 3808 565 3857 conditio
608 3822 769 3856 rerum
808 3806 919 3855 Tib.
956 3805 1183 3853 Graccho

176 3870 367 3921 Italiam
401 3872 675 3935 peragranti
698 3871 909 3934 primum
932 3869 1183 3918 commise-

174 3936 421 3995 rationem,
448 3937 625 3985 deinde
662 3950 772 3984 vero
804 3933 1185 3995 indignationem

176 4003 415 4059 movebat,
440 4008 491 4049 et
522 4002 573 4048 in
604 4015 753 4047 causa
779 4004 900 4057 erat,
923 4012 1009 4045 cur
1034 3999 1183 4060 Agra-

176 4062 263 4112 rins
293 4080 405 4113 suas
435 4066 569 4127 leges
594 4064 761 4112 animo
790 4062 1081 4123 conciperet.
1122 4062 1185 4110 cf.

180 4127 307 4177 Plut.
345 4129 397 4178 in
437 4128 549 4178 Tib.
589 4127 799 4176 Gracch.
848 4126 1101 4175 Wachsm.
1137 4142 1185 4187 p.

184 4205 281 4254 1¹3·

242 4270 265 4317 7
298 4258 467 4307 Coloni
496 4258 641 4307 etiam
666 4274 701 4305 α
732 4258 925 4305 Velitris
945 4256 1179 4314 Romani]

179 4317 371 4370 Scilicet
394 4328 585 4370 veteres
600 4321 786 4369 Volsca
802 4320 984 4382 origine
1006 4318 1185 4376 coloni,

182 4385 257 4441 qui
280 4400 389 4435 cum
418 4385 657 4435 Romanis
684 4384 735 4433 iu
766 4398 913 4432 unam
936 4382 1185 4431 civitatem

1247 3611 1546 3659 coaluerant.
1623 3610 1847 3659 Velitrae
1901 3612 2016 3659 urbs
2067 3610 2266 3673 penitus

1250 3676 1449 3733 Volsca,
1482 3674 1668 3737 quippe
1704 3689 1832 3738 quae
1868 3676 2089 3724 tabulam
2123 3676 2264 3726 illam

1248 3740 1462 3799 unicam,
1485 3754 1612 3801 quae
1637 3739 1821 3789 Volsca
1841 3740 2010 3803 lingua
2031 3741 2266 3805 inscripta

1248 3805 1472 3863 habetur,
1492 3804 1544 3851 in
1567 3804 1730 3852 lucem
1754 3805 2026 3867 protulerit.

1313 3870 1343 3918 8
1364 3870 1678 3931 Pwvvtiwm
1694 3884 1896 3932 meme
1913 3872 2134 3933 siquam]
2161 3870 2264 3932 Sis·

1248 3948 1367 3981 num
1421 3933 1548 3982 illud
1593 3940 1698 3982 erat
1751 3950 1918 3997 sagum
1966 3935 2268 3991 coccineum,

1250 3999 1381 4059 quod
1426 4013 1575 4060 supra
1615 3998 1929 4060 praetorium,
1965 4000 2065 4045 sive
2109 3998 2266 4044 taber-

1250 4063 1481 4111 naculum
1525 4063 1848 4124 imperatoris,
1881 4061 2266 4123 expandebatur.

1254 4128 1387 4175 Plut.
1412 4127 1463 4174 in
1487 4126 1609 4175 Fab.
1643 4127 1806 4175 Casv.

1316 4206 1347 4254 9
1370 4192 1514 4239 Nulli
1537 4192 1636 4250 rei]
1664 4190 1724 4237 cf.
1741 4190 1884 4250 Supr.
1901 4187 1964 4234 iv.
1986 4196 2060 4245 37.
2087 4184 2270 4257 Npster

1249 4270 1361 4302 eum
1388 4252 1538 4302 dandi
1574 4268 1690 4301 casu
1723 4266 1900 4301 nomen
1922 4250 2092 4309 fretus
2123 4252 2268 4297 mter-

1250 4319 1369 4366 dum
1390 4316 1570 4365 iunxit.

2275 1734 2472 1785 milites.

2389 3145 2418 3202 1
2429 3144 2490 3205 3.

2280 3226 2416 3274 Victi

2283 3290 2470 3339 Volsci.
