3000 4784
883 233 1072 299 LIB.
1131 233 1184 299 1.
1247 233 1472 300 CAP.
1528 241 1633 302 43.
2216 223 2301 304 49

153 396 188 445 9
206 375 226 406 ‘
247 366 420 456 regis
475 368 696 433 munia
749 371 924 434 esse.’
1033 369 1288 436 Servius
1357 393 1505 435 cum
1566 371 1781 435 trabea
1842 382 1911 435 et
1980 370 2303 437 lictoribus

202 454 464 541 prodit3
509 477 602 532 ac,
643 454 792 520 sede
835 457 1011 546 regia
1051 457 1296 534 sedens,
1341 457 1464 522 alia
1506 455 1809 533 decernit,
1846 457 1929 524 de
1972 457 2107 524 aliis
2150 481 2302 522 con-

202 539 525 605 sulturum
563 564 632 607 se
665 565 882 642 regem
922 565 1056 608 esse
1095 543 1363 608 simulat,
1454 542 1701 632 Itaque,
1732 565 1849 630 per
1875 543 2117 632 aliquot
2142 544 2298 622 dies,

251 649 411 692 uum
439 627 568 692 iam
589 642 963 716 exspirasset
984 629 1388 716 Tarquinius,
1417 629 1618 695 celata
1638 641 1860 707 morte,
1966 651 1999 694 r
2137 630 2300 695 ciem

269 714 454 778 'ense
487 714 846 802 fungendae
881 715 1036 781 vicis
1073 739 1214 782 suas
1257 739 1410 817 opes
1450 716 1739 782 firmavit.
1893 739 2003 780 um
2086 739 2300 782 emum
2319 732 2387 782 U.
2410 733 2469 783 c.
2497 731 2601 795 176.

205 799 418 886 palam
453 800 638 878 facto,
679 815 746 866 et
784 802 1276 889 comploratione
1314 826 1382 867 m
1418 804 1592 890 regia
1628 815 1783 880 orta,
1819 801 2091 880 Servius,
2120 825 2301 890 prae-
2316 798 2381 910 ἐξ
2410 798 2468 872 (ἷ-
2493 796 2602 860 ⁵⁷⁶·

163 915 184 949 ι
206 885 374 950 sidio
443 887 628 951 firmo
699 888 1002 966 munitus,
1059 890 1300 976 primus
1368 889 1611 960 iniussu
1676 887 1914 976 populi,
1973 888 2298 955 voluntate
2315 875 2607 988 „32:239

205 972 476 1037 Patrum
533 975 834 1074 regnavit.
957 974 1128 1040 Anci
1183 974 1382 1053 liberi,
1441 976 1569 1040 iam
1637 989 1776 1040 tum
1832 976 2301 1062 comprehensis
2316 1003 2431 1037 nare
2452 989 2623 1039 iussus.

205 1059 462 1124 sceleris
483 1060 799 1138 mimstris,
829 1074 904 1126 ut
929 1062 1141 1127 vivere
1171 1085 1405 1150 regem,
1429 1075 1496 1126 et
1523 1075 1730 1127 tantas
1751 1084 1884 1126 esse
1914 1085 2066 1152 opes
2099 1061 2297 1127 Servii

205 1147 574 1210 nuntiatum
603 1160 718 1224 est,
753 1146 1042 1213 Suessam
1071 1149 1426 1214 Pometiam
1453 1148 1807 1213 exsulatum
1838 1148 2059 1213 ierant.

295 1231 368 1296 N
369 1255 446 1297 ec
478 1232 602 1298 iam
631 1233 900 1320 publicis
928 1235 1126 1322 magis
1163 1234 1438 1301 consiliis
1486 1233 1759 1312 Servius,
1791 1257 1981 1334 quam
2022 1235 2298 1322 privatis,
2418 1239 2522 1299 42.

207 1319 461 1383 munire
491 1342 660 1406 opes.
753 1319 840 1386 Et
867 1343 970 1398 ne,
1048 1321 1204 1386 ualis
1234 1321 1403 1386 Anci
1433 1321 1702 1386 liberum
1732 1343 1979 1392 animus
2006 1321 2303 1385 adversus

209 1405 635 1493 Tarquinium
692 1406 915 1485 fuerat,
1066 1408 1080 1421 ⁶
1173 1407 1470 1472 adversus
1528 1429 1594 1472 se
1647 1406 1981 1494 Tarquinii
2030 1407 2302 1472 liberum
2318 1421 2470 1470 Filias
2492 1421 2609 1471 Tar-

208 1505 394 1570 esset,
443 1491 602 1557 duas
665 1493 824 1558 filias
886 1494 1220 1560 iuvenibus
1285 1493 1491 1580 regiis,
1555 1493 1757 1558 Lucio
1814 1507 2005 1590 atque
2040 1493 2301 1558 ·Arunti
2317 1485 2495 1548 quinii·
2514 1487 2610 1535 ⁰⁰¹·

211 1577 598 1665 quuiniis,
659 1580 881 1680 iungit.
991 1580 1136 1646 Nec
1191 1580 1367 1680 rupit
1426 1593 1639 1644 tamen
1696 1580 1807 1644 fati
1864 1581 2303 1646 necessitatem
2318 1551 2464 1600 Μ’·

207 1664 506 1729 humanis
569 1667 862 1744 consiliis,
922 1666 1081 1767 quin
1152 1667 1392 1738 invidia
1457 1667 1639 1753 regni
1710 1666 1901 1732 etiam
1958 1668 2125 1733 inter
2187 1667 2305 1732 do-

211 1751 506 1816 mesticos
551 1752 752 1817 infida
807 1775 1022 1818 omnia
1069 1767 1260 1841 atque
1311 1752 1541 1818 infesta
1587 1753 1838 1818 faceret.
1947 1753 2304 1854 Peroppor-

213 1850 368 1902 tune
409 1837 512 1902 ad·
529 1840 877 1926 praesentis
915 1840 1198 1926 quietem
1235 1853 1434 1904 status
1471 1839 1709 1904 bellum
1750 1861 1896 1904 cum
1926 1839 2303 1905 Veientibus

166 1953 195 1986 α
243 1925 370 1988 iam
417 1925 590 1989 enim
633 1925 918 1994 indutiae
961 1924 1278 2012 exierant)
1323 1925 1587 2013 aliisque
1632 1924 1913 1992 Etruscis
1956 1939 2299 2014 sumptum.

323 2033 402 2075 eo
439 2009 610 2075 bello
639 2024 707 2076 et
739 2011 934 2076 virtus
975 2026 1044 2078 et
1082 2013 1338 2078 fortuna
1365 2012 1597 2076 enituit
1624 2011 1861 2080 Tullii:
1906 2013 2173 2100 fusoque
2203 2013 2303 2077 in-

211 2097 394 2185 genti
429 2097 708 2162 hostium
746 2098 1052 2176 exercitu,
1082 2097 1256 2168 haud
1296 2098 1529 2164 dubius
1561 2121 1696 2176 rex,
1726 2121 1840 2164 seu
1878 2098 2159 2178 Panum,
2190 2121 2305 2164 seu

213 2183 416 2284 plebis
435 2184 679 2249 animos
699 2184 1176 2274 periclitaretur,
1202 2185 1476 2256 Romam
1497 2184 1703 2249 rediit.
1786 2185 2303 2274 Aggrediturque

212 2268 366 2335 inde
411 2269 494 2334 ad
527 2293 708 2370 pacis
748 2270 938 2358 longe
983 2271 1328 2338 maximum
1372 2294 1570 2360 opus:
1632 2283 1724 2349 ut,
1769 2272 2303 2358 quemadmodum

217 2355 439 2422 Numa
479 2355 680 2422 divini
718 2372 938 2422 auctor
975 2357 1126 2423 iuris
1167 2358 1404 2435 fuisset,
1442 2358 1535 2422 ita
1576 2356 1864 2423 Servium
1910 2357 2303 2424 conditorem

215 2443 423 2507 omnis
481 2442 552 2506 in
607 2443 860 2509 civitate
918 2444 1298 2510 discriminis
1353 2444 1650 2508 ordinum
1696 2466 1797 2520 ue,
1850 2445 2081 2532 quibus
2136 2445 2307 2508 inter

215 2528 450 2678 {radus
466 2527 790 2616 dignitatis
808 2531 1226 2619 fortunaeque
1249 2529 1490 2616 aliquid
1509 2531 1677 2593 inter
1700 2541 1865 2607 ucet‚
1884 2531 2119 2630 posteri
2140 2529 2306 2595 fama

241 2627 474 2680 errent.
567 2615 851 2681 Censum
894 2618 1066 2682 enim
1105 2617 1400 2693 instituit,
1441 2638 1579 2680 rem
1617 2614 2087 2687 saluberrimam
2127 2629 2305 2680 tanto
2324 2627 2391 2680 U.
2415 2631 2472 2681 0.
2501 2645 2606 2696 19⁷·

216 2702 434 2766 futuro
471 2701 770 2790 imperio:
819 2726 900 2768 ex
931 2726 1060 2804 quo
1099 2703 1249 2768 belli
1292 2702 1591 2803 pacisque
1631 2702 1850 2768 munia
1892 2723 2022 2767 non
2048 2701 2303 2780 viritim,
2322 2693 2381 2742 A.
2415 2695 2474 2744 ⁰·
2500 2709 2608 2759 ⁵5⁵·

219 2799 292 2852 ut
329 2801 500 2866 ante,
530 2789 644 2854 sed
681 2811 798 2878 pro
835 2789 1057 2855 habitu
1177 2809 1507 2855 cumarum
1535 2787 1781 2854 fierent.
1871 2787 2044 2853 Tum
2082 2787 2306 2852 classes
2320 2757 2545 2874 ἓξὲἳυῗ

217 2875 673 3030 &susm
691 2875 956 3030 {23:3¹0
977 2813 1643 3050 Er‘ffimmoemm
1659 2874 2149 3026 ‘ffiffltsssss
2166 2897 2309 3026 1³33
2426 2969 2511 3029 43

219 3047 545 3126 maiorem,
597 3071 860 3113 censum
907 3049 1234 3127 haberent,
1285 3049 1611 3136 octoginta
1652 3047 1923 3114 confecit
1973 3049 2305 3126 centurias,
2324 3053 2531 3103 clamen.

171 3164 204 3212 3
221 3133 658 3222 quadragenas
692 3135 1012 3201 seniorum
1050 3159 1122 3200 ac
1162 3136 1497 3200 iuniorum.
1589 3133 1805 3199 Prima
1844 3133 2056 3199 classis
2090 3157 2310 3200 omnes

219 3219 538 3309 appellati.
633 3219 942 3299 Seniores,
973 3222 1055 3286 ad
1083 3223 1256 3286 urbis
1289 3221 1640 3288 custodiam
1668 3233 1743 3287 ut
1780 3235 2027 3308 praesto
2056 3234 2303 3285 essent:

280 3421 318 3472 9
355 3407 568 3466 Mea]
613 3406 810 3456 Harum
832 3406 926 3455 tria
945 3423 1134 3470 genera.
1174 3407 1236 3456 cf.
1365 3421 1393 3454 α
1427 3409 1539 3456 Iam
1554 3443 1567 3456 .
1586 3442 1598 3455 .
1619 3443 1630 3455 .
1649 3408 1872 3457 budaliae
1892 3409 2139 3468 θείη-ω]
2182 3407 2311 3458 Iam·

219 3469 358 3520 Serv.
387 3470 440 3519 in
464 3471 588 3523 Aen.
612 3470 708 3520 viii.
730 3470 840 3520 612.
873 3486 1076 3533 quarum
1109 3471 1240 3534 regia
1301 3471 1487 3519 dudum
1521 3471 1757 3532 exierant,
1788 3470 1827 3519 εἰ
1859 3486 1949 3524 ω
1981 3471 2315 3534 intelligantur

219 3541 328 3586 orat
355 3535 472 3583 albo
502 3535 681 3594 colom,
699 3534 814 3584 latis
829 3535 978 3584 clavis
997 3540 1168 3583 ornata
1188 3540 1239 3583 ot
1301 3533 1536 3593 indutiae,
1564 3549 1687 3596 quas
1714 3535 1767 3583 in
1798 3541 1996 3584 centum
2027 3551 2181 3584 annos
2212 3537 2313 3586 Ro·

219 3599 442 3654 tabibus
493 3613 737 3662 purpurae
779 3598 973 3662 virgata.
1014 3599 1139 3661 Lyd.
1176 3599 1239 3647 de
1301 3599 1468 3646 mulus
1485 3599 1695 3648 ἴωσι-ιιι
1730 3613 1882 3660 quum
1902 3601 1967 3648 ab
1986 3599 2139 3662 ipsius
2156 3607 2313 3650 morto

221 3663 362 3724 Mag.
397 3661 430 3710 i.
468 3677 544 3725 3²·
600 3663 737 3712 Fun.
773 3662 837 3712 Β..
869 3661 1034 3725 Antiq.
1065 3664 1094 3721 8
1135 3664 1238 3725 185.
1303 3668 1500 3710 centum
1538 3662 1637 3710 iam
1670 3669 1721 3710 ct
1752 3663 2069 3725 quadraginta
2097 3663 2213 3712 anni
2245 3665 2311 3714 ef-

223 3725 378 3778 Dion.
399 3724 450 3778 ii..
477 3739 550 3788 70.
575 3726 639 3775 iii.
661 3725 742 3776 61.
1303 3727 1561 3775 fluxerant.
1630 3727 1867 3775 Dicamus
1902 3741 2014 3790 ergo
2051 3743 2133 3776 eas
2168 3728 2315 3778 fuisse

293 3805 316 3840 1
351 3793 558 3840 Infima
574 3791 772 3852 populi]
800 3790 944 3840 Haec
963 3790 1151 3839 invene
1168 3805 1239 3838 or-
1303 3797 1534 3853 regnante
1548 3791 2013 3847 Tulloinstaumtas,
2049 3791 2237 3840 Vid.su
2274 3807 2313 3842 r.

217 3855 342 3903 dine
377 3861 576 3903 narrant
609 3855 814 3917 Dionys.
847 3854 910 3903 iv.
949 3869 1022 3904 ια.
1055 3861 1106 3902 et
1133 3855 1238 3904 Cic.
1306 3868 1382 3916 30.
1421 3855 1583 3904 cmxv.
1650 3855 1713 3903 Id
1751 3856 1882 3916 quod
1921 3855 2173 3904 Perizonio
2208 3807 2313 3920 pln-

221 3920 290 3968 de
329 3918 460 3981 Rep.
497 3917 548 3967 ii.
589 3933 666 3968 αι.
704 3920 738 3945 “
757 3915 874 3967 Non
911 3919 1152 3967 commisit
1188 3933 1240 3967 se
1303 3917 1421 3979 cuit,
1443 3934 1589 3980 quem
1612 3919 1673 3968 cf.
1696 3919 1955 3970 Animadv·
1980 3919 2110 3975 Hist.
2134 3938 2179 3982 4.

225 3982 474 4042 Patribus,
497 3983 584 4032 sed
618 3982 884 4044 Tarquinio
915 3983 1124 4044 sepulto,
1155 3997 1238 4044 po—
1369 3996 1398 4044 3
1428 3984 1710 4042 Seniomm]
1755 3983 1859 4039 Qui
1878 3990 2071 4034 sextinn
2094 3991 2145 4032 ct
2164 3985 2314 4045 quad·

223 4047 404 4109 pulum
425 4047 490 4096 de
511 4062 563 4096 se
588 4045 692 4109 ipse
714 4046 972 4104 consuluit,
991 4046 1240 4108 iussusque
1303 4046 1593 4108 ngesimum
1620 4047 1797 4096 utatis
1820 4061 2001 4096 annum
2030 4048 2315 4111 attigissent.

224 4126 428 4174 regnare
451 4113 610 4174 legem
637 4112 704 4160 de
735 4110 938 4173 imperio
969 4125 1056 4158 suo
1089 4109 1240 4158 eurise
1304 4112 1581 4169 Iuniarum,
1610 4127 1643 4159 a
1674 4111 1867 4160 decimo
1898 4111 2106 4174 septimo
2142 4112 2319 4160 aetatis

225 4180 332 4222 tam
374 4176 506 4224 tulit.
583 4176 762 4237 Neque
807 4176 1106 4224 voluntatem
1161 4189 1244 4236 po·
1307 4189 1438 4222 anno
1495 4175 1561 4222 ad
1622 4175 2040 4240 quadragesimum
2106 4181 2315 4224 sextim-

225 4245 360 4288 trum
389 4239 606 4300 agnoscit
625 4239 730 4302 ipse
754 4239 920 4288 Livius
937 4238 1046 4288 inst.
1069 4249 1148 4300 47.
1183 4238 1244 4288 σί.
1312 4237 1427 4286 vid.
1451 4238 1512 4286 A.
1537 4239 1669 4288 Gell.
1702 4255 1751 4290 x.
1777 4241 1852 4289 28.
1920 4241 2034 4288 Hac
2062 4239 2125 4288 de
2155 4253 2207 4288 re
2238 4253 2316 4288 ao-

227 4303 488 4418 ἵκω.
511 4320 561 4366 p.
586 4301 693 4353 226.
735 4305 910 4354 Festus
930 4320 972 4352 v.
995 4304 1249 4354 Patricius
1311 4306 1478 4419 grato
1526 4303 1743 4416 dislgitst
1788 4302 1983 4372 Lipsius
2028 4303 2091 4352 de
2136 4302 2318 4352 Militia

279 4369 402 4417 ὅσω.
1393 4379 1460 4416 m.
1481 4365 1515 4416 i.
1540 4381 1583 4415 ι.
1660 4380 1773 4420 m.

317 4449 480 4528 *⁰¹⁴2
502 4450 546 4494 Ι.
1330 4491 1336 4500 ,
1934 4449 1975 4492 Ε
