3000 4784
752 214 943 279 LIB.
991 212 1143 281 VII.
1211 214 1433 281 CAP.
1483 218 1586 283 27.
2089 220 2214 283 427

124 360 286 411 natus
314 346 517 412 dixit.
596 348 905 426 Dictator,
940 373 1003 413 m
1084 362 1235 417 istro
1264 352 1554 437 equitum
1579 353 1660 417 A.
1688 350 1992 417 Cornelio
2019 352 2220 417 Cosso
2241 362 2309 411 U.
2333 360 2392 411 c.
2418 372 2528 422 407·

124 434 295 509 licto,
335 434 614 499 comitia
654 373 1290 513 consulanaflffiabuit,
1336 437 1786 524 aemulumque
1833 438 2078 503 decoris
2121 439 2220 503 sui
2238 427 2300 475 A.
2333 424 2393 473 0·
2420 438 2530 500 345·

122 520 439 585 bsentem
470 520 575 585 M.
596 520 925 586 Valerium
950 521 1233 588 Corvum
1262 522 1361 607 (id
1389 524 1565 589 enim
1593 524 1686 588 illi
1715 524 1950 589 deinde
1981 548 2219 613 cogno·
2239 490 2312 603 ff:
2333 488 2553 614 {3533}

122 606 305 669 uinis
336 606 509 693 fuit)
560 630 809 672 summo
858 608 1067 673 favore
1117 609 1356 695 populi,
1418 623 1546 675 tres
1603 622 1670 674 et
1719 611 1777 674 v‘
1828 611 1841 625 ⁰
1896 611 1944 675 ti
2001 624 2222 675 natum
2242 619 2339 668 IV·
2363 618 2500 668 0⁰-

122 714 322 769 mnes,
356 694 699 759 consulem
734 695 1137 758 renuntiavit.
1232 694 1499 783 Collega
1532 634 2090 784 Corvolgglplebe
2123 696 2219 762 Μ.

120 778 424 864 Popillius
470 779 723 845 Laenas
762 795 1057 867 quartum
1097 781 1317 845 consul
1344 783 1592 847 futurus
1631 783 1816 848 datus
1843 797 1958 847 est.
2047 783 2224 849 Cum

120 862 379 929 Graecis
430 888 475 930 a
526 865 799 931 Camillo
849 866 1029 931 nulla
1076 869 1497 933 memorabilis
1543 884 1724 956 gesta
1773 892 1910 933 res:
1965 892 2086 934 nec
2129 869 2224 933 illi

121 974 287 1027 zerra,
328 975 462 1017 nec
512 952 841 1019 Romanus
884 954 1041 1017 mari
1084 953 1351 1018 bellator
1394 968 1546 1019 erat.
1638 956 1990 1033 PostremO,
2021 978 2223 1042 quum

119 1036 401 1102 itoribus
452 1054 840 1117 arcerentur,
878 1063 1044 1127 aqua
1084 1040 1275 1105 etiam
1324 1054 1573 1127 praeter
1619 1055 1828 1105 cetera
1873 1043 2226 1107 necessaria

118 1124 245 1186 isui
264 1124 645 1202 deficiente,
667 1125 914 1191 Italiam
938 1125 1268 1213 reliquere.
1336 1126 1542 1191 Cuius
1563 1126 1782 1213 populi
1801 1150 1895 1204 ea,
1915 1128 2223 1214 cuiusque

118 1210 315 1294 gentis
346 1209 575 1276 classis
602 1211 811 1289 fuerit,
844 1212 1003 1276 nihil
1032 1213 1189 1277 certi
1218 1225 1329 1276 est.
1423 1211 1713 1279 Maxime
1749 1213 2000 1277 Siciliae
2031 1213 2224 1277 fiiisse

116 1308 419 1381 tyrannos
462 1297 880 1363 crediderim:
929 1321 1079 1363 nam
1119 1298 1380 1363 ulterior
1413 1297 1704 1375 Graecia,
1735 1322 1812 1364 ea
1849 1311 2224 1386 tempestate

116 1381 423 1448 intestino
454 1384 621 1449 fessa
646 1384 833 1461 bello,
866 1386 991 1449 iam
1022 1382 1458 1449 Macedonum
1488 1408 1641 1471 opes
1670 1385 1982 1449 horrebat.

192 1468 616 1535 Exercitibus
636 1470 927 1547 dimissis,
950 1493 1155 1557 quum
1181 1483 1249 1535 et
1268 1468 1419 1535 foris
1444 1494 1574 1557 pax
1595 1485 1663 1536 et
1683 1471 1858 1536 domi
1887 1470 2229 1535 concordia
2347 1476 2450 1541 27.

114 1554 417 1621 ordinum
449 1557 655 1622 otium
684 1568 865 1635 esset,
896 1580 979 1622 ne
1016 1556 1205 1621 nimis
1238 1556 1440 1622 laetae
1475 1579 1575 1622 res
1605 1571 1834 1634 essent,
1867 1556 2228 1645 pestilentia

114 1640 444 1706 civitatem
498 1642 720 1707 adorta
762 1644 971 1743 coegit
1016 1656 1306 1709 senatum
1352 1644 1662 1730 imperare
1710 1644 2105 1721 decemviris,
2153 1655 2226 1707 ut

114 1724 303 1793 libros
356 1728 708 1817 Sibyllinos
750 1731 1173 1816 inspicerent3
1230 1752 1445 1795 eorum
1499 1754 1578 1795 ue
1625 1730 1875 1795 monitu
1917 1729 2224 1795 lectister-

112 1812 291 1877 nium
330 1814 483 1880 fuit.
576 1814 823 1879 Eodem
870 1839 1039 1880 anno
1088 1816 1401 1881 Satricum
1450 1840 1488 1881 a
1562 1817 1933 1882 Antiatibus
1976 1815 2226 1880 colonia

112 1898 415 1979 deducta,
472 1902 887 1987 restitutaque
944 1904 1112 1979 urbs,
1164 1926 1357 1990 quam
1410 1902 1630 1967 Latini
1679 1902 2022 1968 diruerant.
2135 1902 2224 1966 Et
2239 1914 2436 1963 Foedus

114 2006 256 2049 cum
294 1986 937 2074 Carthaginiensibus
972 1987 1197 2075 legatis
1228 1988 1474 2053 Romae
1504 1989 1730 2055 foedus
1767 1990 1988 2065 ictum,
2021 2010 2222 2074 quum
2237 1980 2505 2091 ξέωὲζζ

114 2072 469 2138 amicitiam
498 2096 570 2138 ac
598 2074 963 2139 societatem
990 2087 1281 2174 petentes
1308 2075 1644 2139 venissent.
2237 2058 2382 2156 ,iffi

202 2156 393 2224 Idem
442 2160 641 2224 otium
683 2160 859 2225 domi
896 2161 1171 2247 fonsque
1212 2161 1443 2225 mansit
1479 2161 1558 2223 T.
1583 2159 1832 2225 Manlio
1869 2161 2219 2245 Torquato,
2241 2179 2307 2228 U.
2331 2180 2392 2229 c,
2413 2180 2525 2240 408.

124 2242 197 2306 C.
226 2244 491 2311 Plautio
536 2246 935 2311 consulibus:
983 2246 1473 2310 semunciarium
1520 2258 1766 2309 tantum
1812 2268 1894 2309 ex
1937 2245 2220 2309 unciario
2239 2244 2300 2291 A.
2335 2245 2395 2293 C·
2421 2258 2531 2318 344-

123 2328 303 2395 fenus
332 2333 595 2410 factum,
627 2346 695 2397 et
731 2333 799 2397 in
838 2333 1172 2433 pensiones
1202 2354 1436 2419 aequas
1467 2330 1746 2408 triennii,
1777 2332 1868 2395 ita
1896 2344 1968 2395 ut
2045 2344 2224 2395 uarta
2239 2306 2300 2420 g:
2319 2308 2531 2421 {¹12}ssss

124 2436 423 2499 praesens
462 2432 644 2497 esset,
674 2418 905 2483 solutio
952 2419 1112 2483 aeris
1158 2417 1349 2481 alieni
1388 2417 1751 2505 dispensata
1795 2430 1907 2481 est.
2065 2430 2091 2481 t
2133 2418 2222 2483 sic
2241 2436 2376 2486 con.

124 2522 381 2590 quoque
432 2518 611 2592 parte
658 2504 859 2592 plebis
906 2506 1150 2580 affecta,
1198 2503 1358 2568 fides
1406 2516 1618 2568 tamen
1667 2504 1922 2590 publica
1966 2504 2224 2589 privatis

186 2698 217 2745 9
252 2686 620 2747 Οιιίωρφαιί]
649 2683 877 2745 Heynius
892 2682 945 2730 in
960 2683 1144 2743 Opusc.
1210 2680 1397 2729 tionem
1418 2686 1696 2743 temporum
1719 2642 2046 2729 Catonianam
2067 2678 2226 2741 sequi-

130 2746 277 2795 Acad.
294 2748 361 2798 iii.
378 2765 430 2811 p.
450 2760 521 2809 17.
568 2746 791 2809 Dionysii
809 2746 1009 2795 iunioris
1025 2746 1145 2793 clas—

130 2824 226 2855 sem
282 2812 415 2861 hanc
448 2811 595 2860 fuisse
630 2816 808 2860 censet.
877 2808 1145 2871 Dionysius

130 2872 256 2921 enim
280 2876 455 2937 paullo
476 2880 593 2923 ante
612 2890 693 2924 an.
720 2876 827 2937 398.
853 2874 921 2923 U.
940 2876 999 2923 C.
1054 2874 1142 2935 Sy·

130 2940 307 2987 racusis
340 2941 543 2999 eiectus,
564 2939 615 2987 in
640 2939 790 2987 Italia
810 2938 937 2986 circa
960 2938 1143 2986 Locros

133 3004 433 3063 consederat,
453 3004 609 3051 donec
630 3004 786 3051 altero
807 3002 986 3050 abhinc
1012 3016 1141 3051 anno

132 3062 315 3114 scilicet
344 3080 457 3129 407.
492 3067 557 3116 U.
580 3066 641 3117 C.
675 3067 937 3129 Syracusas
969 3066 1143 3113 iterum

132 3132 381 3191 receperit.
450 3132 548 3180 Per
578 3132 751 3179 decem
784 3131 874 3178 hos
902 3144 1059 3178 annos
1093 3129 1145 3176 in

134 3188 399 3245 Locrenses
424 3197 581 3243 multa
612 3194 871 3243 libidinose
892 3208 951 3241 ac
974 3194 1140 3241 crude-

134 3254 241 3303 liter
274 3264 529 3317 statuerat,
558 3258 617 3307 οἱ.
640 3258 814 3307 Strabo
836 3257 912 3313 si.
947 3272 995 3319 p.
1034 3268 1142 3329 397.

136 3320 330 3373 Aristot.
352 3324 460 3373 Pol.
484 3340 529 3371 v.
551 3321 597 3372 6.
647 3322 699 3370 N
702 3336 759 3369 ec
780 3321 942 3369 minus
965 3320 1144 3367 Italiae

134 3382 275 3434 litora
314 3386 581 3435 latrociniis
608 3386 785 3434 infesta
810 3384 980 3434 fecisse
1014 3382 1145 3431 vide-

135 3450 225 3498 tur.
294 3453 483 3500 Verum
506 3450 557 3499 N
562 3450 713 3499 iebhr.
737 3448 803 3497 iii.
826 3450 904 3513 98.
934 3446 1145 3509 suspica-

136 3516 214 3559 tur
230 3514 446 3564 Graecos
460 3514 695 3576 quosdam
720 3510 1041 3561 mercenarios
1056 3510 1147 3557 hos

136 3572 295 3638 filinae,
339 3579 422 3640 qui
478 3584 587 3641 post
630 3578 908 3625 confectum
958 3574 1145 3622 bellum

140 3638 405 3693 Phocicum
432 3644 513 3692 Ol.
542 3642 645 3691 108.
672 3656 715 3703 3.
738 3656 771 3689 a
792 3636 1070 3689 Tarentinis
1096 3637 1147 3686 in

140 3702 337 3755 ltaliam
378 3707 604 3755 mercede
652 3704 853 3753 adducti
894 3708 1051 3761 erant,
1092 3706 1150 3750 ut

142 3764 349 3819 Lucanis
378 3786 515 3819 arma
546 3770 797 3827 inferrent,
818 3774 869 3817 et
888 3768 987 3815 iam
1014 3766 1148 3815 navi-

140 3829 227 3899 bus
254 3834 533 3883 Tarentinis
556 3832 791 3895 impositi,
824 3832 969 3881 litora
1001 3830 1150 3879 maris

140 3896 275 3945 inferi
296 3899 604 3947 infestabant.
640 3898 701 3946 cf.
726 3896 929 3945 Diodor.
951 3895 1049 3944 xvi.
1067 3893 1145 3945 62.

208 3974 227 4007 1
253 3964 490 4013 Intestino
512 3964 657 4021 ballo]
684 3976 749 4009 sc.
767 3960 1001 4018 Phocico‚
1016 3960 1147 4020 quod

142 4024 333 4075 tandem
350 4028 432 4077 01.
456 4026 561 4075 108.
582 4040 625 4087 3.
678 4024 925 4075 Phalaeco
946 4024 1011 4071 ad
1034 4038 1145 4071 con-

144 4084 343 4140 ditiones
371 4106 404 4139 a
438 4089 675 4151 Philippo
708 4090 835 4137 latas
866 4087 1149 4145 accedente,

145 4151 203 4198 ad
226 4153 367 4203 finem
392 4155 683 4217 perductum
706 4158 823 4200 erat.

196 4230 223 4263 ²
246 4220 569 4268 Macedonum
582 4218 720 4279 opes]
748 4216 863 4263 Hoc
878 4214 1009 4263 enim
1026 4220 1147 4263 tem·

148 4290 257 4335 pom
280 4282 559 4344 Philippus,
580 4279 847 4329 Alexandri
872 4278 1042 4341 Magni
1066 4292 1147 4339 pa·

148 4346 233 4401 ter,
264 4346 537 4409 Olynthum
574 4350 955 4407 expugnaverat,
1002 4341 1043 4391 si
1077 4356 1149 4389 ra·

1209 2760 1334 2793 mur.

1274 2822 1301 2868 3
1330 2808 1453 2857 Cum
1472 2809 1960 2871 Carthaginiensibus
1977 2844 1988 2857 .
2000 2843 2012 2855 .
2023 2844 2036 2855 .
2046 2809 2227 2869 foedus

1207 2874 1381 2932 ictum]
1428 2874 1544 2920 Hoc
1565 2872 1738 2921 foedus
1761 2872 2026 2934 Polybium
2046 2871 2226 2935 fugisse

1208 2936 1413 2995 videtur,
1442 2937 1528 2999 qui
1560 2937 1732 2985 foedus
1764 2938 1905 2985 tertio
1937 2940 2222 2985 renovatum

1207 3017 1284 3049 an.
1317 3004 1425 3063 448.
1464 3002 1528 3049 U.
1558 3001 1616 3051 C.
1653 3000 1760 3048 infr.
1793 3000 1860 3048 ix.
1896 3015 1973 3062 43.
2009 3016 2097 3061 pro
2129 3000 2224 3049 hoc

1208 3068 1361 3114 altero
1378 3064 1564 3114 habuit.
1600 3065 1661 3113 cf.
1687 3064 1853 3126 Heyn.
1871 3065 1968 3126 Op.
1985 3065 2137 3113 Acad.
2155 3062 2223 3113 iii.

1210 3144 1243 3191 p
1271 3142 1311 3251 ἱ
1332 3194 1749 3251 Semunciarium]
1793 3206 1858 3239 sc.
1887 3190 1960 3237 Ut
1981 3190 2225 3239 debitores

1207 3254 1479 3302 semuncias
1519 3269 1606 3315 pro
1640 3254 1842 3316 singulis
1873 3252 2075 3310 assibus,
2103 3252 2152 3301 h.
2177 3268 2220 3301 e.

1208 3318 1422 3379 quinque
1440 3332 1528 3378 pro
1546 3322 1742 3364 centum
1761 3316 1945 3363 assibus
1966 3315 2014 3361 in
2037 3330 2222 3363 annum

1210 3380 1469 3429 duodecim
1507 3379 1748 3427 mensium
1781 3377 2100 3427 creditoribus
2129 3380 2224 3427 sol-

1212 3450 1395 3493 verent.
1451 3443 1512 3492 cf.
1552 3458 1682 3504 supr.
1728 3441 1800 3492 16.
1871 3440 1988 3489 Hoc
2030 3458 2226 3505 quoque

1210 3516 1431 3571 tempore
1488 3506 1676 3568 aliquid
1722 3508 1785 3555 de
1840 3506 2054 3567 pondere
2103 3506 2230 3554 aeris

1210 3571 1385 3685 shignffiui
1427 3571 1736 3647 deminutum
1779 3570 1926 3618 fuisse
1968 3569 2229 3619 arbitratur

1268 3652 1315 3685 ie
1384 3650 1421 3684 r.
1442 3648 1511 3684 m.
1573 3670 1585 3683 .
1614 3646 1686 3695 71.

1280 3714 1307 3761 5
1340 3702 1407 3749 In
1428 3648 1688 3761 peni-iones
1709 3714 1891 3761 aequas
1913 3700 2136 3758 triennii,
2157 3701 2230 3749 ita

1210 3772 1269 3813 ut
1289 3772 1469 3827 quarta
1488 3778 1722 3826 praesens
1739 3764 1886 3823 met]
1930 3762 2114 3813 Totum
2147 3778 2232 3812 aes

1210 3829 1427 3879 alienum
1470 3832 1702 3890 quattuor
1752 3827 2066 3890 pensionibus
2107 3827 2229 3877 solvi

1213 3894 1396 3941 iussum
1430 3899 1522 3953 est,
1543 3893 1614 3941 ita
1637 3899 1694 3941 ut
1715 3898 1890 3954 quarta
1922 3908 2034 3954 pars
2065 3891 2229 3940 statim

1212 3962 1675 4019 repraesentaretur;
1693 3964 1792 4005 tres
1803 3955 1977 4017 reliqui
1991 3956 2228 4015 quadran-

1211 4027 1286 4070 tes
1306 4022 1395 4070 sub
1420 4022 1566 4069 finem
1599 4020 1760 4082 primi,
1781 4018 2002 4077 secundi,
2023 4024 2074 4065 et
2099 4016 2229 4065 tertii

1210 4086 1329 4133 anni
1350 4090 1737 4134 numerarentur.
1773 4084 1936 4131 Casv,

1274 4147 1307 4197 6
1338 4152 1409 4197 Ee
1428 4151 1499 4197 sic
1711 4148 1732 4205 ]
1775 4146 1844 4193 Et
1865 4140 2086 4205 quamvis
2120 4146 2230 4203 post

1212 4212 1335 4261 talia
1358 4226 1589 4259 concessa
1641 4214 1898 4259 evamenta
1931 4220 2042 4267 pars
2071 4204 2232 4268 plebis

1212 4276 1377 4325 adhuc
1410 4275 1669 4331 laboraret,
1689 4272 1836 4321 fidem
1871 4276 2036 4317 tamen
2071 4268 2230 4331 publi·

1215 4354 1342 4399 cam,
1386 4338 1525 4387 cuius
1565 4338 1764 4385 interest
1809 4332 1932 4382 solvi
1975 4332 2231 4391 creditum,
