3000 4784
802 233 993 299 LIB.
1041 234 1128 299 X.
1197 234 1418 301 CAP.
1465 241 1571 301 42.
2108 240 2233 301 605

117 368 562 457 praedixerat,
593 382 683 447 ut,
715 371 826 436 ubi
857 394 924 435 se
953 370 1282 458 cuspidem
1317 384 1593 435 erectam
1621 372 2013 458 quatientem
2040 372 2233 437 vidis-
2253 390 2321 439 U.
2344 390 2403 440 c.
2426 403 2538 455 459·

119 470 306 533 sent,
357 470 598 543 quanta
647 459 924 521 maxima
969 458 1035 522 vi
1081 471 1357 558 possent,
1411 457 1802 523 concitarent
1858 460 2105 545 equites
2162 461 2233 523 in
2250 455 2312 504 A.
2344 456 2404 505 C·
2429 470 2540 518 ‘²93-

117 543 407 607 hostem.
498 542 611 609 Ad
653 557 882 609 nutum
925 566 1156 621 omma,
1197 558 1274 609 ut
1315 567 1397 609 ex
1440 556 1587 609 ante
1630 558 2017 633 praeparato,
2046 546 2229 611 fiunt.

119 629 526 693 Panduntur
567 630 736 695 inter
779 630 1033 695 ordines
1076 631 1255 696 viae:
1310 631 1593 718 provolat
1638 654 1852 719 equeS,
1898 644 2088 719 atque
2134 633 2235 696 in-

115 716 318 781 festis
343 716 709 817 cuspidibus
742 717 812 780 in
851 718 1134 782 medium
1167 740 1396 805 agmen
1430 718 1709 783 hostium
1736 719 1902 794 ruit3
1948 742 2239 805 perrum-

171 802 366 903 itque
417 802 690 880 ordmes,
714 826 1116 903 ‘quacunque
1167 805 1253 868 im
1339 818 1477 869 tum
1528 805 1726 870 dedit.
1816 804 2066 871 Instant
2098 806 2235 871 Vo-

145 911 443 954 ummus·
495 902 562 954 et
629 889 861 977 Scipio,
921 904 990 955 et
1051 914 1246 977 percu
1432 906 1739 957 sternunt.
1853 892 2045 970 Tum,
2106 893 2232 958 iam
2252 903 2383 953 Victi
2407 904 2541 953 Sam-

79 976 408 1048 sdeorum
437 976 895 1063 hominumque
917 978 1084 1041 victa
1101 976 1185 1054 vi,
1209 977 1561 1042 funduntur
1589 978 1885 1043 linteatae
1907 979 2227 1045 cohortes:
2248 969 2387 1017 nites.

256 1064 380 1127 iter
419 1062 608 1127 iurati
651 1064 909 1129 iniurati
957 1086 1037 1128 ue
1075 1063 1349 1150 fugiunt,
1391 1087 1511 1129 nec
1586 1087 1945 1151 uemquam,
1986 1078 2236 1152 praeter

115 1084 375 1227 Εέἑῐεε,
406 1162 718 1215 metuunt.
811 1149 902 1215 Pe
954 1151 1111 1214 ‘tum
1141 1156 1388 1238 agmen,
1419 1174 1549 1239 quo
1624 1173 1697 1215 su
1742 1151 1933 1215 erfuit
1958 1174 2233 1239 pugnae,

117 1238 209 1301 in
251 1249 456 1301 castra
495 1237 578 1301 ad
608 1237 1020 1323 Aquiloniam
1061 1236 1456 1325 compulsum
1493 1251 1607 1301 est.
1772 1237 2019 1301 obilitas
2052 1239 2235 1325 equi-

119 1336 368 1409 tesque
399 1322 756 1388 Bovianum
865 1324 1234 1410 rfugerunt:
1283 1346 1320 1388 e
1365 1324 1531 1388 uites
1560 1347 1759 1411 eques
1784 1325 2087 1411 sequitur,
2118 1348 2233 1411 pe-

118 1410 346 1473 ditem
375 1409 608 1497 pedes:
656 1432 730 1474 ac
808 1411 1006 1474 'versa
1034 1432 1290 1487 cornua,
1315 1348 1613 1475 dextrum
1641 1410 1723 1475 ad
1752 1424 1953 1475 castra
1985 1411 2233 1476 Samni·-

121 1496 328 1572 tium‚
357 1496 606 1561 laevum
635 1496 718 1561 ad
745 1497 970 1561 urbem
998 1496 1223 1561 tendit.
1293 1497 1479 1561 Prior
1504 1496 1831 1583 aliquanto
1851 1497 2235 1563 Volumnius

121 1596 348 1648 casu-a
373 1584 580 1669 cepit:
629 1582 713 1647 ad
751 1585 975 1647 urbem
1014 1581 1298 1670 Scipioni
1337 1584 1572 1647 maiore
1594 1583 1923 1648 resistitur
1948 1586 2053 1660 vi3
2100 1607 2235 1648 non

123 1669 298 1757 quia
339 1668 482 1756 plus
523 1668 720 1734 animi
749 1670 932 1734 victis
972 1681 1086 1746 est,
1118 1670 1230 1734 sed
1269 1669 1496 1733 melius
1540 1670 1723 1747 muri,
1756 1692 1947 1756 quam
1974 1669 2232 1748 vallum,

123 1768 414 1821 armatos
442 1769 675 1822 arcent.
736 1755 898 1820 Inde
928 1756 1243 1856 lapidibus
1271 1756 1643 1906 profiulsant
1668 1756 1933 1821 hostem.
2000 1756 2231 1844 Scipio,

124 1843 266 1907 nisi
295 1842 366 1906 in
393 1843 600 1929 primo
673 1866 877 1920 avore,
907 1865 1276 1929 priusquam
1311 1866 1388 1907 eo
1433 1843 1757 1931 igerentur
1784 1843 2000 1922 animi,
2031 1856 2234 1909 trans-

125 1942 286 1994 acta
313 1951 412 1993 res
440 1942 622 2005 esset,
677 1929 986 1994 entiorem
1015 1930 1148 1994 fore
1177 1930 1460 1995 munitae
1483 1930 1657 1994 urbis
1692 1930 2233 2017 oppugnationem

125 2028 335 2091 ratuS,
367 2016 714 2102 interrogat
755 2016 1002 2093 milites,
1052 2024 1072 2053 ‘
1097 2015 1302 2080 Satin’
1342 2038 1549 2102 aequo
1592 2016 1804 2081 animo
1846 2028 2231 2103 paterentur,

129 2113 154 2141 ‘
179 2103 268 2166 ab
299 2101 496 2166 altero
523 2125 725 2167 cornu
751 2115 955 2167 castra
981 2116 1166 2188 capta
1191 2124 1360 2166 esse:
1399 2124 1466 2165 se
1495 2102 1763 2166 victores
1790 2101 1943 2188 pelli
1971 2126 2010 2166 a
2036 2104 2235 2188 portis

128 2200 155 2228 ‘
181 2188 362 2253 urbis
381 2189 438 2252 θ’
553 2188 1070 2254 Reclamantibus
1141 2188 1466 2263 universiS,
1527 2187 1766 2273 primus
1836 2188 1992 2274 ipse,
2053 2200 2233 2253 scuto

126 2296 337 2362 super
368 2288 560 2362 caput
597 2274 781 2353 elato,
812 2275 1019 2363 pergit
1057 2273 1139 2339 ad
1176 2286 1462 2361 portam:
1512 2274 1711 2337 secuti
1754 2274 1880 2349 alii,
1912 2274 2231 2339 testudine

125 2363 328 2439 facta,
375 2361 446 2425 in
495 2362 720 2427 urbem
768 2374 1224 2449 perrumpunt:
1293 2360 1767 2447 deturbatisque
1823 2358 2229 2439 Samnitibus,

131 2448 260 2537 qui
306 2447 471 2513 circa
509 2461 756 2536 portam
801 2460 999 2525 erant,
1029 2469 1240 2512 muros
1281 2468 1689 2534 occupavere.
1776 2446 2117 2511 Penetrare
2161 2448 2229 2511 in

129 2534 450 2599 interiora
491 2534 688 2613 urbis,
735 2534 888 2621 quia
930 2535 1117 2621 pauci
1162 2532 1507 2598 admodum
1552 2545 1749 2610 erant,
1796 2555 1927 2598 non
1973 2533 2227 2598 audent.

133 2620 334 2687 Haec
381 2620 586 2709 primo
637 2622 923 2708 ignorare
971 2621 1208 2698 consul,
1257 2631 1324 2684 et
1372 2620 1655 2684 intentus
1704 2619 2069 2707 recipiendo
2118 2643 2232 2684 ex-

79 2719 112 2768 6
131 2708 374 2774 ercitui
403 2730 577 2773 esse:
625 2709 752 2772 iam
781 2707 952 2771 enim
981 2728 1278 2795 praeceps
1305 2707 1374 2769 in
1404 2728 1695 2771 occasum
1723 2706 1816 2770 sol
1844 2720 1995 2784 erat,
2028 2719 2095 2771 et
2122 2730 2233 2794 ap-

231 2808 374 2859 tens
409 2816 541 2859 nox
578 2792 932 2882 periculosa
967 2806 1034 2857 et
1078 2806 1368 2881 suspecta
1411 2792 1625 2857 omnia
1668 2792 1859 2857 etiam
1892 2793 2235 2857 victoribus

129 2818 431 2947 {ciebat-
522 2880 896 2968 Progressus
924 2880 1172 2966 longius
1200 2880 1280 2943 ab
1309 2879 1536 2943 dextra
1572 2891 1775 2943 castra
1806 2892 1991 2966 capta
2014 2878 2229 2945 videt:

133 2969 228 3033 ab
257 2967 436 3031 laeva
461 2968 800 3033 clamorem
828 2968 900 3031 in
927 2967 1082 3031 urbe
1117 2966 1390 3031 mixtum
1428 2966 1848 3054 pugnantium
1888 2989 1961 3031 ac
1998 2988 2235 3054 paven-

133 3056 311 3120 tium
338 3054 596 3119 fremitu
623 3076 797 3119 esne:
846 3067 914 3118 et
949 3066 1087 3117 tum
1113 3054 1274 3117 forte
1315 3066 1639 3117 certamen
1676 3052 1760 3117 ad
1797 3066 2045 3153 portam
2080 3066 2229 3118 erat.

137 3140 478 3207 Advectus
506 3140 738 3205 deinde
769 3162 936 3227 equo
963 3139 1241 3227 propiuS,
1273 3153 1348 3204 ut
1379 3162 1527 3204 suos
1560 3140 1629 3203 iu
1658 3162 1853 3203 muns
1879 3138 2071 3216 videt,
2112 3162 2233 3203 nec

135 3231 276 3293 iam
315 3227 546 3314 integri
584 3226 924 3313 quicquam
963 3248 1118 3303 esse,
1149 3226 1450 3313 quoniam
1494 3225 1845 3289 temeritate
1889 3246 2233 3310 paucorum

137 3336 418 3401 magnae
447 3314 540 3379 rei
560 3326 741 3401 parta
760 3313 1002 3378 occasio
1023 3325 1204 3390 esset,
1225 3312 1432 3388 acciri,
1456 3333 1614 3400 quas
1635 3324 1976 3410 receperat,
1998 3311 2231 3397 copias,

84 3421 115 3471 7
137 3402 456 3488 signaque
482 3401 553 3465 in
573 3400 795 3465 urbem
823 3398 1040 3463 inferri
1065 3398 1262 3463 iussit.
1327 3396 1603 3485 Ingressi
1623 3419 1911 3484 proxlma
1930 3419 2014 3461 ex
2033 3410 2231 3484 parte,

137 3488 302 3575 quia
349 3509 480 3552 nox
527 3486 1088 3575 appropinquabat,
1137 3485 1450 3573 quievere.
1544 3482 1753 3548 Nocte
1800 3484 2107 3571 oppidum
2153 3486 2233 3549 ab

81 3591 117 3639 8
137 3574 435 3639 hostibus
491 3574 808 3638 desertum
867 3586 978 3637 est.
1090 3570 1296 3636 Caesa
1351 3570 1462 3635 illo
1520 3569 1625 3633 die
1684 3568 1768 3633 ad
1818 3569 2231 3656 Aquiloniam

219 3756 248 3806 5
291 3745 508 3793 Deorum
545 3745 883 3816 hominumque
919 3740 1049 3789 victa
1080 3741 1157 3799 οἱ]
1225 3738 1448 3802 proxima
1467 3738 1561 3786 fixit
1584 3738 1887 3788 venientibus
1906 3755 1935 3788 e
1956 3741 2137 3789 eastris.

142 3810 322 3866 Quam
377 3807 671 3856 horrendum
723 3804 1058 3853 iusiurandum
1111 3808 1162 3851 et
1295 3804 1326 3852 8
1357 3805 1440 3852 Aa
1473 3804 1812 3867 Aquilom'am]
1876 3804 2026 3853 Hane
2062 3808 2232 3854 urbem

139 3872 388 3921 terribiles
409 3871 572 3919 minae
593 3871 647 3919 in
674 3870 854 3918 milites
874 3868 1159 3917 habuerant.
1224 3866 1355 3917 haud
1384 3868 1555 3929 procul
1581 3868 1799 3917 Boviano
1820 3869 1965 3919 fuisse
1987 3868 2235 3917 existimat

145 3938 319 3985 Dom-
387 3936 620 3985 Ceterum
653 3936 783 3984 victa
815 3934 888 3982 vie
904 3951 920 3981 .-
967 3932 1018 3980 in
1053 3938 1156 3980 tex-
1223 3932 1275 3980 N
1279 3931 1430 4007 iebhr.
1453 3931 1522 3981 iii.
1544 3948 1593 3980 n.
1616 3930 1725 3994 654.
1753 3932 1901 3981 aliam
1930 3932 2129 4006 omnino
2160 3938 2231 4007 ap-

139 4008 254 4112 Ὓ
276 4000 770 4126 Zeppffessffl‘ff'zf.
792 4062 935 4123 supr.
959 4060 1058 4109 vm.
1080 4061 1156 4122 38.
1222 3996 1673 4123 ἶῗηιέἕᾚὲἕὶ
1692 3997 2233 4120 ,Ἓῗωὶἒζωᾶἶῖςὲἓ

141 4144 248 4177 noa·
267 4130 368 4175 iam
389 4130 659 4191 appetebat.
877 4180 888 4195 .
1224 4139 1472 4173 caesorum
1506 4124 1701 4181 falsum,
1722 4129 1777 4171 ut
1798 4121 1883 4184 qui
1913 4122 2097 4170 Valerii
2131 4124 2232 4171 An-

217 4203 245 4253 7
267 4194 506 4241 Proxima
524 4208 586 4241 ea·
601 4192 771 4255 parte]
809 4189 892 4238 Ex
913 4194 1052 4251 parte
1070 4188 1158 4236 mi-
1223 4188 1356 4237 tiatis
1371 4188 1548 4236 incude
1562 4186 1822 4235 fabricatus
1836 4186 1911 4235 sit.
1943 4186 2004 4234 cf.
2024 4186 2233 4236 Niebhr.

143 4256 296 4304 litum
313 4255 397 4318 qui
412 4256 520 4303 urbi
537 4254 748 4319 proximi
763 4255 968 4302 fixerant.
993 4253 1159 4301 Dona.
1224 4252 1290 4300 iii.
1313 4266 1361 4301 n.
1384 4250 1492 4313 663.
1538 4254 1716 4300 Decem
1740 4265 1831 4313 pro
1863 4251 2068 4314 trivinen
2095 4266 2233 4313 repo-

147 4318 266 4369 Nisi
298 4320 442 4368 malis
471 4334 586 4369 cum
615 4318 846 4369 Dacierio
868 4322 1068 4375 vertere,
1088 4316 1158 4364 in·
1223 4316 1440 4365 nendum
1461 4316 1635 4363 suadet
1657 4314 1812 4364 Drak.

147 4382 298 4445 gressi
341 4399 430 4445 per
471 4398 578 4432 eam
623 4382 756 4433 urbis
792 4387 998 4443 pal-tw,
1035 4396 1160 4441 quae

2343 2622 2447 2681 42.
