3000 4784
672 213 796 274 598
1442 203 1666 271 ΤΙΤΙ
1719 201 1992 271 LIVII

350 348 419 399 U·
443 352 501 400 C·
526 351 637 412 458·
662 342 809 422 sita,
854 343 1209 430 edictoque,
1265 351 1286 380 ⁶
1305 356 1395 421 ut,
1489 342 1807 429 uicunque
1855 341 1937 406 ad
1983 341 2218 406 vallum
2270 339 2582 416 tenderet,
2627 338 2762 402 sive

348 415 409 464 A.
444 417 502 466 C.
529 428 635 478 ²94·
675 441 694 470 ⁶
714 430 822 496 ille
877 430 1223 507 Romanus,
1275 430 1403 493 sive
1609 429 1708 493 nis
1757 441 1937 506 esset,
1985 451 2101 516 pro
2151 428 2331 492 hoste
2377 427 2696 490 haberent
2713 424 2764 498 ς’

672 518 831 582 haec
882 518 1016 605 ipsa
1064 517 1379 592 minitans,
1432 515 1676 580 obstitit
1731 515 1982 602 profuse
2039 514 2449 579 tendentibus
2499 512 2638 576 suis
2697 511 2768 574 in

671 617 885 669 castra.
978 612 998 641 ⁶
1022 601 1173 698 Quo
1202 602 1449 690 pergis,’
1476 602 1705 689 inquit,
1753 611 1774 640 ⁶
1794 601 1974 666 miles
1993 602 2024 665 ἲ
2065 614 2132 665 et
2160 601 2274 664 hic
2295 622 2470 664 arma
2495 611 2564 662 et
2593 597 2770 661 viros

676 700 695 730 ⁶
716 690 1037 755 invenisse
1103 711 1241 766 nec,
1294 689 1439 752 vivo
1490 688 1745 753 consule
1798 701 1931 765 tun,
1983 688 2106 751 nisi
2155 688 2358 752 victor
2405 697 2620 750 castra
2667 685 2774 747 in-

675 787 694 816 ⁶
716 777 923 841 trabis·
999 774 1275 839 Proinde
1306 775 1489 862 elige,
1521 797 1668 840 cum
1699 775 1855 852 cive,
1885 797 1966 838 an
1997 773 2196 850 hoste,
2225 796 2512 860 pugnate
2543 771 2774 835 malis.’

676 862 857 928 Haec
896 862 1148 927 dicente
1188 861 1463 938 consule,
1511 862 1758 948 equites
1795 860 2033 925 infestis
2075 859 2439 947 cuspidibus
2487 858 2774 922 circum-

673 949 1047 1025 funduntur,
1096 972 1169 1013 ac
1220 948 1502 1036 peditem
1555 949 1624 1012 in
1672 969 1954 1035 pugnam
2002 946 2207 1011 redire
2259 947 2499 1011 iubent.
2607 943 2772 1008 Non

674 1037 870 1101 virtus
912 1035 1115 1100 solum
1153 1034 1495 1112 consulem,
1527 1034 1639 1098 sed
1677 1035 1803 1099 fors
1848 1034 2040 1098 etiam
2083 1033 2362 1105 adiuvit3
2409 1030 2590 1118 quod
2633 1053 2770 1094 non

673 1123 1041 1188 institerunt
1078 1121 1411 1200 SamniteS,
1442 1121 1712 1208 spatium
1759 1143 1840 1185 ue
1879 1118 2350 1206 circumagendi
2387 1119 2594 1204 signa,
2623 1139 2768 1181 ver-

677 1210 981 1310 tendique
1030 1208 1231 1273 aciem
1273 1231 1313 1272 a
1352 1209 1568 1272 castris
1613 1208 1680 1271 in
1714 1144 1973 1272 (bostem
2015 1207 2154 1272 fuit.
2245 1205 2418 1270 Tum
2453 1203 2568 1270 alii
2609 1203 2768 1268 alios

675 1296 931 1374 hortari,
974 1308 1048 1360 ut
1094 1317 1163 1359 re
1249 1306 1458 1358 terent
1505 1316 1824 1382 pugnam:
1879 1294 2280 1358 centuriones
2323 1293 2404 1357 ab
2445 1291 2494 1354 s’
2594 1290 2612 1304 ’
2641 1291 2766 1354 eris

675 1396 854 1470 rapta
880 1383 1059 1469 signa
1090 1381 1159 1444 in
1184 1403 1357 1464 erre:
1406 1393 1471 1444 et
1505 1379 1836 1445 ostendere
1876 1381 2023 1456 suiS,
2053 1401 2288 1466 paucos
2325 1391 2396 1442 et
2429 1401 2472 1442 o
2553 1377 2568 1390 ’
2627 1377 2766 1440 ’bus

674 1469 883 1534 incom
1000 1469 1101 1532 itis
1130 1467 1325 1532 effuse
1348 1467 1564 1531 venire
1593 1466 1816 1532 hostes
1882 1465 2064 1531 Inter
2089 1465 2245 1530 hacc
2267 1463 2512 1542 consul,
2534 1485 2766 1528 manus

674 1556 755 1620 ad
784 1579 896 1620 coe
922 1579 1030 1620 um
1059 1553 1367 1631 attollens,
1392 1576 1545 1618 voce
1575 1553 1758 1630 clara,
1783 1553 1872 1618 ita
1901 1566 1974 1618 ut
2000 1552 2422 1628 exaudiretur,
2447 1550 2764 1638 templum

675 1641 813 1706 Iovi
853 1631 1085 1707 Statori
1112 1653 1317 1718 vovet,
1347 1640 1401 1704 si
1437 1640 1817 1705 constitisset
1853 1663 1892 1704 a
1927 1639 2078 1726 fuga
2107 1638 2400 1703 Romana
2436 1638 2628 1714 acies,
2660 1659 2761 1702 re-

675 1728 1157 1814 dintegratoque
1202 1726 1440 1812 proelio
1478 1725 1810 1790 cecidisset
1845 1726 2220 1812 vicissetque
2260 1724 2542 1811 legiones
2580 1724 2766 1788 Sam-

676 1813 922 1877 nitium.
1018 1813 1259 1877 Omnes
1288 1811 1574 1897 undique
1605 1813 1811 1876 annisi
1847 1812 1930 1877 ad
1968 1811 2420 1877 restituendam
2455 1832 2760 1898 pugnam,

674 1899 888 1975 duceS,
941 1897 1190 1975 milites,
1248 1897 1535 1985 peditum
1593 1921 1630 1962 e
1677 1899 2010 1987 uitumque
2067 1899 2198 1963 vis:
2267 1920 2510 1962 numen
2566 1897 2806 1962 etiam6

674 1985 939 2051 deorum
989 1984 1333 2072 respexisse
1380 2006 1616 2049 nomen
1631 1919 2026 2050 qRomanum
2070 1986 2274 2050 visum
2294 2009 2313 2048 t
2368 1983 2532 2049 adeo
2577 1983 2760 2048 fizcile

676 2071 981 2138 inclinata
1020 2094 1137 2148 res,
1182 2070 1550 2158 repulsique
1593 2095 1632 2135 a
1671 2072 1888 2136 castris
1929 2073 2180 2148 hostes;
2227 2095 2378 2136 mox
2423 2071 2616 2138 etiam
2663 2093 2762 2135 re-

676 2159 845 2224 dacti
890 2159 973 2224 ad
1014 2182 1162 2223 eum
1205 2157 1433 2236 locum,
1478 2158 1549 2222 in
1637 2181 1721 2223 uo
1763 2159 2093 2224 commissa
2136 2180 2351 2246 pugna
2391 2171 2545 2222 erat.
2637 2156 2757 2234 Ibi,

674 2247 1001 2311 obiacente
1030 2245 1413 2309 sarcinarum
1440 2267 1588 2308 cum
1656 2269 1716 2322 o,
1748 2267 1903 2331 quas
1927 2245 2329 2310 coniecerant
2355 2245 2424 2308 in
2453 2244 2756 2320 medium,

673 2333 928 2397 haesere
968 2331 1299 2418 impediti:
1346 2331 1601 2408 deinde,
1647 2354 1728 2396 ne
1771 2331 1892 2395 diri
1939 2347 2196 2396 crentur
2237 2354 2354 2408 reS,
2395 2331 2617 2396 orbem
2663 2354 2758 2394 ar-

676 2431 983 2483 matorum
1042 2418 1297 2482 sarcinis
1348 2417 1756 2482 circumdant.
1935 2441 2045 2482 um
2100 2440 2250 2484 vero
2297 2441 2406 2482 eos
2463 2441 2502 2482 a
2551 2417 2756 2482 fronte

674 2527 899 2593 urgere
928 2504 1192 2592 pediteS,
1222 2505 1301 2569 ab
1331 2517 1508 2590 tergo
1537 2505 1938 2568 circumvecti
1965 2505 2230 2592 equites,
2319 2502 2420 2570 Ita
2447 2504 2516 2568 in
2547 2503 2756 2568 medio

676 2593 839 2657 caesi
868 2591 1184 2679 captique.
1274 2589 1691 2677 Captivorum
1719 2612 2020 2655 numerus
2045 2592 2168 2657 fuit
2205 2604 2444 2680 septem
2487 2589 2756 2654 millium

676 2701 749 2743 ac
787 2676 1225 2755 ducentorum,
1263 2677 1375 2763 qni
1414 2699 1636 2742 omnes
1672 2676 1830 2740 nudi
1869 2678 1986 2741 sub
2029 2678 2250 2764 iugum
2286 2677 2458 2740 mism‘
2479 2701 2498 2740 z
2545 2699 2756 2742 caesos

672 2763 945 2829 retulere
1002 2764 1083 2828 ad
1141 2777 1440 2850 quattuor
1494 2762 1693 2828 millia
1747 2763 2160 2850 octingentos.
2279 2763 2346 2827 N
2349 2786 2386 2827 e
2451 2763 2754 2828 Romanis

674 2850 935 2936 quidem
982 2850 1147 2914 laeta
1189 2851 1449 2915 victoria
1494 2850 1650 2914 fuit:
1699 2863 2064 2916 recensente
2109 2849 2365 2915 consule
2411 2850 2612 2915 biduo
2655 2872 2753 2914 ac·

672 2948 921 3084 cepltam
945 2934 1209 3013 cladem,
1232 2936 1601 3001 amissorum
1631 2936 1904 3000 militum
1933 2959 2232 3000 numerus
2253 2935 2485 3001 relatus
2513 2951 2752 3023 septem

674 3021 763 3085 mi
810 3021 942 3084 ium
970 3044 1043 3085 ac
1072 3019 1506 3087 ducentorum.
1599 3022 1776 3086 Dum
1805 3022 1960 3087 haec
1990 3023 2060 3086 in
2089 3022 2328 3110 Apulia
2435 3024 2750 3099 rebantur,

676 3108 873 3173 altero
900 3107 1185 3173 exercitu
1218 3107 1532 3174 Samnites
1560 3108 2004 3186 Interamnam,
2035 3045 2748 3186 coloniamffiomanam,
2769 3131 2794 3180 7

676 3219 839 3284 quae
861 3195 963 3260 via
983 3195 1214 3260 Latina
1240 3207 1354 3272 est,
1379 3218 1686 3283 occupare
1709 3196 1937 3273 conati,
1961 3196 2182 3262 urbem
2211 3219 2344 3261 non
2373 3209 2746 3262 tenuerunt:

674 3306 855 3370 agros
886 3281 1253 3370 depopulati
1280 3305 1478 3369 quum
1517 3282 1816 3369 praedam
1855 3282 2041 3347 aliam
2077 3282 2228 3348 inde
2257 3283 2520 3348 mixtam
2549 3283 2752 3348 homi-

674 3393 829 3434 num
868 3383 1059 3457 atque
1098 3369 1437 3456 pecudum,
1468 3369 1852 3457 colonosque
1889 3383 2105 3456 captos
2143 3382 2422 3457 agerent,
2457 3371 2528 3434 in
2559 3371 2748 3436 victo-

672 3479 805 3521 rem
836 3456 1129 3521 incidunt
1162 3455 1505 3533 consulem,
1535 3456 1614 3520 ab
1645 3455 1918 3521 Luceria
1953 3456 2366 3521 redeuntem:
2413 3479 2534 3521 nec
2573 3480 2749 3544 prae-

670 3541 818 3606 dam
848 3542 1049 3607 solum
1078 3543 1395 3620 amittunt,
1426 3543 1590 3608 sedi
1666 3543 1691 3606 i
1717 3542 1909 3630 longo
1937 3557 2127 3630 atque
2157 3542 2463 3631 impedito
2499 3544 2746 3631 agmine

670 3628 1068 3714 incompositi
1118 3629 1485 3696 caeduntur.
1643 3629 1842 3706 onsuI,
1891 3627 2320 3694 Interamnam
2373 3631 2588 3695 edicto
2635 3631 2743 3695 do-

672 3713 859 3777 minis
902 3713 983 3778 ad
1024 3737 1125 3778 res
1175 3737 1316 3779 suas
1366 3715 1713 3781 noscendas
1759 3715 2273 3802 recipiendasque
2319 3717 2640 3793 revocatis,
2681 3731 2742 3781 et

671 3799 955 3865 exercitu
984 3799 1073 3863 ibi
1102 3799 1339 3878 relicto,
1364 3803 1761 3866 comitiorum
1784 3824 1972 3868 causa
1993 3801 2264 3866 Romam
2287 3815 2382 3866 est
2409 3803 2734 3889 profectus·

674 3885 803 3956 Cui
839 3887 921 3952 de
966 3886 1287 3973 triumpho
1329 3889 1544 3974 agenti
1589 3902 1854 3976 negatus
1901 3887 2120 3966 hon08,
2162 3902 2227 3954 et
2265 3889 2348 3953 ob
2385 3890 2612 3954 amissa
2653 3903 2740 3954 tot

729 4159 761 4208 6
792 4163 991 4212 Numen
1017 4162 1157 4210 etiam
1184 4163 1403 4221 deorum]
1444 4161 1530 4210 Dii
1553 4177 1670 4223 quo-
1735 4166 1914 4212 Latina
1927 4165 2208 4227 erasum-Ji.
2221 4179 2296 4229 39.
2307 4181 2371 4214 sc.
2385 4166 2432 4214 in
2444 4165 2610 4214 Lat-io:
2629 4181 2733 4214 nam

665 4221 867 4281 que-visi
889 4223 1153 4284 respexisse
1176 4225 1437 4272 Romanos.
1472 4227 1630 4275 Cam.
1733 4227 1868 4274 aliud
1911 4229 2148 4290 oppidum
2188 4229 2404 4277 eiusdem
2443 4229 2652 4279 nominis
2686 4230 2730 4278 in

732 4295 756 4342 7
791 4287 1145 4354 ζηωνανηηαηι]
1200 4287 1315 4335 Sive
1348 4289 1668 4348 Interamnas,
1737 4289 1962 4348 Umbria,
1992 4292 2129 4340 aliud
2161 4293 2212 4340 in
2245 4293 2428 4342 Piceno
2453 4293 2562 4345 fuit.
2597 4295 2731 4344 etad

664 4346 901 4392 colomam
918 4348 1063 4397 Rom.
1099 4349 1159 4397 cf.
1180 4348 1247 4398 ix.
1268 4353 1342 4401 28.
1366 4369 1491 4415 quae
1513 4353 1563 4402 in
1587 4355 1667 4402 via
1733 4354 1850 4403 Tac.
1870 4359 2002 4404 Anu.
2022 4355 2054 4406 i.
2083 4367 2157 4419 79.
2195 4358 2326 4406 Rus.
