3000 4784
317 354 322 361 ”
354 338 424 395 U.
445 339 506 391 C.
531 350 642 403 374.

351 405 414 461 A.
447 404 508 457 Ο.
531 405 642 467 378.

467 1026 570 1089 25.

363 2161 568 2211 Bellum

362 2224 659 2277 Tusculanis

361 2290 618 2345 indictum.

363 2679 410 2727 A
436 2677 674 2727 Tuscula-

363 2742 440 2791 nis
461 2757 586 2804 pace

363 2804 606 2854 constanti

365 2870 617 2931 propulsa-

363 2938 486 2983 tum.

679 198 808 266 3⁷6
1449 192 1679 261 TITI
1730 190 2003 279 Lrvn

680 332 963 435 pedestri
1027 355 1246 421 pugna
1301 331 1603 433 invadere
1660 331 1927 433 hostem.
2018 330 2203 433 Eunt
2258 331 2563 433 insignes
2602 332 2815 434 ,αι-πίε

681 418 2819 607 sssgsrpfiffzfaffifflffifflffisffs².

622 633 643 643 ·
683 616 933 659 summo
949 606 1295 658 certamme
1313 592 1529 657 ammi.
1625 591 1839 657 Sensit
1854 615 2007 679 ergo
2024 605 2293 657 eventus
2309 593 2583 657 virtutis
2600 592 2817 657 enim

685 702 910 767 opem:
959 692 1026 745 et
1055 679 1296 758 Volsci,
1328 702 1458 767 qua
1484 679 1677 744 modo
1712 678 2011 745 simulato
2040 691 2221 743 metu
2247 693 2613 757 cesserant,
2646 702 2735 743 ea
2758 678 2823 741 in

685 790 900 832 veram
1093 789 1160 831 m
1203 766 1407 853 effusi,
1449 787 1683 853 magna
1722 784 1867 853 pars
1910 778 1978 831 et
2019 764 2089 829 in
2134 766 2273 853 ipso
2316 766 2727 843 certamine,
2762 780 2823 828 et

688 866 833 955 post
882 852 953 918 in
1021 876 1148 941 uga
1179 854 1382 918 caesi:
1443 853 1642 917 ceteri
1694 854 1765 916 in
1816 852 2052 929 castri&
2105 876 2271 939 quae
2324 865 2521 940 capta
2580 851 2859 917 eodema

689 963 776 1005 un
864 952 933 1005 tu
961 953 1147 1017 sunt3
1193 939 1407 1027 plures
1436 953 1652 1004 tamen
1674 939 1865 1026 capti,
1896 962 2091 1026 quam
2120 938 2330 1003 occisi.

847 1027 914 1092 bi
973 1027 1042 1090 in
1099 1025 1507 1091 recensendis
1562 1025 1828 1125 captivis
1884 1048 2087 1111 quum
2119 1024 2497 1090 ‘Tusculani
2562 1025 2829 1112 aliquot

687 1114 1172 1192 noscitarentur‚
1203 1113 1430 1177 secreti
1457 1113 1539 1177 ab
1568 1112 1707 1177 alus
1734 1112 1817 1177 ad
1856 1112 2145 1177 tribunos
2187 1112 2647 1190 adducuntur,
2680 1134 2827 1199 per-

688 1200 1134 1265 cunctantibus
1180 1222 1262 1265 ue
1289 1199 1455 1277 fassi,
1485 1197 1745 1286 publico
1780 1198 2045 1264 consilio
2074 1222 2141 1263 se
2170 1198 2489 1265 militasse.
2608 1198 2829 1264 Cuius

687 1287 1130 1353 tamvicinibe
1182 1287 1195 1300 ‘
1229 1298 1408 1351 metu
1429 1284 1741 1350 Camillus
1770 1298 1999 1363 motus,
2027 1293 2049 1324 ‘
2068 1286 2390 1373 extemplo
2418 1309 2487 1350 se
2516 1286 2825 1351 Romam

692 1383 713 1413 ‘
741 1374 1021 1462 captivos
1049 1372 1430 1450 ducturum,’
1452 1372 1562 1450 ait,
1598 1380 1617 1411 ‘
1633 1394 1717 1436 ne
1739 1371 1963 1437 Patres
1990 1372 2193 1460 ignari
2224 1372 2371 1451 sint,
2392 1372 2827 1437 Tusculanos

693 1470 714 1500 ‘
733 1462 814 1526 ab
873 1462 1172 1525 societate
1232 1458 1539 1523 descisse:
1616 1458 1833 1523 castris
1892 1458 2330 1545 exercituique
2398 1458 2711 1537 interim,
2772 1456 2823 1521 si

694 1555 714 1588 ‘
729 1546 1039 1625 videatur,
1077 1546 1313 1635 praesit
1353 1544 1637 1632 collega)
1724 1543 2137 1610 Documento
2180 1567 2345 1610 unus
2388 1545 2529 1610 dies
2574 1545 2821 1619 fixerat,

689 1656 774 1699 ne
803 1656 919 1697 sua
946 1633 1208 1699 consilia
1237 1632 1603 1698 melioribus
1631 1631 1996 1733 praeferret.
2086 1630 2232 1696 Nec
2262 1644 2479 1697 tamen
2506 1644 2639 1697 aut
2672 1630 2821 1719 ipsi,

693 1732 804 1785 aut
821 1720 890 1783 in
907 1720 1194 1785 exercitu
1211 1720 1511 1807 cuiquam
1534 1732 1683 1783 satls
1743 1718 1947 1783 lacato
1976 1718 2190 1783 animo
2215 1716 2531 1783 Camillus
2554 1719 2819 1784 laturus

691 1804 945 1891 culpam
975 1806 1112 1870 eius
1140 1805 1494 1883 videbatur,
1527 1829 1658 1893 qua
1686 1742 1835 1870 <fata
1874 1805 1939 1869 in
1972 1818 2103 1869 tam
2131 1804 2549 1892 praecipitem
2580 1825 2817 1870 casum

690 1890 1048 1978 respublica
1069 1903 1268 1968 esset3
1316 1904 1382 1957 et
1403 1915 1607 1978 quum
1628 1893 1699 1956 in
1727 1892 2033 1969 exercitu,
2052 1906 2191 1957 tum
2223 1890 2471 1956 Romae
2494 1905 2815 1957 constans

691 1977 980 2042 omnium
1007 1978 1178 2043 fama
1204 1991 1359 2058 erat,
1392 2002 1594 2066 quum
1624 1979 1794 2043 varia
1820 1979 2077 2044 fortuna
2110 1979 2179 2042 in
2209 1977 2461 2043 Volscis
2487 1992 2688 2066 gesta.
2714 1998 2814 2041 res

689 2077 876 2143 esset,
937 2065 1232 2131 adversae
1301 2088 1554 2153 pugnae
1627 2066 1814 2153 fugae
1863 2089 1945 2130 ue
2005 2066 2073 2129 in
2146 2064 2225 2129 L.
2258 2064 2451 2130 Furio
2518 2066 2807 2153 culpam,

689 2153 1007 2218 secundae
1039 2152 1236 2217 decus
1273 2176 1464 2218 omne
1505 2148 1703 2239 penes
1734 2152 1828 2217 M.
1914 2152 2121 2216 urium
2158 2174 2312 2216 esse.
2404 2150 2810 2217 Introductis

689 2240 760 2303 in
803 2253 1091 2305 senatum
1123 2240 1404 2327 captivis,
1481 2262 1639 2303 uum
1666 2238 1836 2304 bello
1879 2238 2353 2326 persequendos
2394 2237 2809 2303 Tusculanos

691 2325 912 2390 Patres
971 2326 1382 2403 censuissent,
1481 2324 1853 2411 *amilloque
1911 2325 1981 2390 id
2050 2324 2290 2390 bellum
2348 2325 2802 2399 mandassenss

689 2412 1044 2478 adiutorem
1062 2412 1182 2477 sibi
1203 2411 1288 2477 ad
1316 2435 1459 2477 eam
1487 2434 1621 2476 rem
1653 2434 1857 2476 unum
1884 2412 2084 2499 petit:
2134 2413 2589 2499 permissoque,
2614 2427 2695 2477 ut
2726 2432 2807 2475 ex

691 2497 952 2587 collegis
1010 2511 1276 2587 optaret,
1332 2522 1527 2586 quem
1585 2498 1795 2575 vellet,
1844 2512 2069 2563 contra
2124 2522 2301 2585 spem
2364 2499 2661 2564 omnium
2724 2498 2800 2561 L.

693 2584 955 2651 Furium
1001 2610 1040 2651 o
1086 2588 1260 2651 tavit.
1356 2586 1509 2661 Qua
1548 2584 1981 2649 moderatione
2028 2585 2227 2649 animi
2264 2608 2468 2671 quum
2512 2586 2643 2650 coll

691 2671 926 2738 levavit
955 2610 1298 2750 inAEmiann
1325 2685 1460 2737 tum
1491 2670 1611 2736 sibi
1640 2670 1904 2759 gloriam
1928 2672 2255 2759 ingentem
2285 2673 2555 2759 peperit:
2656 2673 2799 2737 hec

690 2758 812 2825 fuit
841 2782 989 2824 cum
1021 2759 1402 2824 Tusculanis
1431 2757 1704 2824 bellum:
1752 2781 1909 2846 pace
1934 2759 2247 2823 constanti
2268 2759 2399 2822 vim
2433 2758 2799 2824 Romanam

693 2857 1050 2921 arcuerunt,
1105 2868 1299 2931 quam
1357 2846 1547 2910 armis
1598 2867 1732 2909 non
1781 2858 2093 2932 poterant.
2186 2844 2581 2910 Intrantibus
2636 2847 2798 2910 fines

696 2929 1004 2995 Romanis
1040 2953 1170 2994 non
1211 2932 1637 3017 demigratum
1666 2954 1750 2996 ex
1788 2931 2165 3019 propinquis
2196 2930 2413 2996 itineri
2452 2932 2633 3010 locis,
2666 2952 2797 2998 non

689 3014 900 3080 cultus
929 3038 1224 3101 agrorum
1263 3018 1690 3081 intermissus:
1737 3018 2105 3118 patentibus
2132 3019 2332 3106 portis
2368 3019 2564 3097 urbis,
2596 3018 2795 3107 togati

691 3101 942 3167 obviam
989 3102 1356 3190 frequentes
1413 3102 1897 3189 imperatoribus
1946 3127 2342 3191 processere:
2404 3120 2797 3171 commeatus

689 3190 1002 3255 exercitui
1045 3189 1312 3255 comiter
1339 3190 1408 3254 in
1451 3202 1654 3255 castra
1694 3213 1779 3255 ex
1808 3192 1965 3255 urbe
2011 3205 2076 3256 et
2106 3214 2187 3255 ex
2232 3193 2398 3278 agris
2433 3191 2789 3259 devehitur.

695 3276 1025 3356 CamilluS‚
1055 3277 1272 3343 castris
1311 3290 1459 3342 ante
1499 3290 1714 3364 portas
1742 3277 1983 3377 positiS,
2016 3278 2326 3343 eademne
2356 3278 2563 3343 forma
2596 3280 2789 3368 paciS,

692 3387 856 3451 quae
901 3366 970 3429 in
1010 3365 1174 3452 agris
1214 3376 1653 3442 ostentaretur,
1687 3378 1877 3428 enam
1914 3364 2081 3429 intra
2124 3364 2377 3429 moenia
2415 3379 2602 3446 esset,
2635 3368 2790 3432 scire

691 3451 990 3540 cupiens;
1036 3453 1355 3540 ingressus
1391 3452 1634 3529 urbem,
1666 3451 1777 3515 ubi
1812 3462 2103 3538 patentes
2131 3451 2371 3529 ianuaS,
2404 3464 2469 3517 et
2516 3453 2788 3519 tabernis

689 3538 924 3626 apertis
953 3538 1276 3625 proposita
1297 3538 1513 3602 omnia
1542 3537 1611 3601 in
1640 3536 1853 3617 medio
1882 3537 2060 3615 vidit,
2092 3537 2501 3625 intentosque
2532 3540 2788 3627 opifices

689 3648 805 3689 suo
835 3647 1157 3713 quemque
1187 3625 1385 3712 operi,
1417 3638 1483 3689 et
1521 3622 1705 3688 ludos
1732 3622 2057 3688 literarum
2098 3636 2376 3710 strepere
2406 3625 2787 3691 discentium

688 3711 968 3787 vocibus,
993 3732 1066 3775 ac
1095 3711 1365 3798 repletas
1387 3711 1659 3789 semitm,
1690 3710 1859 3775 inter
1877 3710 2104 3797 vulgus
2132 3710 2329 3791 aliud,
2352 3734 2701 3799 puerorum
2729 3724 2788 3779 et

690 3794 1028 3861 mulierum
1058 3794 1185 3862 huc
1226 3808 1416 3883 atque
1446 3796 1598 3862 illuc
1646 3798 1957 3874 euntium,
1989 3820 2119 3884 qua
2162 3820 2487 3885 quemque
2530 3822 2785 3864 suorum

690 3904 919 3947 usuum
941 3903 1164 3945 causae
1194 3882 1463 3947 ferrent:
1513 3884 1673 3947 nihil
1697 3906 1984 3970 usquam,
2010 3906 2140 3948 non
2170 3884 2416 3969 pavidis
2444 3885 2659 3963 mod0,
2679 3883 2786 3951 sed

687 3992 770 4037 ne
815 3968 1188 4035 mirantibus
1232 3968 1494 4057 quidem
1538 3970 1742 4035 simile
1761 3970 2376 4061 (circumspiciebat
2420 3972 2658 4050 omnia,
2692 3973 2785 4037 in-

681 4160 810 4210 tradi
845 4164 997 4222 atque
1027 4158 1216 4221 equites
1251 4172 1341 4222 pro
1373 4155 1701 4220 antesignanis
1840 4170 1865 4203 2
1910 4157 2077 4216 Caesi]
2140 4156 2291 4204 Hanc
2328 4154 2583 4205 victoriam
2628 4160 2681 4203 et
2720 4170 2785 4205 se-

681 4223 894 4289 pedestri
927 4238 1092 4285 pugna
1119 4238 1222 4271 rem
1248 4222 1410 4271 conari
1431 4221 1696 4270 restituere.
1764 4227 1997 4283 quentcm
2033 4221 2095 4268 de
2130 4218 2425 4269 Tusculanis
2458 4218 2783 4269 narrationem

679 4290 748 4337 In
763 4289 1040 4347 fluctuanti
1068 4288 1174 4337 acie
1201 4287 1402 4336 fortasse
1433 4287 1696 4337 rescriben-
1762 4286 1891 4333 inter
1927 4286 2077 4333 falsas
2114 4285 2318 4334 Camilli
2354 4284 2529 4332 laudes
2568 4284 2781 4335 reficien-

681 4352 800 4401 dum
822 4356 989 4399 censet
1013 4351 1161 4400 Doer.
1423 4376 1428 4381 ·
1762 4349 1878 4398 dam
1901 4355 2068 4399 censet
2092 4348 2297 4399 Niebhr.
2320 4347 2370 4398 ii.
2393 4362 2443 4411 p.
2470 4346 2583 4411 586.
