3000 4784
1133 608 1527 695 EPITO
1558 608 1744 692 ME
1829 608 2205 692 LIBRI
2294 606 2402 689 V.

710 1106 834 1169 IN
845 1107 1138 1170 obsidione
1191 1105 1467 1169 Veiorum
1508 1103 1899 1167 hibernacula
1927 1104 2215 1165 militibus
2234 1104 2426 1185 sacta
2454 1109 2613 1163 sunt.
2723 1098 2841 1161 Ea
2953 1114 2954 1185 ἐ

707 1216 804 1255 res
841 1214 1026 1277 quum
1067 1203 1213 1255 esset
1255 1214 1428 1267 nova,
1461 1193 1927 1273 indiqnationem
1966 1190 2343 1251 tribunorum
2378 1188 2570 1270 plebis
2610 1190 2839 1256 nwvit,
2953 1188 2954 1199 ¹

708 1283 1096 1367 querentium,
1129 1301 1247 1343 non
1281 1280 1425 1341 dari
1457 1278 1623 1361 plebi
1658 1298 1763 1339 nec
1803 1298 1915 1358 per
1948 1278 2195 1337 hiemem
2239 1276 2489 1337 militiae
2530 1275 2833 1371 requiem
2953 1310 2954 1325 η

707 1362 965 1449 Equites
995 1376 1122 1428 tum
1135 1369 1406 1449 primum
1433 1367 1601 1447 equis
1628 1365 1755 1425 suis
1794 1384 2015 1424 merere
2044 1371 2373 1444 coeperunt.
2480 1360 2703 1435 Quum
2738 1361 2837 1418 in·-

709 1453 958 1514 undatio
987 1475 1057 1513 ea·
1086 1453 1226 1513 lacu
1254 1452 1496 1513 Albano
1518 1450 1708 1531 sacta
1736 1458 1902 1523 esset,
1934 1457 2120 1522 vates,
2150 1450 2259 1531 qui
2294 1468 2427 1509 eam
2458 1468 2587 1507 rem
2628 1448 2839 1507 imer-
2953 1450 2954 1453 ’

697 1547 1066 1621 pretaretur,
1097 1539 1170 1599 de
1198 1538 1460 1599 hostibus
1495 1545 1711 1618 captus
1738 1544 1839 1597 est.
1934 1535 2169 1596 Furius
2214 1532 2512 1597 Camillus
2550 1533 2833 1593 dictator
2952 1518 2954 1597 ἕ

705 1624 902 1685 decem
930 1644 1119 1685 annos
1141 1624 1394 1685 obsessos
1431 1622 1599 1684 Veios
1628 1624 1809 1705 cepit.-
1857 1621 2251 1682 simulacrum
2270 1620 2525 1681 Iunonis
2548 1619 2833 1681 Romam

707 1709 1056 1773 transtulit.
1103 1710 1393 1771 decimam
1426 1718 1671 1791 partem
1690 1707 1966 1790 praedae
1994 1706 2267 1789 Delphos
2310 1704 2593 1788 Apollini
2628 1705 2825 1765 malent.
2953 1708 2954 1757 1

707 1794 878 1857 Idem
907 1795 1182 1855 tribunus
1219 1796 1494 1869 militum,
1526 1816 1711 1877 quum
1752 1794 2025 1854 Faliscos
2064 1793 2367 1866 obsideret,
2388 1792 2673 1873 proditos
2716 1792 2829 1851 lw-
2953 1792 2954 1843 5

704 1882 888 1942 stium
923 1880 1104 1959 filios
1148 1881 1505 1963 parentibus
1562 1882 1829 1941 remisit:
1892 1881 2209 1962 statimque
2266 1879 2559 1939 deditione
2599 1879 2825 1959 facta,
2952 1928 2954 1957 ;

705 1966 1088 2027 Faliscorum
1109 1969 1422 2028 victoriam
1451 1968 1685 2028 iustitia
1714 1974 2057 2027 consecutus
2100 1974 2201 2027 est.
2308 1964 2513 2040 Quum
2556 1964 2725 2025 alter
2754 1985 2828 2022 ez·
2953 1960 2954 2025 Ῠ

707 2052 1041 2113 censoribus
1095 2052 1163 2116 C.
1197 2052 1396 2114 Iulius
1439 2053 1789 2126 decessisset,
1836 2054 1901 2113 in
1946 2051 2139 2113 locum
2180 2052 2307 2112 eius
2350 2050 2447 2111 M
2495 2049 2829 2113 Cornelius
2953 2062 2954 2089 ³

705 2138 993 2221 suffectus
1021 2148 1122 2201 est.
1213 2137 1346 2201 ΜΟ
1375 2139 1442 2199 id
1456 2148 1671 2221 postea
1686 2140 1939 2220 factum
1968 2147 2057 2199 est
2070 2161 2091 2199 .-
2139 2138 2421 2220 quoniam
2449 2158 2516 2197 eo
2548 2137 2752 2198 lustro
2780 2157 2823 2195 a

713 2224 918 2287 Gallis
947 2225 1148 2287 Roma
1179 2234 1358 2308 capta
1387 2235 1489 2286 est.
1580 2224 1817 2287 Furius
1840 2222 2168 2297 Camillus,
2202 2244 2385 2306 quum
2414 2224 2472 2282 ei
2496 2222 2631 2285 dies
2658 2242 2703 2283 a
2736 2221 2821 2283 L.

707 2310 1008 2393 Appuleio
1038 2313 1278 2373 tribuno
1295 2312 1486 2393 plebis
1519 2311 1691 2371 dicta
1728 2319 1892 2384 esset,
1924 2312 1988 2371 in
2028 2310 2295 2371 exsilium
2332 2308 2498 2369 abiit.
2608 2310 2823 2385 Quum
2953 2358 2954 2399 ζ

715 2396 974 2459 Senones
1011 2396 1188 2461 G'alli
1225 2397 1497 2460 Clusium
1526 2397 1872 2471 obsiderent,
1902 2406 1963 2457 et
1990 2396 2188 2479 leqati,
2220 2417 2263 2457 a
2290 2404 2502 2456 senatu
2532 2396 2711 2457 missi
2738 2394 2829 2455 ad
2953 2424 2954 2455 ‡

709 2484 1169 2567 componendam
1208 2487 1363 2545 inter
1401 2505 1496 2544 eos
1539 2492 1598 2543 et
1640 2482 1916 2545 Clusinos
1948 2504 2186 2564 pacem,
2221 2490 2565 2564 puqnantes
2602 2490 2821 2543 contra

717 2569 934 2633 Gallos
971 2573 1036 2633 in
1077 2573 1204 2631 acie
1243 2570 1627 2632 Clusinorum
1666 2572 1959 2631 stet-essent
1972 2592 1997 2641 ;
2042 2569 2153 2629 Izoc
2172 2570 2355 2649 facto
2382 2588 2589 2629 eorum
2621 2568 2823 2629 muci-

707 2659 826 2717 tati
871 2656 1126 2719 Senones
1157 2657 1357 2717 urbem
1389 2656 1603 2736 infesto
1641 2657 1899 2716 exercitu
1918 2656 2241 2736 petierunt,
2256 2654 2542 2735 fusisque
2582 2656 2677 2715 ad
2700 2653 2823 2715 Al-

709 2742 856 2803 liam
880 2742 1128 2824 flumen
1166 2742 1479 2815 Romanis,
1534 2762 1733 2823 cepere
1776 2741 1976 2801 urbem
2010 2748 2259 2822 praeter
2312 2739 2707 2821 Capitolium,
2756 2743 2820 2799 in

708 2828 872 2909 quod
909 2850 971 2889 se
1020 2830 1295 2889 iuventus
1338 2827 1675 2888 contulerat
1690 2850 1711 2889 .·
1772 2828 2026 2887 maiores
2073 2835 2245 2899 natu,
2292 2846 2427 2887 cum
2478 2828 2821 2909 ivisiynibus

709 2912 1018 2986 honorum,
1050 2934 1196 2995 quos
1234 2916 1482 2995 quisque
1504 2922 1793 2995 yesserat‚
1826 2915 1890 2974 in
1924 2912 2227 2973 vestibulis
2254 2912 2491 2973 aedium
2526 2913 2815 2985 sedentes,

709 2998 1064 3059 accida-unt.
1156 2998 1254 3059 Et
1287 3019 1472 3081 quum
1495 3021 1615 3080 per
1654 3019 1927 3059 aversam
1960 3008 2205 3081 partem
2255 2997 2543 3080 Capitolii
2579 3000 2713 3059 iam
2754 3002 2819 3059 in

707 3103 1004 3145 summum
1055 3086 1390 3157 evasissent,
1442 3085 1678 3166 proditi
1732 3084 2010 3167 claeznyore
2066 3104 2366 3158 anserum,
2429 3083 2527 3145 M.
2574 3084 2821 3147 Manlii

699 3172 1030 3254 praecipue
1068 3192 1252 3253 opera
1285 3170 1493 3231 deiecti
1530 3180 1686 3232 sunt.
1792 3170 2029 3233 Coactis
2058 3171 2268 3233 deinde
2296 3179 2551 3253 propter
2566 3172 2817 3251 famem

708 3258 1006 3319 Romanis
1034 3258 1394 3331 descendere,
1427 3262 1496 3317 ut
1528 3256 1687 3317 mille
1722 3258 1925 3338 pondo
1952 3259 2099 3319 auri
2123 3257 2355 3331 darent,
2387 3264 2445 3317 et
2480 3257 2593 3319 hoo
2610 3260 2816 3339 pretio

685 3344 889 3422 finem
932 3345 1246 3406 obsidionis
1289 3352 1545 3404 emerent
1562 3366 1587 3415 ,·
1648 3343 1716 3403 F
1711 3345 1882 3403 urius
1940 3342 2252 3419 Camillus,
2298 3342 2557 3403 dictator
2600 3344 2815 3405 absens

707 3438 966 3505 creatus,
998 3433 1154 3493 inter
1171 3429 1555 3513 pendendum
1582 3450 1805 3491 aurum
1842 3450 1977 3491 cum
2006 3432 2263 3491 exercitu
2292 3431 2467 3503 venit,
2499 3436 2558 3489 et
2594 3428 2815 3491 Gallos

595 3532 600 3540 ’
697 3524 843 3598 post
877 3525 1106 3578 sextum
1133 3538 1383 3578 mensem
1414 3514 1559 3575 urbe
1596 3514 1839 3598 expulit,
1872 3516 2206 3599 ceciditque.
2298 3514 2492 3575 Aedes
2531 3515 2657 3576 Aio
2684 3515 2814 3577 Lo-

709 3604 866 3662 cutio
907 3604 1114 3683 facta,
1165 3624 1281 3686 quo
1334 3602 1455 3663 loco
1499 3610 1639 3662 ante
1690 3601 1891 3663 urbem
1944 3610 2186 3685 captam
2230 3622 2343 3662 voa·
2388 3600 2603 3662 audita
2658 3612 2810 3676 erat,

709 3682 1046 3749 adventare
1105 3684 1342 3750 Gallos·
1435 3686 1693 3749 Dictum
1743 3696 1849 3761 est,
1892 3688 1981 3749 ad
2043 3688 2211 3749 Veios
2258 3688 2645 3769 miqrandum
2692 3711 2813 3749 esse

699 3780 954 3854 propter
981 3775 1281 3835 incensam
1311 3783 1368 3834 et
1405 3773 1674 3834 dirutam
1714 3774 1957 3835 urbem.-
2004 3775 2165 3857 quod
2200 3772 2509 3835 consilium
2552 3772 2812 3836 Camillo

709 3865 952 3918 auctore
979 3858 1310 3920 discussum
1345 3868 1446 3919 est.
1540 3860 1745 3920 Movit
1771 3860 2062 3942 populum
2092 3862 2249 3920 vocis
2276 3880 2504 3942 quoque
2532 3882 2703 3920 omen
2742 3884 2810 3921 et

710 3944 1047 4004 centurione
1075 3945 1337 4019 auditae,
1370 3947 1492 4026 qui,
1526 3966 1710 4028 quum
1750 3947 1813 4006 in
1831 3947 2051 4027 forum
2082 3948 2346 4019 venisset,
2379 3946 2809 4028 manipulariis

709 4031 837 4092 suis
865 4030 1136 4092 dzlrerat:
1189 4026 1301 4093 Sta
1328 4026 1545 4105 miles-3
1594 4028 1698 4093 hic
1726 4028 1967 4116 optime
1998 4030 2405 4095 manebimus,
