<?xml version="1.0" encoding="UTF-8"?>
<!DOCTYPE html PUBLIC "-//W3C//DTD XHTML 1.0 Transitional//EN"
    "http://www.w3.org/TR/xhtml1/DTD/xhtml1-transitional.dtd">
<html xmlns="http://www.w3.org/1999/xhtml" xml:lang="en" lang="en">
 <head>
  <title>
</title>
<meta http-equiv="Content-Type" content="text/html;charset=utf-8" />
  <meta name='ocr-system' content='tesseract 3.04.00' />
  <meta name='ocr-capabilities' content='ocr_page ocr_carea ocr_par ocr_line ocrx_word'/>
</head>
<body>
  <div class='ocr_page' id='page_1' title='image "./tliviipatavinih10unkngoog_0216.png"; bbox 0 0 3000 4784; ppageno 0'>
   <div class='ocr_carea' id='block_1_1' title="bbox 717 207 2038 275">
    <p class='ocr_par' dir='ltr' id='par_1_1' title="bbox 717 207 2038 275">
     <span class='ocr_line' id='line_1_1' title="bbox 717 207 2038 275; baseline 0.001 -3"><span class='ocrx_word' id='word_1_1' title='bbox 717 212 843 273; x_wconf 82' lang='lat'><strong>202</strong></span> <span class='ocrx_word' id='word_1_2' title='bbox 1475 208 1701 275; x_wconf 89' lang='grc' dir='ltr'><strong>ΤΙΤΙ</strong></span> <span class='ocrx_word' id='word_1_3' title='bbox 1763 207 2038 274; x_wconf 84' lang='lat' dir='ltr'>LIVII</span> 
     </span>
    </p>
   </div>
   <div class='ocr_carea' id='block_1_2' title="bbox 388 337 2818 523">
    <p class='ocr_par' dir='ltr' id='par_1_2' title="bbox 388 337 2818 523">
     <span class='ocr_line' id='line_1_2' title="bbox 390 337 2818 429; baseline -0.001 -25"><span class='ocrx_word' id='word_1_4' title='bbox 390 350 458 401; x_wconf 89' lang='lat' dir='ltr'><strong>U.</strong></span> <span class='ocrx_word' id='word_1_5' title='bbox 480 350 541 399; x_wconf 84' lang='lat'><strong>0.</strong></span> <span class='ocrx_word' id='word_1_6' title='bbox 566 362 675 413; x_wconf 78' lang='lat'><strong>305·</strong></span> <span class='ocrx_word' id='word_1_7' title='bbox 716 341 863 419; x_wconf 90' lang='lat' dir='ltr'><strong>iam,</strong></span> <span class='ocrx_word' id='word_1_8' title='bbox 918 364 1111 429; x_wconf 89' lang='lat' dir='ltr'><strong>quam</strong></span> <span class='ocrx_word' id='word_1_9' title='bbox 1166 342 1473 408; x_wconf 82' lang='lat' dir='ltr'><strong>Horatius</strong></span> <span class='ocrx_word' id='word_1_10' title='bbox 1525 358 1592 409; x_wconf 91' lang='lat' dir='ltr'><strong>et</strong></span> <span class='ocrx_word' id='word_1_11' title='bbox 1643 344 1957 420; x_wconf 82' lang='lat' dir='ltr'><strong>Valerius,</strong></span> <span class='ocrx_word' id='word_1_12' title='bbox 2009 340 2537 417; x_wconf 74' lang='lat' dir='ltr'><strong>vociferabantur,</strong></span> <span class='ocrx_word' id='word_1_13' title='bbox 2591 348 2611 377; x_wconf 86' lang='lat'>‘</span> <span class='ocrx_word' id='word_1_14' title='bbox 2635 337 2818 413; x_wconf 81' lang='lat' dir='ltr'><strong>Quid</strong></span> 
     </span>
     <span class='ocr_line' id='line_1_3' title="bbox 388 416 2818 523; baseline -0.001 -32"><span class='ocrx_word' id='word_1_15' title='bbox 388 418 449 467; x_wconf 80' lang='lat' dir='ltr'><strong>A.</strong></span> <span class='ocrx_word' id='word_1_16' title='bbox 484 416 542 464; x_wconf 78' lang='lat'><strong>0·</strong></span> <span class='ocrx_word' id='word_1_17' title='bbox 568 425 677 475; x_wconf 78' lang='lat'><strong>⁴⁴⁷·</strong></span> <span class='ocrx_word' id='word_1_18' title='bbox 720 436 740 465; x_wconf 90' lang='lat'>‘</span> <span class='ocrx_word' id='word_1_19' title='bbox 760 429 1223 515; x_wconf 82' lang='lat' dir='ltr'><strong>exspectabitis,</strong></span> <span class='ocrx_word' id='word_1_20' title='bbox 1258 430 1478 494; x_wconf 82' lang='lat' dir='ltr'><strong>Patres</strong></span> <span class='ocrx_word' id='word_1_21' title='bbox 1507 430 1846 516; x_wconf 81' lang='lat' dir='ltr'><strong>conscripti</strong></span> <span class='ocrx_word' id='word_1_22' title='bbox 1863 432 1894 493; x_wconf 84' lang='lat'><strong>⁴?</strong></span> <span class='ocrx_word' id='word_1_23' title='bbox 1969 428 2039 493; x_wconf 91' lang='lat' dir='ltr'><strong>Si</strong></span> <span class='ocrx_word' id='word_1_24' title='bbox 2069 427 2415 492; x_wconf 84' lang='lat' dir='ltr'><strong>decemviri</strong></span> <span class='ocrx_word' id='word_1_25' title='bbox 2443 426 2642 489; x_wconf 86' lang='lat' dir='ltr'><strong>finem</strong></span> <span class='ocrx_word' id='word_1_26' title='bbox 2671 445 2818 523; x_wconf 46' lang='lat' dir='ltr'><strong>pert</strong></span> 
     </span>
    </p>
   </div>
   <div class='ocr_carea' id='block_1_3' title="bbox 490 1968 594 2027">
    <p class='ocr_par' dir='ltr' id='par_1_3' title="bbox 490 1968 594 2027">
     <span class='ocr_line' id='line_1_4' title="bbox 490 1968 594 2027; baseline -0.01 0"><span class='ocrx_word' id='word_1_27' title='bbox 490 1968 594 2027; x_wconf 89' lang='grc'><strong>53.</strong></span> 
     </span>
    </p>
   </div>
   <div class='ocr_carea' id='block_1_4' title="bbox 386 2048 689 2235">
    <p class='ocr_par' dir='ltr' id='par_1_4' title="bbox 386 2048 689 2235">
     <span class='ocr_line' id='line_1_5' title="bbox 387 2048 689 2098; baseline 0.007 -2"><span class='ocrx_word' id='word_1_28' title='bbox 387 2048 619 2097; x_wconf 79' lang='lat' dir='ltr'><strong>Valerius</strong></span> <span class='ocrx_word' id='word_1_29' title='bbox 639 2055 689 2098; x_wconf 78' lang='lat' dir='ltr'><strong>et</strong></span> 
     </span>
     <span class='ocr_line' id='line_1_6' title="bbox 386 2112 626 2161; baseline 0.008 -2"><span class='ocrx_word' id='word_1_30' title='bbox 386 2112 626 2161; x_wconf 79' lang='lat' dir='ltr'><strong>Horatius</strong></span> 
     </span>
     <span class='ocr_line' id='line_1_7' title="bbox 386 2176 671 2235; baseline 0.021 -14"><span class='ocrx_word' id='word_1_31' title='bbox 386 2176 580 2235; x_wconf 83' lang='lat' dir='ltr'><strong>plebem</strong></span> <span class='ocrx_word' id='word_1_32' title='bbox 602 2192 671 2227; x_wconf 82' lang='lat' dir='ltr'><strong>re-</strong></span> 
     </span>
    </p>
   </div>
   <div class='ocr_carea' id='block_1_5' title="bbox 386 2245 574 2288">
    <p class='ocr_par' dir='ltr' id='par_1_5' title="bbox 386 2245 574 2288">
     <span class='ocr_line' id='line_1_8' title="bbox 386 2245 574 2288; baseline 0.016 -4"><span class='ocrx_word' id='word_1_33' title='bbox 386 2245 574 2288; x_wconf 73' lang='lat' dir='ltr'><strong>vocant.</strong></span> 
     </span>
    </p>
   </div>
   <div class='ocr_carea' id='block_1_6' title="bbox 700 512 2874 3508">
    <p class='ocr_par' dir='ltr' id='par_1_6' title="bbox 700 512 2874 3508">
     <span class='ocr_line' id='line_1_9' title="bbox 720 512 2820 611; baseline -0.002 -34"><span class='ocrx_word' id='word_1_34' title='bbox 720 521 740 551; x_wconf 88' lang='lat'>‘</span> <span class='ocrx_word' id='word_1_35' title='bbox 762 514 1031 578; x_wconf 86' lang='lat' dir='ltr'><strong>tinaciae</strong></span> <span class='ocrx_word' id='word_1_36' title='bbox 1078 536 1209 579; x_wconf 90' lang='lat' dir='ltr'><strong>non</strong></span> <span class='ocrx_word' id='word_1_37' title='bbox 1255 516 1518 593; x_wconf 86' lang='lat' dir='ltr'><strong>faciunt,</strong></span> <span class='ocrx_word' id='word_1_38' title='bbox 1567 538 1752 581; x_wconf 88' lang='lat' dir='ltr'><strong>ruere</strong></span> <span class='ocrx_word' id='word_1_39' title='bbox 1807 538 1884 579; x_wconf 87' lang='lat' dir='ltr'><strong>ac</strong></span> <span class='ocrx_word' id='word_1_40' title='bbox 1921 515 2268 599; x_wconf 79' lang='lat' dir='ltr'><strong>deflagrare</strong></span> <span class='ocrx_word' id='word_1_41' title='bbox 2311 512 2530 575; x_wconf 89' lang='lat' dir='ltr'><strong>omnia</strong></span> <span class='ocrx_word' id='word_1_42' title='bbox 2569 532 2820 611; x_wconf 81' lang='lat' dir='ltr'><strong>passun</strong></span> 
     </span>
     <span class='ocr_line' id='line_1_10' title="bbox 720 595 2820 688; baseline -0.002 -25"><span class='ocrx_word' id='word_1_43' title='bbox 720 607 740 637; x_wconf 88' lang='lat'>‘</span> <span class='ocrx_word' id='word_1_44' title='bbox 760 600 959 664; x_wconf 82' lang='lat' dir='ltr'><strong>estis?</strong></span> <span class='ocrx_word' id='word_1_45' title='bbox 1052 598 1249 675; x_wconf 82' lang='lat' dir='ltr'><strong>Quod</strong></span> <span class='ocrx_word' id='word_1_46' title='bbox 1278 614 1491 665; x_wconf 89' lang='lat' dir='ltr'><strong>autem</strong></span> <span class='ocrx_word' id='word_1_47' title='bbox 1523 602 1692 666; x_wconf 86' lang='lat' dir='ltr'><strong>istud</strong></span> <span class='ocrx_word' id='word_1_48' title='bbox 1731 601 2070 688; x_wconf 90' lang='lat' dir='ltr'><strong>imperium</strong></span> <span class='ocrx_word' id='word_1_49' title='bbox 2099 611 2213 675; x_wconf 89' lang='lat' dir='ltr'><strong>est,</strong></span> <span class='ocrx_word' id='word_1_50' title='bbox 2243 597 2609 673; x_wconf 75' lang='lat' dir='ltr'><strong>decemviri,</strong></span> <span class='ocrx_word' id='word_1_51' title='bbox 2643 595 2820 683; x_wconf 87' lang='lat' dir='ltr'><strong>quod</strong></span> 
     </span>
     <span class='ocr_line' id='line_1_11' title="bbox 717 682 2820 773; baseline -0.001 -26"><span class='ocrx_word' id='word_1_52' title='bbox 717 693 737 721; x_wconf 90' lang='lat'>‘</span> <span class='ocrx_word' id='word_1_53' title='bbox 759 684 1037 771; x_wconf 82' lang='lat' dir='ltr'><strong>amplexi</strong></span> <span class='ocrx_word' id='word_1_54' title='bbox 1066 686 1296 750; x_wconf 85' lang='lat' dir='ltr'><strong>tenetis</strong></span> <span class='ocrx_word' id='word_1_55' title='bbox 1312 688 1343 750; x_wconf 79' lang='lat'><strong><em>?</em></strong></span> <span class='ocrx_word' id='word_1_56' title='bbox 1430 686 1650 751; x_wconf 85' lang='lat' dir='ltr'><strong>Tectis</strong></span> <span class='ocrx_word' id='word_1_57' title='bbox 1680 710 1754 750; x_wconf 76' lang='lat' dir='ltr'><strong>ac</strong></span> <span class='ocrx_word' id='word_1_58' title='bbox 1791 686 2138 773; x_wconf 87' lang='lat' dir='ltr'><strong>parietibus</strong></span> <span class='ocrx_word' id='word_1_59' title='bbox 2175 684 2318 747; x_wconf 90' lang='lat' dir='ltr'><strong>iura</strong></span> <span class='ocrx_word' id='word_1_60' title='bbox 2344 682 2580 746; x_wconf 84' lang='lat' dir='ltr'><strong>dicturi</strong></span> <span class='ocrx_word' id='word_1_61' title='bbox 2619 682 2820 746; x_wconf 78' lang='lat' dir='ltr'><strong>estis?</strong></span> 
     </span>
     <span class='ocr_line' id='line_1_12' title="bbox 716 768 2820 857; baseline -0.001 -25"><span class='ocrx_word' id='word_1_62' title='bbox 716 777 739 807; x_wconf 88' lang='lat'>‘</span> <span class='ocrx_word' id='word_1_63' title='bbox 762 768 916 833; x_wconf 89' lang='lat' dir='ltr'><strong>Non</strong></span> <span class='ocrx_word' id='word_1_64' title='bbox 944 769 1164 857; x_wconf 89' lang='lat' dir='ltr'><strong>pudet,</strong></span> <span class='ocrx_word' id='word_1_65' title='bbox 1195 771 1488 836; x_wconf 80' lang='lat' dir='ltr'><strong>lictorum</strong></span> <span class='ocrx_word' id='word_1_66' title='bbox 1517 785 1866 837; x_wconf 86' lang='lat' dir='ltr'><strong>vestrorum</strong></span> <span class='ocrx_word' id='word_1_67' title='bbox 1897 771 2200 835; x_wconf 89' lang='lat' dir='ltr'><strong>maiorem</strong></span> <span class='ocrx_word' id='word_1_68' title='bbox 2233 790 2432 855; x_wconf 86' lang='lat' dir='ltr'><strong>prope</strong></span> <span class='ocrx_word' id='word_1_69' title='bbox 2471 790 2820 831; x_wconf 87' lang='lat' dir='ltr'><strong>numerum</strong></span> 
     </span>
     <span class='ocr_line' id='line_1_13' title="bbox 718 853 2874 945; baseline 0.001 -28"><span class='ocrx_word' id='word_1_70' title='bbox 718 863 738 893; x_wconf 86' lang='lat'>‘</span> <span class='ocrx_word' id='word_1_71' title='bbox 760 855 828 918; x_wconf 89' lang='lat' dir='ltr'><strong>in</strong></span> <span class='ocrx_word' id='word_1_72' title='bbox 878 854 1013 920; x_wconf 86' lang='lat' dir='ltr'><strong>foro</strong></span> <span class='ocrx_word' id='word_1_73' title='bbox 1063 879 1141 921; x_wconf 88' lang='lat' dir='ltr'><strong>co</strong></span> <span class='ocrx_word' id='word_1_74' title='bbox 1260 858 1363 935; x_wconf 87' lang='lat' dir='ltr'><strong>ici,</strong></span> <span class='ocrx_word' id='word_1_75' title='bbox 1416 880 1610 943; x_wconf 89' lang='lat' dir='ltr'><strong>quam</strong></span> <span class='ocrx_word' id='word_1_76' title='bbox 1663 870 2022 945; x_wconf 81' lang='lat' dir='ltr'><strong>togatorum</strong></span> <span class='ocrx_word' id='word_1_77' title='bbox 2077 854 2346 920; x_wconf 87' lang='lat' dir='ltr'><strong>aliorum</strong></span> <span class='ocrx_word' id='word_1_78' title='bbox 2366 855 2397 918; x_wconf 67' lang='grc' dir='ltr'><em>ἲ</em></span> <span class='ocrx_word' id='word_1_79' title='bbox 2505 853 2714 929; x_wconf 82' lang='lat' dir='ltr'><strong>Quid,</strong></span> <span class='ocrx_word' id='word_1_80' title='bbox 2761 854 2820 917; x_wconf 88' lang='lat' dir='ltr'><strong>si</strong></span> <span class='ocrx_word' id='word_1_81' title='bbox 2841 872 2874 921; x_wconf 82' lang='grc'>5</span> 
     </span>
     <span class='ocr_line' id='line_1_14' title="bbox 719 880 2822 1026; baseline 0 -23"><span class='ocrx_word' id='word_1_82' title='bbox 719 950 737 977; x_wconf 91' lang='lat'>‘</span> <span class='ocrx_word' id='word_1_83' title='bbox 760 940 973 1005; x_wconf 87' lang='lat' dir='ltr'><strong>hostes</strong></span> <span class='ocrx_word' id='word_1_84' title='bbox 1022 942 1105 1007; x_wconf 87' lang='lat' dir='ltr'><strong>ad</strong></span> <span class='ocrx_word' id='word_1_85' title='bbox 1140 880 1379 1007; x_wconf 44' lang='lat' dir='ltr'><strong>¹iii-{nem</strong></span> <span class='ocrx_word' id='word_1_86' title='bbox 1428 944 1708 1020; x_wconf 85' lang='lat' dir='ltr'><strong>veniant,</strong></span> <span class='ocrx_word' id='word_1_87' title='bbox 1758 941 1987 1007; x_wconf 86' lang='lat' dir='ltr'><strong>facturi</strong></span> <span class='ocrx_word' id='word_1_88' title='bbox 2035 941 2187 1005; x_wconf 87' lang='lat' dir='ltr'><strong>estis</strong></span> <span class='ocrx_word' id='word_1_89' title='bbox 2206 941 2237 1004; x_wconf 67' lang='grc' dir='ltr'><em>ἲ</em></span> <span class='ocrx_word' id='word_1_90' title='bbox 2294 939 2475 1026; x_wconf 89' lang='lat' dir='ltr'><strong>quid,</strong></span> <span class='ocrx_word' id='word_1_91' title='bbox 2525 940 2578 1002; x_wconf 84' lang='lat' dir='ltr'><strong>si</strong></span> <span class='ocrx_word' id='word_1_92' title='bbox 2606 939 2822 1025; x_wconf 80' lang='lat' dir='ltr'><strong>plebs</strong></span> 
     </span>
     <span class='ocr_line' id='line_1_15' title="bbox 719 1026 2820 1114; baseline -0 -25"><span class='ocrx_word' id='word_1_93' title='bbox 719 1034 739 1062; x_wconf 91' lang='lat'>‘</span> <span class='ocrx_word' id='word_1_94' title='bbox 762 1048 931 1102; x_wconf 85' lang='lat' dir='ltr'><strong>mox,</strong></span> <span class='ocrx_word' id='word_1_95' title='bbox 985 1027 1095 1091; x_wconf 92' lang='lat' dir='ltr'><strong>ubi</strong></span> <span class='ocrx_word' id='word_1_96' title='bbox 1145 1050 1369 1114; x_wconf 87' lang='lat' dir='ltr'><strong>parum</strong></span> <span class='ocrx_word' id='word_1_97' title='bbox 1420 1029 1773 1093; x_wconf 71' lang='lat' dir='ltr'><strong>secessione</strong></span> <span class='ocrx_word' id='word_1_98' title='bbox 1827 1048 2210 1103; x_wconf 84' lang='lat' dir='ltr'><strong>moveamur,</strong></span> <span class='ocrx_word' id='word_1_99' title='bbox 2261 1037 2503 1090; x_wconf 84' lang='lat' dir='ltr'><strong>armata</strong></span> <span class='ocrx_word' id='word_1_100' title='bbox 2549 1026 2772 1089; x_wconf 86' lang='lat' dir='ltr'><strong>veniat</strong></span> <span class='ocrx_word' id='word_1_101' title='bbox 2785 1026 2820 1088; x_wconf 70' lang='lat'><strong>‚⁹</strong></span> 
     </span>
     <span class='ocr_line' id='line_1_16' title="bbox 718 1107 2820 1199; baseline 0 -25"><span class='ocrx_word' id='word_1_102' title='bbox 718 1119 739 1148; x_wconf 91' lang='lat'>‘</span> <span class='ocrx_word' id='word_1_103' title='bbox 764 1110 1098 1176; x_wconf 86' lang='lat' dir='ltr'><strong>Occasune</strong></span> <span class='ocrx_word' id='word_1_104' title='bbox 1126 1113 1300 1177; x_wconf 91' lang='lat' dir='ltr'><strong>urbis</strong></span> <span class='ocrx_word' id='word_1_105' title='bbox 1328 1112 1520 1177; x_wconf 89' lang='lat' dir='ltr'><strong>vultis</strong></span> <span class='ocrx_word' id='word_1_106' title='bbox 1556 1114 1740 1177; x_wconf 84' lang='lat' dir='ltr'><strong>finire</strong></span> <span class='ocrx_word' id='word_1_107' title='bbox 1775 1112 2161 1199; x_wconf 82' lang='lat' dir='ltr'><strong>imperium?</strong></span> <span class='ocrx_word' id='word_1_108' title='bbox 2249 1110 2456 1197; x_wconf 69' lang='lat' dir='ltr'><strong>Atqui</strong></span> <span class='ocrx_word' id='word_1_109' title='bbox 2489 1126 2604 1174; x_wconf 89' lang='lat' dir='ltr'><strong>aut</strong></span> <span class='ocrx_word' id='word_1_110' title='bbox 2631 1107 2820 1197; x_wconf 84' lang='lat' dir='ltr'><strong>plebs</strong></span> 
     </span>
     <span class='ocr_line' id='line_1_17' title="bbox 718 1196 2818 1282; baseline 0.001 -23"><span class='ocrx_word' id='word_1_111' title='bbox 718 1204 739 1234; x_wconf 88' lang='lat'>‘</span> <span class='ocrx_word' id='word_1_112' title='bbox 760 1218 891 1260; x_wconf 90' lang='lat' dir='ltr'><strong>non</strong></span> <span class='ocrx_word' id='word_1_113' title='bbox 930 1209 1028 1261; x_wconf 86' lang='lat' dir='ltr'><strong>est</strong></span> <span class='ocrx_word' id='word_1_114' title='bbox 1064 1196 1375 1276; x_wconf 87' lang='lat' dir='ltr'><strong>habenda,</strong></span> <span class='ocrx_word' id='word_1_115' title='bbox 1406 1211 1519 1263; x_wconf 90' lang='lat' dir='ltr'><strong>aut</strong></span> <span class='ocrx_word' id='word_1_116' title='bbox 1558 1198 1839 1263; x_wconf 86' lang='lat' dir='ltr'><strong>habendi</strong></span> <span class='ocrx_word' id='word_1_117' title='bbox 1873 1209 2024 1262; x_wconf 88' lang='lat' dir='ltr'><strong>sunt</strong></span> <span class='ocrx_word' id='word_1_118' title='bbox 2067 1196 2308 1262; x_wconf 87' lang='lat' dir='ltr'><strong>tribuni</strong></span> <span class='ocrx_word' id='word_1_119' title='bbox 2352 1196 2577 1282; x_wconf 86' lang='lat' dir='ltr'><strong>plebis.</strong></span> <span class='ocrx_word' id='word_1_120' title='bbox 2675 1196 2818 1261; x_wconf 86' lang='lat' dir='ltr'><strong>Nos</strong></span> 
     </span>
     <span class='ocr_line' id='line_1_18' title="bbox 716 1280 2812 1371; baseline 0.001 -27"><span class='ocrx_word' id='word_1_121' title='bbox 716 1292 737 1319; x_wconf 89' lang='lat'>‘</span> <span class='ocrx_word' id='word_1_122' title='bbox 760 1282 947 1347; x_wconf 90' lang='lat' dir='ltr'><strong>citius</strong></span> <span class='ocrx_word' id='word_1_123' title='bbox 974 1284 1360 1348; x_wconf 80' lang='lat' dir='ltr'><strong>caruerimus</strong></span> <span class='ocrx_word' id='word_1_124' title='bbox 1380 1284 1661 1371; x_wconf 82' lang='lat' dir='ltr'><strong>patriciis</strong></span> <span class='ocrx_word' id='word_1_125' title='bbox 1683 1283 2166 1370; x_wconf 83' lang='lat' dir='ltr'><strong>magistratibus,</strong></span> <span class='ocrx_word' id='word_1_126' title='bbox 2189 1304 2384 1369; x_wconf 88' lang='lat' dir='ltr'><strong>quam</strong></span> <span class='ocrx_word' id='word_1_127' title='bbox 2405 1280 2500 1345; x_wconf 90' lang='lat' dir='ltr'><strong>illi</strong></span> <span class='ocrx_word' id='word_1_128' title='bbox 2522 1280 2812 1369; x_wconf 87' lang='lat' dir='ltr'><strong>plebeiis.</strong></span> 
     </span>
     <span class='ocr_line' id='line_1_19' title="bbox 716 1367 2816 1457; baseline 0.001 -26"><span class='ocrx_word' id='word_1_129' title='bbox 716 1378 737 1405; x_wconf 88' lang='lat'>‘</span> <span class='ocrx_word' id='word_1_130' title='bbox 762 1367 1014 1433; x_wconf 85' lang='lat' dir='ltr'><strong>Novam</strong></span> <span class='ocrx_word' id='word_1_131' title='bbox 1044 1370 1441 1457; x_wconf 79' lang='lat' dir='ltr'><strong>inexpertam</strong></span> <span class='ocrx_word' id='word_1_132' title='bbox 1490 1391 1572 1433; x_wconf 89' lang='lat' dir='ltr'><strong>ue</strong></span> <span class='ocrx_word' id='word_1_133' title='bbox 1607 1392 1750 1433; x_wconf 88' lang='lat' dir='ltr'><strong>eam</strong></span> <span class='ocrx_word' id='word_1_134' title='bbox 1784 1380 2160 1455; x_wconf 88' lang='lat' dir='ltr'><strong>potestatem</strong></span> <span class='ocrx_word' id='word_1_135' title='bbox 2201 1368 2491 1454; x_wconf 87' lang='lat' dir='ltr'><strong>eripuere</strong></span> <span class='ocrx_word' id='word_1_136' title='bbox 2676 1368 2816 1433; x_wconf 83' lang='lat' dir='ltr'><strong>‘bus</strong></span> 
     </span>
     <span class='ocr_line' id='line_1_20' title="bbox 717 1394 2871 1540; baseline 0 -24"><span class='ocrx_word' id='word_1_137' title='bbox 717 1463 737 1491; x_wconf 90' lang='lat'>‘</span> <span class='ocrx_word' id='word_1_138' title='bbox 760 1455 1006 1531; x_wconf 89' lang='lat' dir='ltr'><strong>nostris,</strong></span> <span class='ocrx_word' id='word_1_139' title='bbox 1030 1477 1114 1519; x_wconf 89' lang='lat' dir='ltr'><strong>ne</strong></span> <span class='ocrx_word' id='word_1_140' title='bbox 1144 1476 1337 1531; x_wconf 90' lang='lat' dir='ltr'><strong>nunc,</strong></span> <span class='ocrx_word' id='word_1_141' title='bbox 1362 1394 1702 1519; x_wconf 55' lang='lat' dir='ltr'><strong>dulcedine</strong></span> <span class='ocrx_word' id='word_1_142' title='bbox 1723 1455 1916 1519; x_wconf 89' lang='lat' dir='ltr'><strong>semel</strong></span> <span class='ocrx_word' id='word_1_143' title='bbox 1941 1454 2129 1540; x_wconf 88' lang='lat' dir='ltr'><strong>capti,</strong></span> <span class='ocrx_word' id='word_1_144' title='bbox 2151 1453 2359 1517; x_wconf 82' lang='lat' dir='ltr'><strong>ferant</strong></span> <span class='ocrx_word' id='word_1_145' title='bbox 2379 1452 2517 1516; x_wconf 82' lang='lat' dir='ltr'><strong>desi</strong></span> <span class='ocrx_word' id='word_1_146' title='bbox 2563 1453 2809 1519; x_wconf 85' lang='lat' dir='ltr'><strong>erium:</strong></span> <span class='ocrx_word' id='word_1_147' title='bbox 2831 1466 2871 1517; x_wconf 84' lang='lat'><strong><em>6</em></strong></span> 
     </span>
     <span class='ocr_line' id='line_1_21' title="bbox 716 1538 2870 1686; baseline 0.001 -84"><span class='ocrx_word' id='word_1_148' title='bbox 716 1548 957 1686; x_wconf 80' lang='lat' dir='ltr'><strong>‘quum</strong></span> <span class='ocrx_word' id='word_1_149' title='bbox 988 1540 1358 1625; x_wconf 79' lang='lat' dir='ltr'><strong>praesertim</strong></span> <span class='ocrx_word' id='word_1_150' title='bbox 1386 1562 1510 1603; x_wconf 90' lang='lat' dir='ltr'><strong>nec</strong></span> <span class='ocrx_word' id='word_1_151' title='bbox 1537 1562 1654 1604; x_wconf 86' lang='lat' dir='ltr'><strong>nos</strong></span> <span class='ocrx_word' id='word_1_152' title='bbox 1677 1553 2100 1626; x_wconf 87' lang='lat' dir='ltr'><strong>temperemus</strong></span> <span class='ocrx_word' id='word_1_153' title='bbox 2121 1539 2418 1625; x_wconf 87' lang='lat' dir='ltr'><strong>imperiis,</strong></span> <span class='ocrx_word' id='word_1_154' title='bbox 2443 1560 2576 1623; x_wconf 91' lang='lat' dir='ltr'><strong>quo</strong></span> <span class='ocrx_word' id='word_1_155' title='bbox 2597 1538 2816 1604; x_wconf 87' lang='lat' dir='ltr'><strong>minus</strong></span> <span class='ocrx_word' id='word_1_156' title='bbox 2839 1556 2870 1605; x_wconf 83' lang='grc'><strong>7</strong></span> 
     </span>
     <span class='ocr_line' id='line_1_22' title="bbox 716 1623 2814 1711; baseline 0.002 -26"><span class='ocrx_word' id='word_1_157' title='bbox 716 1624 779 1686; x_wconf 92' lang='lat' dir='ltr'><strong>‘i</strong></span> <span class='ocrx_word' id='word_1_158' title='bbox 805 1623 849 1687; x_wconf 92' lang='lat' dir='ltr'><strong>li</strong></span> <span class='ocrx_word' id='word_1_159' title='bbox 880 1624 1101 1688; x_wconf 83' lang='lat' dir='ltr'><strong>auxilii</strong></span> <span class='ocrx_word' id='word_1_160' title='bbox 1130 1625 1402 1710; x_wconf 56' lang='lat' dir='ltr'><strong>egeant)</strong></span> <span class='ocrx_word' id='word_1_161' title='bbox 1464 1626 1686 1700; x_wconf 90' lang='lat' dir='ltr'><strong>Quum</strong></span> <span class='ocrx_word' id='word_1_162' title='bbox 1717 1624 1877 1689; x_wconf 85' lang='lat' dir='ltr'><strong>haec</strong></span> <span class='ocrx_word' id='word_1_163' title='bbox 1897 1647 1980 1689; x_wconf 85' lang='lat' dir='ltr'><strong>ex</strong></span> <span class='ocrx_word' id='word_1_164' title='bbox 2003 1624 2176 1689; x_wconf 91' lang='lat' dir='ltr'><strong>omni</strong></span> <span class='ocrx_word' id='word_1_165' title='bbox 2199 1636 2380 1711; x_wconf 84' lang='lat' dir='ltr'><strong>parte</strong></span> <span class='ocrx_word' id='word_1_166' title='bbox 2401 1624 2814 1702; x_wconf 80' lang='lat' dir='ltr'><strong>iactarenmr,</strong></span> 
     </span>
     <span class='ocr_line' id='line_1_23' title="bbox 712 1708 2814 1796; baseline 0.002 -25"><span class='ocrx_word' id='word_1_167' title='bbox 712 1708 865 1772; x_wconf 88' lang='lat' dir='ltr'><strong>victi</strong></span> <span class='ocrx_word' id='word_1_168' title='bbox 907 1730 1220 1773; x_wconf 87' lang='lat' dir='ltr'><strong>consensu</strong></span> <span class='ocrx_word' id='word_1_169' title='bbox 1262 1709 1623 1787; x_wconf 85' lang='lat' dir='ltr'><strong>decemviri,</strong></span> <span class='ocrx_word' id='word_1_170' title='bbox 1659 1710 1906 1775; x_wconf 83' lang='lat' dir='ltr'><strong>futuros</strong></span> <span class='ocrx_word' id='word_1_171' title='bbox 1947 1732 2034 1787; x_wconf 90' lang='lat' dir='ltr'><strong>se,</strong></span> <span class='ocrx_word' id='word_1_172' title='bbox 2067 1708 2326 1796; x_wconf 86' lang='lat' dir='ltr'><strong>quando</strong></span> <span class='ocrx_word' id='word_1_173' title='bbox 2367 1709 2460 1773; x_wconf 88' lang='lat' dir='ltr'><strong>ita</strong></span> <span class='ocrx_word' id='word_1_174' title='bbox 2493 1708 2814 1787; x_wconf 75' lang='lat' dir='ltr'><strong>videatur,</strong></span> 
     </span>
     <span class='ocr_line' id='line_1_24' title="bbox 712 1792 2816 1879; baseline 0.003 -24"><span class='ocrx_word' id='word_1_175' title='bbox 712 1792 781 1856; x_wconf 92' lang='lat' dir='ltr'><strong>in</strong></span> <span class='ocrx_word' id='word_1_176' title='bbox 825 1806 1139 1879; x_wconf 83' lang='lat' dir='ltr'><strong>potestate</strong></span> <span class='ocrx_word' id='word_1_177' title='bbox 1181 1794 1445 1858; x_wconf 86' lang='lat' dir='ltr'><strong>Patrum</strong></span> <span class='ocrx_word' id='word_1_178' title='bbox 1488 1796 1821 1873; x_wconf 87' lang='lat' dir='ltr'><strong>affirmant,</strong></span> <span class='ocrx_word' id='word_1_179' title='bbox 1911 1795 1992 1860; x_wconf 93' lang='lat' dir='ltr'><strong>Id</strong></span> <span class='ocrx_word' id='word_1_180' title='bbox 2034 1796 2226 1859; x_wconf 90' lang='lat' dir='ltr'><strong>modo</strong></span> <span class='ocrx_word' id='word_1_181' title='bbox 2269 1794 2458 1859; x_wconf 88' lang='lat' dir='ltr'><strong>simul</strong></span> <span class='ocrx_word' id='word_1_182' title='bbox 2506 1809 2700 1861; x_wconf 85' lang='lat' dir='ltr'><strong>orant</strong></span> <span class='ocrx_word' id='word_1_183' title='bbox 2739 1818 2816 1861; x_wconf 83' lang='lat' dir='ltr'><strong>ac</strong></span> 
     </span>
     <span class='ocr_line' id='line_1_25' title="bbox 710 1880 2818 2029; baseline 0.001 -87"><span class='ocrx_word' id='word_1_184' title='bbox 710 1892 997 1955; x_wconf 88' lang='lat' dir='ltr'><strong>monent,</strong></span> <span class='ocrx_word' id='word_1_185' title='bbox 1028 1892 1101 1943; x_wconf 91' lang='lat' dir='ltr'><strong>ut</strong></span> <span class='ocrx_word' id='word_1_186' title='bbox 1130 1880 1282 1966; x_wconf 84' lang='lat' dir='ltr'><strong>ipsis</strong></span> <span class='ocrx_word' id='word_1_187' title='bbox 1310 1881 1389 1944; x_wconf 84' lang='lat' dir='ltr'><strong>ab</strong></span> <span class='ocrx_word' id='word_1_188' title='bbox 1422 1880 1663 1945; x_wconf 84' lang='lat' dir='ltr'><strong>invidia</strong></span> <span class='ocrx_word' id='word_1_189' title='bbox 1689 1894 2022 1945; x_wconf 86' lang='lat' dir='ltr'><strong>caveatur:</strong></span> <span class='ocrx_word' id='word_1_190' title='bbox 2071 1903 2194 1945; x_wconf 87' lang='lat' dir='ltr'><strong>nec</strong></span> <span class='ocrx_word' id='word_1_191' title='bbox 2231 1903 2346 1945; x_wconf 91' lang='lat' dir='ltr'><strong>suo</strong></span> <span class='ocrx_word' id='word_1_192' title='bbox 2383 1902 2660 2029; x_wconf 40' lang='lat' dir='ltr'><strong>mvn]</strong></span> <span class='ocrx_word' id='word_1_193' title='bbox 2659 1904 2701 1945; x_wconf 89' lang='lat' dir='ltr'><strong>e</strong></span> <span class='ocrx_word' id='word_1_194' title='bbox 2729 1882 2818 1947; x_wconf 89' lang='lat' dir='ltr'><strong>ad</strong></span> 
     </span>
     <span class='ocr_line' id='line_1_26' title="bbox 710 1964 2818 2053; baseline 0.001 -26"><span class='ocrx_word' id='word_1_195' title='bbox 710 1964 1020 2050; x_wconf 86' lang='lat' dir='ltr'><strong>supplicia</strong></span> <span class='ocrx_word' id='word_1_196' title='bbox 1076 1965 1342 2029; x_wconf 86' lang='lat' dir='ltr'><strong>Patrum</strong></span> <span class='ocrx_word' id='word_1_197' title='bbox 1406 1966 1661 2053; x_wconf 84' lang='lat' dir='ltr'><strong>plebem</strong></span> <span class='ocrx_word' id='word_1_198' title='bbox 1727 1966 2158 2032; x_wconf 76' lang='lat' dir='ltr'><strong>assuefaciant.</strong></span> <span class='ocrx_word' id='word_1_199' title='bbox 2277 1965 2452 2031; x_wconf 91' lang='lat' dir='ltr'><strong>Tum</strong></span> <span class='ocrx_word' id='word_1_200' title='bbox 2576 1965 2818 2031; x_wconf 84' lang='lat' dir='ltr'><strong>alerius</strong></span> 
     </span>
     <span class='ocr_line' id='line_1_27' title="bbox 714 2048 2815 2139; baseline 0.002 -26"><span class='ocrx_word' id='word_1_201' title='bbox 714 2048 1168 2137; x_wconf 86' lang='lat' dir='ltr'><strong>Horatiusque,</strong></span> <span class='ocrx_word' id='word_1_202' title='bbox 1204 2051 1377 2116; x_wconf 83' lang='lat' dir='ltr'><strong>missi</strong></span> <span class='ocrx_word' id='word_1_203' title='bbox 1421 2052 1505 2116; x_wconf 85' lang='lat' dir='ltr'><strong>ad</strong></span> <span class='ocrx_word' id='word_1_204' title='bbox 1547 2052 1800 2139; x_wconf 88' lang='lat' dir='ltr'><strong>plebem</strong></span> <span class='ocrx_word' id='word_1_205' title='bbox 1845 2052 2335 2130; x_wconf 86' lang='lat' dir='ltr'><strong>conditionibus,</strong></span> <span class='ocrx_word' id='word_1_206' title='bbox 2366 2052 2602 2138; x_wconf 89' lang='lat' dir='ltr'><strong>quibus</strong></span> <span class='ocrx_word' id='word_1_207' title='bbox 2627 2052 2815 2117; x_wconf 83' lang='lat' dir='ltr'><strong>vide-</strong></span> 
     </span>
     <span class='ocr_line' id='line_1_28' title="bbox 702 2136 2814 2287; baseline 0.002 -87"><span class='ocrx_word' id='word_1_208' title='bbox 702 2147 904 2213; x_wconf 83' lang='lat' dir='ltr'><strong>retur,</strong></span> <span class='ocrx_word' id='word_1_209' title='bbox 928 2136 1347 2201; x_wconf 84' lang='lat' dir='ltr'><strong>revocandam</strong></span> <span class='ocrx_word' id='word_1_210' title='bbox 1370 2138 1968 2225; x_wconf 83' lang='lat' dir='ltr'><strong>componendasque</strong></span> <span class='ocrx_word' id='word_1_211' title='bbox 1998 2160 2117 2216; x_wconf 87' lang='lat' dir='ltr'><strong>res,</strong></span> <span class='ocrx_word' id='word_1_212' title='bbox 2141 2138 2515 2202; x_wconf 82' lang='lat' dir='ltr'><strong>decemviris</strong></span> <span class='ocrx_word' id='word_1_213' title='bbox 2524 2158 2814 2287; x_wconf 72' lang='lat' dir='ltr'><strong>1quoque</strong></span> 
     </span>
     <span class='ocr_line' id='line_1_29' title="bbox 712 2222 2814 2310; baseline 0.001 -25"><span class='ocrx_word' id='word_1_214' title='bbox 712 2223 791 2286; x_wconf 85' lang='lat' dir='ltr'><strong>ab</strong></span> <span class='ocrx_word' id='word_1_215' title='bbox 822 2222 915 2286; x_wconf 86' lang='lat' dir='ltr'><strong>ira</strong></span> <span class='ocrx_word' id='word_1_216' title='bbox 942 2235 1008 2287; x_wconf 88' lang='lat' dir='ltr'><strong>et</strong></span> <span class='ocrx_word' id='word_1_217' title='bbox 1036 2223 1279 2309; x_wconf 91' lang='lat' dir='ltr'><strong>impetu</strong></span> <span class='ocrx_word' id='word_1_218' title='bbox 1302 2223 1730 2288; x_wconf 89' lang='lat' dir='ltr'><strong>multitudinis</strong></span> <span class='ocrx_word' id='word_1_219' title='bbox 1749 2245 2123 2310; x_wconf 85' lang='lat' dir='ltr'><strong>praecavere</strong></span> <span class='ocrx_word' id='word_1_220' title='bbox 2147 2224 2463 2288; x_wconf 87' lang='lat' dir='ltr'><strong>iubentur.</strong></span> <span class='ocrx_word' id='word_1_221' title='bbox 2583 2224 2814 2289; x_wconf 85' lang='lat' dir='ltr'><strong>rofecti</strong></span> 
     </span>
     <span class='ocr_line' id='line_1_30' title="bbox 707 2308 2816 2410; baseline 0.001 -39"><span class='ocrx_word' id='word_1_222' title='bbox 707 2308 942 2393; x_wconf 81' lang='lat' dir='ltr'><strong>gaudio</strong></span> <span class='ocrx_word' id='word_1_223' title='bbox 971 2309 1037 2372; x_wconf 92' lang='lat' dir='ltr'><strong>in</strong></span> <span class='ocrx_word' id='word_1_224' title='bbox 1121 2309 1219 2373; x_wconf 89' lang='lat' dir='ltr'><strong>nti</strong></span> <span class='ocrx_word' id='word_1_225' title='bbox 1246 2309 1450 2410; x_wconf 85' lang='lat' dir='ltr'><strong>plebis</strong></span> <span class='ocrx_word' id='word_1_226' title='bbox 1480 2310 1551 2373; x_wconf 88' lang='lat' dir='ltr'><strong>in</strong></span> <span class='ocrx_word' id='word_1_227' title='bbox 1579 2322 1780 2375; x_wconf 84' lang='lat' dir='ltr'><strong>castra</strong></span> <span class='ocrx_word' id='word_1_228' title='bbox 1807 2310 2242 2396; x_wconf 78' lang='lat' dir='ltr'><strong>accipiuntur:</strong></span> <span class='ocrx_word' id='word_1_229' title='bbox 2294 2309 2533 2397; x_wconf 88' lang='lat' dir='ltr'><strong>quippe</strong></span> <span class='ocrx_word' id='word_1_230' title='bbox 2575 2309 2816 2375; x_wconf 88' lang='lat' dir='ltr'><strong>libera-</strong></span> 
     </span>
     <span class='ocr_line' id='line_1_31' title="bbox 710 2394 2815 2472; baseline 0.002 -15"><span class='ocrx_word' id='word_1_231' title='bbox 710 2406 877 2457; x_wconf 89' lang='lat' dir='ltr'><strong>tores</strong></span> <span class='ocrx_word' id='word_1_232' title='bbox 914 2394 1043 2457; x_wconf 87' lang='lat' dir='ltr'><strong>hau</strong></span> <span class='ocrx_word' id='word_1_233' title='bbox 1125 2395 1320 2459; x_wconf 83' lang='lat' dir='ltr'><strong>duble</strong></span> <span class='ocrx_word' id='word_1_234' title='bbox 1364 2406 1433 2459; x_wconf 89' lang='lat' dir='ltr'><strong>et</strong></span> <span class='ocrx_word' id='word_1_235' title='bbox 1472 2408 1686 2460; x_wconf 89' lang='lat' dir='ltr'><strong>motus</strong></span> <span class='ocrx_word' id='word_1_236' title='bbox 1726 2396 1929 2472; x_wconf 82' lang='lat' dir='ltr'><strong>initio,</strong></span> <span class='ocrx_word' id='word_1_237' title='bbox 1959 2409 2028 2459; x_wconf 89' lang='lat' dir='ltr'><strong>et</strong></span> <span class='ocrx_word' id='word_1_238' title='bbox 2073 2396 2254 2459; x_wconf 87' lang='lat' dir='ltr'><strong>exitu</strong></span> <span class='ocrx_word' id='word_1_239' title='bbox 2297 2395 2408 2459; x_wconf 86' lang='lat' dir='ltr'><strong>rei.</strong></span> <span class='ocrx_word' id='word_1_240' title='bbox 2503 2394 2610 2463; x_wconf 93' lang='lat' dir='ltr'><strong>Ob</strong></span> <span class='ocrx_word' id='word_1_241' title='bbox 2645 2394 2815 2461; x_wconf 85' lang='lat' dir='ltr'><strong>haec</strong></span> 
     </span>
     <span class='ocr_line' id='line_1_32' title="bbox 710 2478 2816 2568; baseline 0.002 -26"><span class='ocrx_word' id='word_1_242' title='bbox 710 2478 1193 2545; x_wconf 84' lang='lat' dir='ltr'><strong>advenientibus</strong></span> <span class='ocrx_word' id='word_1_243' title='bbox 1220 2480 1459 2567; x_wconf 85' lang='lat' dir='ltr'><strong>gratiae</strong></span> <span class='ocrx_word' id='word_1_244' title='bbox 1489 2494 1686 2545; x_wconf 86' lang='lat' dir='ltr'><strong>actae.</strong></span> <span class='ocrx_word' id='word_1_245' title='bbox 1778 2480 1997 2547; x_wconf 89' lang='lat' dir='ltr'><strong>Icilius</strong></span> <span class='ocrx_word' id='word_1_246' title='bbox 2025 2502 2142 2568; x_wconf 93' lang='lat' dir='ltr'><strong>pro</strong></span> <span class='ocrx_word' id='word_1_247' title='bbox 2170 2480 2582 2545; x_wconf 87' lang='lat' dir='ltr'><strong>multitudine</strong></span> <span class='ocrx_word' id='word_1_248' title='bbox 2610 2482 2816 2547; x_wconf 83' lang='lat' dir='ltr'><strong>verba</strong></span> 
     </span>
     <span class='ocr_line' id='line_1_33' title="bbox 706 2564 2815 2653; baseline 0.001 -25"><span class='ocrx_word' id='word_1_249' title='bbox 706 2564 875 2631; x_wconf 82' lang='lat' dir='ltr'><strong>facit.</strong></span> <span class='ocrx_word' id='word_1_250' title='bbox 936 2564 1142 2644; x_wconf 89' lang='lat' dir='ltr'><strong>Idem,</strong></span> <span class='ocrx_word' id='word_1_251' title='bbox 1174 2589 1373 2653; x_wconf 91' lang='lat' dir='ltr'><strong>quum</strong></span> <span class='ocrx_word' id='word_1_252' title='bbox 1404 2568 1486 2632; x_wconf 89' lang='lat' dir='ltr'><strong>de</strong></span> <span class='ocrx_word' id='word_1_253' title='bbox 1517 2567 1989 2632; x_wconf 87' lang='lat' dir='ltr'><strong>conditionibus</strong></span> <span class='ocrx_word' id='word_1_254' title='bbox 2017 2580 2327 2653; x_wconf 77' lang='lat' dir='ltr'><strong>ageretur,</strong></span> <span class='ocrx_word' id='word_1_255' title='bbox 2351 2567 2815 2652; x_wconf 79' lang='lat' dir='ltr'><strong>quaerentibus</strong></span> 
     </span>
     <span class='ocr_line' id='line_1_34' title="bbox 706 2649 2813 2752; baseline 0.002 -38"><span class='ocrx_word' id='word_1_256' title='bbox 706 2649 767 2714; x_wconf 91' lang='lat' dir='ltr'><strong>le</strong></span> <span class='ocrx_word' id='word_1_257' title='bbox 848 2652 948 2729; x_wconf 87' lang='lat' dir='ltr'><strong>tis,</strong></span> <span class='ocrx_word' id='word_1_258' title='bbox 994 2674 1158 2739; x_wconf 86' lang='lat' dir='ltr'><strong>quae</strong></span> <span class='ocrx_word' id='word_1_259' title='bbox 1202 2653 1518 2738; x_wconf 82' lang='lat' dir='ltr'><strong>postulata</strong></span> <span class='ocrx_word' id='word_1_260' title='bbox 1559 2652 1764 2739; x_wconf 87' lang='lat' dir='ltr'><strong>plebis</strong></span> <span class='ocrx_word' id='word_1_261' title='bbox 1809 2666 2038 2731; x_wconf 87' lang='lat' dir='ltr'><strong>essent,</strong></span> <span class='ocrx_word' id='word_1_262' title='bbox 2083 2652 2433 2752; x_wconf 84' lang='lat' dir='ltr'><strong>composito</strong></span> <span class='ocrx_word' id='word_1_263' title='bbox 2478 2652 2608 2715; x_wconf 88' lang='lat' dir='ltr'><strong>iam</strong></span> <span class='ocrx_word' id='word_1_264' title='bbox 2653 2666 2813 2719; x_wconf 87' lang='lat' dir='ltr'><strong>ante</strong></span> 
     </span>
     <span class='ocr_line' id='line_1_35' title="bbox 704 2674 2810 2837; baseline 0.002 -38"><span class='ocrx_word' id='word_1_265' title='bbox 704 2674 1051 2801; x_wconf 49' lang='lat' dir='ltr'><strong>AEentm</strong></span> <span class='ocrx_word' id='word_1_266' title='bbox 1099 2737 1448 2824; x_wconf 85' lang='lat' dir='ltr'><strong>legatorum</strong></span> <span class='ocrx_word' id='word_1_267' title='bbox 1494 2738 1779 2815; x_wconf 89' lang='lat' dir='ltr'><strong>consilio,</strong></span> <span class='ocrx_word' id='word_1_268' title='bbox 1821 2760 1900 2802; x_wconf 82' lang='lat' dir='ltr'><strong>ea</strong></span> <span class='ocrx_word' id='word_1_269' title='bbox 1935 2738 2294 2824; x_wconf 64' lang='lat' dir='ltr'><strong>postulant,</strong></span> <span class='ocrx_word' id='word_1_270' title='bbox 2335 2750 2410 2801; x_wconf 93' lang='lat' dir='ltr'><strong>ut</strong></span> <span class='ocrx_word' id='word_1_271' title='bbox 2445 2752 2810 2837; x_wconf 79' lang='lat' dir='ltr'><strong>appareret,</strong></span> 
     </span>
     <span class='ocr_line' id='line_1_36' title="bbox 706 2822 2812 2910; baseline 0.003 -27"><span class='ocrx_word' id='word_1_272' title='bbox 706 2822 773 2883; x_wconf 90' lang='lat' dir='ltr'><strong>in</strong></span> <span class='ocrx_word' id='word_1_273' title='bbox 804 2822 1121 2907; x_wconf 87' lang='lat' dir='ltr'><strong>aequitate</strong></span> <span class='ocrx_word' id='word_1_274' title='bbox 1152 2844 1365 2885; x_wconf 88' lang='lat' dir='ltr'><strong>rerum</strong></span> <span class='ocrx_word' id='word_1_275' title='bbox 1393 2822 1557 2909; x_wconf 89' lang='lat' dir='ltr'><strong>plus,</strong></span> <span class='ocrx_word' id='word_1_276' title='bbox 1590 2846 1782 2910; x_wconf 84' lang='lat' dir='ltr'><strong>quam</strong></span> <span class='ocrx_word' id='word_1_277' title='bbox 1821 2824 1891 2886; x_wconf 89' lang='lat' dir='ltr'><strong>in</strong></span> <span class='ocrx_word' id='word_1_278' title='bbox 1931 2824 2137 2900; x_wconf 89' lang='lat' dir='ltr'><strong>armis,</strong></span> <span class='ocrx_word' id='word_1_279' title='bbox 2169 2822 2391 2909; x_wconf 89' lang='lat' dir='ltr'><strong>reponi</strong></span> <span class='ocrx_word' id='word_1_280' title='bbox 2426 2846 2580 2909; x_wconf 81' lang='lat' dir='ltr'><strong>spel.</strong></span> <span class='ocrx_word' id='word_1_281' title='bbox 2675 2824 2812 2889; x_wconf 87' lang='lat' dir='ltr'><strong>Po-</strong></span> 
     </span>
     <span class='ocr_line' id='line_1_37' title="bbox 707 2907 2808 2996; baseline 0.002 -28"><span class='ocrx_word' id='word_1_282' title='bbox 707 2918 998 2969; x_wconf 86' lang='lat' dir='ltr'><strong>testatem</strong></span> <span class='ocrx_word' id='word_1_283' title='bbox 1038 2907 1211 2969; x_wconf 89' lang='lat' dir='ltr'><strong>enim</strong></span> <span class='ocrx_word' id='word_1_284' title='bbox 1254 2908 1675 2986; x_wconf 84' lang='lat' dir='ltr'><strong>tribuniciam,</strong></span> <span class='ocrx_word' id='word_1_285' title='bbox 1717 2908 2358 2996; x_wconf 84' lang='lat' dir='ltr'><strong>provocationemque</strong></span> <span class='ocrx_word' id='word_1_286' title='bbox 2401 2910 2808 2995; x_wconf 81' lang='lat' dir='ltr'><strong>repetebant,</strong></span> 
     </span>
     <span class='ocr_line' id='line_1_38' title="bbox 704 2990 2858 3074; baseline 0.004 -22"><span class='ocrx_word' id='word_1_287' title='bbox 704 3011 870 3074; x_wconf 84' lang='lat' dir='ltr'><strong>quae</strong></span> <span class='ocrx_word' id='word_1_288' title='bbox 910 3003 1059 3054; x_wconf 90' lang='lat' dir='ltr'><strong>ante</strong></span> <span class='ocrx_word' id='word_1_289' title='bbox 1096 2990 1487 3056; x_wconf 86' lang='lat' dir='ltr'><strong>decemviros</strong></span> <span class='ocrx_word' id='word_1_290' title='bbox 1525 3007 1768 3058; x_wconf 88' lang='lat' dir='ltr'><strong>creatos</strong></span> <span class='ocrx_word' id='word_1_291' title='bbox 1806 2994 2042 3058; x_wconf 80' lang='lat' dir='ltr'><strong>auxilia</strong></span> <span class='ocrx_word' id='word_1_292' title='bbox 2123 2994 2280 3059; x_wconf 76' lang='lat' dir='ltr'><strong>lebis</strong></span> <span class='ocrx_word' id='word_1_293' title='bbox 2307 2993 2576 3071; x_wconf 88' lang='lat' dir='ltr'><strong>fuerant,</strong></span> <span class='ocrx_word' id='word_1_294' title='bbox 2607 3006 2682 3059; x_wconf 90' lang='lat' dir='ltr'><strong>et</strong></span> <span class='ocrx_word' id='word_1_295' title='bbox 2719 3018 2808 3061; x_wconf 88' lang='lat' dir='ltr'><strong>ne</strong></span> <span class='ocrx_word' id='word_1_296' title='bbox 2825 3014 2858 3061; x_wconf 85' lang='lat'><strong>8</strong></span> 
     </span>
     <span class='ocr_line' id='line_1_39' title="bbox 704 3016 2810 3166; baseline 0.005 -30"><span class='ocrx_word' id='word_1_297' title='bbox 704 3075 810 3137; x_wconf 87' lang='lat' dir='ltr'><strong>cui</strong></span> <span class='ocrx_word' id='word_1_298' title='bbox 838 3074 1043 3138; x_wconf 89' lang='lat' dir='ltr'><strong>fraudi</strong></span> <span class='ocrx_word' id='word_1_299' title='bbox 1075 3088 1257 3153; x_wconf 85' lang='lat' dir='ltr'><strong>esset,</strong></span> <span class='ocrx_word' id='word_1_300' title='bbox 1282 3078 1562 3141; x_wconf 86' lang='lat' dir='ltr'><strong>concisse</strong></span> <span class='ocrx_word' id='word_1_301' title='bbox 1592 3079 1826 3143; x_wconf 89' lang='lat' dir='ltr'><strong>milites</strong></span> <span class='ocrx_word' id='word_1_302' title='bbox 1853 3092 1965 3144; x_wconf 85' lang='lat' dir='ltr'><strong>aut</strong></span> <span class='ocrx_word' id='word_1_303' title='bbox 1991 3016 2244 3166; x_wconf 60' lang='lat' dir='ltr'><strong>plgiaem</strong></span> <span class='ocrx_word' id='word_1_304' title='bbox 2272 3079 2357 3144; x_wconf 87' lang='lat' dir='ltr'><strong>ad</strong></span> <span class='ocrx_word' id='word_1_305' title='bbox 2383 3080 2810 3165; x_wconf 84' lang='lat' dir='ltr'><strong>repetendam</strong></span> 
     </span>
     <span class='ocr_line' id='line_1_40' title="bbox 702 3162 2810 3255; baseline 0.003 -31"><span class='ocrx_word' id='word_1_306' title='bbox 702 3182 819 3247; x_wconf 88' lang='lat' dir='ltr'><strong>per</strong></span> <span class='ocrx_word' id='word_1_307' title='bbox 846 3162 1263 3226; x_wconf 87' lang='lat' dir='ltr'><strong>secessionem</strong></span> <span class='ocrx_word' id='word_1_308' title='bbox 1291 3162 1665 3229; x_wconf 86' lang='lat' dir='ltr'><strong>libertatem.</strong></span> <span class='ocrx_word' id='word_1_309' title='bbox 1759 3165 1864 3229; x_wconf 94' lang='lat' dir='ltr'><strong>De</strong></span> <span class='ocrx_word' id='word_1_310' title='bbox 1895 3165 2398 3230; x_wconf 85' lang='lat' dir='ltr'><strong>decemvirorum</strong></span> <span class='ocrx_word' id='word_1_311' title='bbox 2427 3165 2621 3230; x_wconf 92' lang='lat' dir='ltr'><strong>modo</strong></span> <span class='ocrx_word' id='word_1_312' title='bbox 2645 3188 2810 3255; x_wconf 86' lang='lat' dir='ltr'><strong>sup—</strong></span> 
     </span>
     <span class='ocr_line' id='line_1_41' title="bbox 704 3246 2806 3351; baseline 0.003 -42"><span class='ocrx_word' id='word_1_313' title='bbox 704 3246 894 3332; x_wconf 91' lang='lat' dir='ltr'><strong>plicio</strong></span> <span class='ocrx_word' id='word_1_314' title='bbox 945 3262 1125 3313; x_wconf 82' lang='lat' dir='ltr'><strong>atrox</strong></span> <span class='ocrx_word' id='word_1_315' title='bbox 1174 3248 1562 3335; x_wconf 81' lang='lat' dir='ltr'><strong>postulatum</strong></span> <span class='ocrx_word' id='word_1_316' title='bbox 1613 3251 1750 3315; x_wconf 87' lang='lat' dir='ltr'><strong>fuit.</strong></span> <span class='ocrx_word' id='word_1_317' title='bbox 1842 3250 2018 3315; x_wconf 91' lang='lat' dir='ltr'><strong>Dedi</strong></span> <span class='ocrx_word' id='word_1_318' title='bbox 2070 3252 2308 3351; x_wconf 87' lang='lat' dir='ltr'><strong>quippe</strong></span> <span class='ocrx_word' id='word_1_319' title='bbox 2361 3272 2469 3315; x_wconf 85' lang='lat' dir='ltr'><strong>eos</strong></span> <span class='ocrx_word' id='word_1_320' title='bbox 2519 3274 2806 3337; x_wconf 87' lang='lat' dir='ltr'><strong>aequum</strong></span> 
     </span>
     <span class='ocr_line' id='line_1_42' title="bbox 702 3334 2806 3422; baseline 0.004 -27"><span class='ocrx_word' id='word_1_321' title='bbox 702 3334 1061 3411; x_wconf 88' lang='lat' dir='ltr'><strong>censebant,</strong></span> <span class='ocrx_word' id='word_1_322' title='bbox 1094 3335 1392 3421; x_wconf 87' lang='lat' dir='ltr'><strong>vivosque</strong></span> <span class='ocrx_word' id='word_1_323' title='bbox 1432 3336 1568 3422; x_wconf 81' lang='lat' dir='ltr'><strong>igni</strong></span> <span class='ocrx_word' id='word_1_324' title='bbox 1607 3350 2117 3401; x_wconf 88' lang='lat' dir='ltr'><strong>concrematuros</strong></span> <span class='ocrx_word' id='word_1_325' title='bbox 2157 3338 2577 3401; x_wconf 87' lang='lat' dir='ltr'><strong>mmabantur.</strong></span> <span class='ocrx_word' id='word_1_326' title='bbox 2671 3337 2806 3403; x_wconf 86' lang='lat' dir='ltr'><strong>Le-</strong></span> 
     </span>
     <span class='ocr_line' id='line_1_43' title="bbox 700 3416 2852 3508; baseline 0.004 -28"><span class='ocrx_word' id='word_1_327' title='bbox 700 3418 831 3502; x_wconf 80' lang='lat' dir='ltr'><strong>gati</strong></span> <span class='ocrx_word' id='word_1_328' title='bbox 861 3416 943 3481; x_wconf 89' lang='lat' dir='ltr'><strong>ad</strong></span> <span class='ocrx_word' id='word_1_329' title='bbox 974 3439 1087 3482; x_wconf 89' lang='lat' dir='ltr'><strong>ea:</strong></span> <span class='ocrx_word' id='word_1_330' title='bbox 1139 3427 1158 3456; x_wconf 82' lang='lat'><strong><em>⁶</em></strong></span> <span class='ocrx_word' id='word_1_331' title='bbox 1186 3419 1370 3493; x_wconf 87' lang='lat' dir='ltr'><strong>Quae</strong></span> <span class='ocrx_word' id='word_1_332' title='bbox 1402 3421 1648 3485; x_wconf 87' lang='lat' dir='ltr'><strong>consilii</strong></span> <span class='ocrx_word' id='word_1_333' title='bbox 1675 3422 1955 3499; x_wconf 88' lang='lat' dir='ltr'><strong>fuerunt,</strong></span> <span class='ocrx_word' id='word_1_334' title='bbox 1987 3422 2147 3486; x_wconf 87' lang='lat' dir='ltr'><strong>adeo</strong></span> <span class='ocrx_word' id='word_1_335' title='bbox 2183 3444 2390 3508; x_wconf 86' lang='lat' dir='ltr'><strong>aequa</strong></span> <span class='ocrx_word' id='word_1_336' title='bbox 2415 3420 2802 3508; x_wconf 87' lang='lat' dir='ltr'><strong>postulastis,</strong></span> <span class='ocrx_word' id='word_1_337' title='bbox 2819 3456 2852 3504; x_wconf 87' lang='lat'>9</span> 
     </span>
    </p>
   </div>
   <div class='ocr_carea' id='block_1_7' title="bbox 698 3608 2804 4366">
    <p class='ocr_par' dir='ltr' id='par_1_7' title="bbox 769 3608 2092 3669">
     <span class='ocr_line' id='line_1_44' title="bbox 769 3608 2092 3669; baseline 0.002 -13"><span class='ocrx_word' id='word_1_338' title='bbox 769 3622 795 3669; x_wconf 86' lang='lat'>5</span> <span class='ocrx_word' id='word_1_339' title='bbox 830 3610 1077 3669; x_wconf 73' lang='lat' dir='ltr'><strong>Aliorum]</strong></span> <span class='ocrx_word' id='word_1_340' title='bbox 1117 3608 1415 3657; x_wconf 85' lang='lat' dir='ltr'><strong>Particulam</strong></span> <span class='ocrx_word' id='word_1_341' title='bbox 1434 3624 1546 3669; x_wconf 76' lang='lat' dir='ltr'><strong>que,</strong></span> <span class='ocrx_word' id='word_1_342' title='bbox 1567 3622 1714 3668; x_wconf 86' lang='lat' dir='ltr'><strong>quam</strong></span> <span class='ocrx_word' id='word_1_343' title='bbox 1777 3624 1902 3658; x_wconf 80' lang='lat' dir='ltr'><strong>mm.</strong></span> <span class='ocrx_word' id='word_1_344' title='bbox 1927 3610 2092 3659; x_wconf 66' lang='lat' dir='ltr'><strong>Cam.</strong></span> 
     </span>
    </p>

    <p class='ocr_par' dir='ltr' id='par_1_8' title="bbox 701 3670 2804 3862">
     <span class='ocr_line' id='line_1_45' title="bbox 702 3670 2804 3737; baseline 0.003 -18"><span class='ocrx_word' id='word_1_345' title='bbox 702 3670 927 3731; x_wconf 67' lang='lat' dir='ltr'><strong>Sigonius</strong></span> <span class='ocrx_word' id='word_1_346' title='bbox 958 3678 1069 3733; x_wconf 80' lang='lat' dir='ltr'><strong>post</strong></span> <span class='ocrx_word' id='word_1_347' title='bbox 1097 3674 1305 3719; x_wconf 73' lang='lat' dir='ltr'><strong>aliorum</strong></span> <span class='ocrx_word' id='word_1_348' title='bbox 1338 3671 1556 3727; x_wconf 84' lang='lat' dir='ltr'><strong>immisit,</strong></span> <span class='ocrx_word' id='word_1_349' title='bbox 1573 3672 1714 3719; x_wconf 71' lang='lat' dir='ltr'><strong>omit·</strong></span> <span class='ocrx_word' id='word_1_350' title='bbox 1843 3675 1873 3720; x_wconf 89' lang='lat'>8</span> <span class='ocrx_word' id='word_1_351' title='bbox 1906 3676 1989 3723; x_wconf 77' lang='lat' dir='ltr'><strong>Ne</strong></span> <span class='ocrx_word' id='word_1_352' title='bbox 2015 3676 2098 3722; x_wconf 69' lang='lat' dir='ltr'><strong>oui</strong></span> <span class='ocrx_word' id='word_1_353' title='bbox 2115 3676 2298 3734; x_wconf 70' lang='lat' dir='ltr'><strong>fraudi</strong></span> <span class='ocrx_word' id='word_1_354' title='bbox 2327 3676 2474 3734; x_wconf 69' lang='lat' dir='ltr'><strong>esset]</strong></span> <span class='ocrx_word' id='word_1_355' title='bbox 2515 3675 2598 3723; x_wconf 82' lang='lat' dir='ltr'><strong>Ne</strong></span> <span class='ocrx_word' id='word_1_356' title='bbox 2625 3684 2804 3737; x_wconf 68' lang='lat' dir='ltr'><strong>pom</strong></span> 
     </span>
     <span class='ocr_line' id='line_1_46' title="bbox 701 3734 2800 3797; baseline 0.003 -16"><span class='ocrx_word' id='word_1_357' title='bbox 701 3740 813 3781; x_wconf 85' lang='lat' dir='ltr'><strong>tunt</strong></span> <span class='ocrx_word' id='word_1_358' title='bbox 838 3734 993 3782; x_wconf 84' lang='lat' dir='ltr'><strong>Drak.</strong></span> <span class='ocrx_word' id='word_1_359' title='bbox 1015 3740 1065 3782; x_wconf 85' lang='lat' dir='ltr'><strong>et</strong></span> <span class='ocrx_word' id='word_1_360' title='bbox 1088 3734 1268 3782; x_wconf 84' lang='lat' dir='ltr'><strong>Stroth.</strong></span> <span class='ocrx_word' id='word_1_361' title='bbox 1292 3734 1377 3782; x_wconf 80' lang='lat' dir='ltr'><strong>sed</strong></span> <span class='ocrx_word' id='word_1_362' title='bbox 1402 3734 1615 3782; x_wconf 78' lang='lat' dir='ltr'><strong>Beklter.</strong></span> <span class='ocrx_word' id='word_1_363' title='bbox 1643 3750 1713 3783; x_wconf 82' lang='lat' dir='ltr'><strong>re-</strong></span> <span class='ocrx_word' id='word_1_364' title='bbox 1779 3734 2006 3797; x_wconf 80' lang='lat' dir='ltr'><strong>cuiquam</strong></span> <span class='ocrx_word' id='word_1_365' title='bbox 2053 3736 2241 3784; x_wconf 86' lang='lat' dir='ltr'><strong>crimini</strong></span> <span class='ocrx_word' id='word_1_366' title='bbox 2278 3744 2560 3797; x_wconf 77' lang='lat' dir='ltr'><strong>verteretur,</strong></span> <span class='ocrx_word' id='word_1_367' title='bbox 2593 3754 2646 3786; x_wconf 77' lang='lat' dir='ltr'><strong>ae</strong></span> <span class='ocrx_word' id='word_1_368' title='bbox 2681 3754 2800 3788; x_wconf 78' lang='lat' dir='ltr'><strong>eon-</strong></span> 
     </span>
     <span class='ocr_line' id='line_1_47' title="bbox 704 3798 2493 3862; baseline 0.003 -19"><span class='ocrx_word' id='word_1_369' title='bbox 704 3798 856 3859; x_wconf 83' lang='lat' dir='ltr'><strong>ponit.</strong></span> <span class='ocrx_word' id='word_1_370' title='bbox 1779 3798 1950 3847; x_wconf 66' lang='lat' dir='ltr'><strong>civisne</strong></span> <span class='ocrx_word' id='word_1_371' title='bbox 1972 3799 2154 3851; x_wconf 81' lang='lat' dir='ltr'><strong>milites</strong></span> <span class='ocrx_word' id='word_1_372' title='bbox 2174 3806 2261 3848; x_wconf 85' lang='lat' dir='ltr'><strong>aut</strong></span> <span class='ocrx_word' id='word_1_373' title='bbox 2282 3802 2493 3862; x_wconf 87' lang='lat' dir='ltr'><strong>plebem.</strong></span> 
     </span>
    </p>

    <p class='ocr_par' dir='ltr' id='par_1_9' title="bbox 698 3859 2799 4113">
     <span class='ocr_line' id='line_1_48' title="bbox 764 3859 2799 3925; baseline 0.004 -18"><span class='ocrx_word' id='word_1_374' title='bbox 764 3860 796 3907; x_wconf 89' lang='lat'><strong>6</strong></span> <span class='ocrx_word' id='word_1_375' title='bbox 828 3862 935 3919; x_wconf 78' lang='lat' dir='ltr'><strong>Ne]</strong></span> <span class='ocrx_word' id='word_1_376' title='bbox 973 3860 1189 3908; x_wconf 83' lang='lat' dir='ltr'><strong>Nedum.</strong></span> <span class='ocrx_word' id='word_1_377' title='bbox 1224 3860 1305 3909; x_wconf 83' lang='lat' dir='ltr'><strong>sic</strong></span> <span class='ocrx_word' id='word_1_378' title='bbox 1340 3862 1489 3923; x_wconf 82' lang='lat' dir='ltr'><strong>plane</strong></span> <span class='ocrx_word' id='word_1_379' title='bbox 1517 3859 1622 3909; x_wconf 81' lang='lat' dir='ltr'><strong>cie.</strong></span> <span class='ocrx_word' id='word_1_380' title='bbox 1651 3862 1715 3909; x_wconf 79' lang='lat' dir='ltr'><strong>ad</strong></span> <span class='ocrx_word' id='word_1_381' title='bbox 1843 3877 1875 3925; x_wconf 89' lang='lat'><strong>9</strong></span> <span class='ocrx_word' id='word_1_382' title='bbox 1909 3866 2048 3921; x_wconf 76' lang='lat' dir='ltr'><strong>Quae</strong></span> <span class='ocrx_word' id='word_1_383' title='bbox 2075 3866 2265 3912; x_wconf 64' lang='lat' dir='ltr'><strong>con-dlii</strong></span> <span class='ocrx_word' id='word_1_384' title='bbox 2282 3866 2504 3924; x_wconf 68' lang='lat' dir='ltr'><strong>suerunt</strong></span> <span class='ocrx_word' id='word_1_385' title='bbox 2525 3900 2537 3913; x_wconf 91' lang='lat'><strong>.</strong></span> <span class='ocrx_word' id='word_1_386' title='bbox 2561 3898 2574 3913; x_wconf 85' lang='lat'><strong>.</strong></span> <span class='ocrx_word' id='word_1_387' title='bbox 2600 3900 2614 3913; x_wconf 92' lang='lat'><em>.</em></span> <span class='ocrx_word' id='word_1_388' title='bbox 2637 3899 2650 3913; x_wconf 93' lang='lat'><strong><em>.</em></strong></span> <span class='ocrx_word' id='word_1_389' title='bbox 2673 3868 2799 3917; x_wconf 71' lang='lat' dir='ltr'><strong>Im</strong></span> 
     </span>
     <span class='ocr_line' id='line_1_49' title="bbox 706 3921 2798 3990; baseline 0.003 -19"><span class='ocrx_word' id='word_1_390' title='bbox 706 3923 770 3971; x_wconf 91' lang='lat' dir='ltr'><strong>Di</strong></span> <span class='ocrx_word' id='word_1_391' title='bbox 778 3938 819 3970; x_wconf 85' lang='lat' dir='ltr'><strong>v.</strong></span> <span class='ocrx_word' id='word_1_392' title='bbox 848 3923 914 3971; x_wconf 79' lang='lat' dir='ltr'><strong>ix.</strong></span> <span class='ocrx_word' id='word_1_393' title='bbox 940 3921 1016 3972; x_wconf 76' lang='lat'><strong>26.</strong></span> <span class='ocrx_word' id='word_1_394' title='bbox 1096 3925 1189 3971; x_wconf 80' lang='lat' dir='ltr'><strong>Me</strong></span> <span class='ocrx_word' id='word_1_395' title='bbox 1214 3940 1329 3973; x_wconf 78' lang='lat' dir='ltr'><strong>vero</strong></span> <span class='ocrx_word' id='word_1_396' title='bbox 1356 3925 1487 3972; x_wconf 71' lang='lat' dir='ltr'><strong>nihil</strong></span> <span class='ocrx_word' id='word_1_397' title='bbox 1512 3926 1716 3972; x_wconf 71' lang='lat' dir='ltr'><strong>istorum</strong></span> <span class='ocrx_word' id='word_1_398' title='bbox 1777 3928 1992 3985; x_wconf 72' lang='lat' dir='ltr'><strong>vestrae]</strong></span> <span class='ocrx_word' id='word_1_399' title='bbox 2030 3927 2128 3985; x_wconf 71' lang='lat' dir='ltr'><strong>Ira,</strong></span> <span class='ocrx_word' id='word_1_400' title='bbox 2153 3934 2210 3974; x_wconf 89' lang='lat' dir='ltr'><strong>ut</strong></span> <span class='ocrx_word' id='word_1_401' title='bbox 2237 3928 2460 3975; x_wconf 76' lang='lat' dir='ltr'><strong>observat</strong></span> <span class='ocrx_word' id='word_1_402' title='bbox 2493 3928 2670 3976; x_wconf 80' lang='lat' dir='ltr'><strong>Cicero</strong></span> <span class='ocrx_word' id='word_1_403' title='bbox 2705 3944 2798 3990; x_wconf 79' lang='lat' dir='ltr'><strong>pm</strong></span> 
     </span>
     <span class='ocr_line' id='line_1_50' title="bbox 700 3988 2796 4053; baseline 0.002 -17"><span class='ocrx_word' id='word_1_404' title='bbox 700 4003 764 4036; x_wconf 77' lang='lat' dir='ltr'><strong>ne</strong></span> <span class='ocrx_word' id='word_1_405' title='bbox 798 3988 1024 4036; x_wconf 65' lang='lat' dir='ltr'><strong>{nomem</strong></span> <span class='ocrx_word' id='word_1_406' title='bbox 1060 3988 1252 4050; x_wconf 69' lang='lat' dir='ltr'><strong>quidem</strong></span> <span class='ocrx_word' id='word_1_407' title='bbox 1288 3990 1435 4037; x_wconf 76' lang='lat' dir='ltr'><strong>movit</strong></span> <span class='ocrx_word' id='word_1_408' title='bbox 1474 4002 1710 4050; x_wconf 74' lang='lat' dir='ltr'><strong>unquam,</strong></span> <span class='ocrx_word' id='word_1_409' title='bbox 1777 3989 1852 4038; x_wconf 87' lang='grc' dir='ltr'><strong>Μ.</strong></span> <span class='ocrx_word' id='word_1_410' title='bbox 1889 3990 2044 4038; x_wconf 82' lang='lat' dir='ltr'><strong>Marc.</strong></span> <span class='ocrx_word' id='word_1_411' title='bbox 2090 4004 2137 4053; x_wconf 86' lang='lat'><strong>9.</strong></span> <span class='ocrx_word' id='word_1_412' title='bbox 2183 3997 2256 4038; x_wconf 74' lang='lat' dir='ltr'><strong>ese</strong></span> <span class='ocrx_word' id='word_1_413' title='bbox 2309 3992 2512 4039; x_wconf 63' lang='lat' dir='ltr'><strong>frain-ica</strong></span> <span class='ocrx_word' id='word_1_414' title='bbox 2573 3995 2796 4042; x_wconf 68' lang='lat' dir='ltr'><strong>maevio.</strong></span> 
     </span>
     <span class='ocr_line' id='line_1_51' title="bbox 698 4050 2798 4113; baseline 0.001 -13"><span class='ocrx_word' id='word_1_415' title='bbox 698 4066 763 4100; x_wconf 78' lang='lat' dir='ltr'><strong>ne</strong></span> <span class='ocrx_word' id='word_1_416' title='bbox 783 4066 919 4098; x_wconf 77' lang='lat' dir='ltr'><strong>nuno</strong></span> <span class='ocrx_word' id='word_1_417' title='bbox 939 4066 1113 4099; x_wconf 73' lang='lat' dir='ltr'><strong>senem.</strong></span> <span class='ocrx_word' id='word_1_418' title='bbox 1144 4050 1308 4099; x_wconf 68' lang='lat' dir='ltr'><strong>Cam.</strong></span> <span class='ocrx_word' id='word_1_419' title='bbox 1777 4050 1936 4113; x_wconf 82' lang='lat' dir='ltr'><strong>Igitur</strong></span> <span class='ocrx_word' id='word_1_420' title='bbox 1973 4052 2054 4099; x_wconf 85' lang='lat' dir='ltr'><strong>hic</strong></span> <span class='ocrx_word' id='word_1_421' title='bbox 2097 4060 2418 4113; x_wconf 81' lang='lat' dir='ltr'><strong>opponuntur</strong></span> <span class='ocrx_word' id='word_1_422' title='bbox 2448 4054 2704 4102; x_wconf 66' lang='lat' dir='ltr'><strong>consilinm</strong></span> <span class='ocrx_word' id='word_1_423' title='bbox 2741 4062 2798 4103; x_wconf 81' lang='lat' dir='ltr'><strong>et</strong></span> 
     </span>
    </p>

    <p class='ocr_par' dir='ltr' id='par_1_10' title="bbox 698 4112 2796 4366">
     <span class='ocr_line' id='line_1_52' title="bbox 766 4112 2794 4175; baseline 0.001 -13"><span class='ocrx_word' id='word_1_424' title='bbox 766 4124 793 4175; x_wconf 88' lang='lat'><strong>7</strong></span> <span class='ocrx_word' id='word_1_425' title='bbox 816 4116 981 4172; x_wconf 74' lang='lat' dir='ltr'><strong>Quum</strong></span> <span class='ocrx_word' id='word_1_426' title='bbox 992 4116 1508 4175; x_wconf 73' lang='lat' dir='ltr'><strong>praemtimneonoe]</strong></span> <span class='ocrx_word' id='word_1_427' title='bbox 1535 4112 1708 4168; x_wconf 87' lang='lat' dir='ltr'><strong>Quum</strong></span> <span class='ocrx_word' id='word_1_428' title='bbox 1773 4116 1869 4163; x_wconf 74' lang='lat' dir='ltr'><strong>ira.</strong></span> <span class='ocrx_word' id='word_1_429' title='bbox 1951 4117 2098 4171; x_wconf 76' lang='lat' dir='ltr'><strong>Quae</strong></span> <span class='ocrx_word' id='word_1_430' title='bbox 2133 4115 2314 4163; x_wconf 86' lang='lat' dir='ltr'><strong>iudicio</strong></span> <span class='ocrx_word' id='word_1_431' title='bbox 2345 4122 2398 4165; x_wconf 88' lang='lat' dir='ltr'><strong>et</strong></span> <span class='ocrx_word' id='word_1_432' title='bbox 2433 4122 2630 4165; x_wconf 74' lang='lat' dir='ltr'><strong>matum</strong></span> <span class='ocrx_word' id='word_1_433' title='bbox 2671 4118 2794 4166; x_wconf 81' lang='lat' dir='ltr'><strong>deli-</strong></span> 
     </span>
     <span class='ocr_line' id='line_1_53' title="bbox 698 4176 2796 4241; baseline 0.002 -16"><span class='ocrx_word' id='word_1_434' title='bbox 698 4176 979 4237; x_wconf 69' lang='lat' dir='ltr'><strong>praesertim</strong></span> <span class='ocrx_word' id='word_1_435' title='bbox 1024 4192 1113 4224; x_wconf 74' lang='lat' dir='ltr'><strong>nos</strong></span> <span class='ocrx_word' id='word_1_436' title='bbox 1154 4191 1349 4237; x_wconf 83' lang='lat' dir='ltr'><strong>quoque</strong></span> <span class='ocrx_word' id='word_1_437' title='bbox 1393 4192 1491 4223; x_wconf 87' lang='lat' dir='ltr'><strong>non</strong></span> <span class='ocrx_word' id='word_1_438' title='bbox 1537 4177 1710 4224; x_wconf 79' lang='lat' dir='ltr'><strong>demus</strong></span> <span class='ocrx_word' id='word_1_439' title='bbox 1771 4178 2022 4226; x_wconf 77' lang='lat' dir='ltr'><strong>beratione</strong></span> <span class='ocrx_word' id='word_1_440' title='bbox 2061 4180 2371 4239; x_wconf 81' lang='lat' dir='ltr'><strong>postulastis,</strong></span> <span class='ocrx_word' id='word_1_441' title='bbox 2395 4196 2458 4227; x_wconf 84' lang='lat' dir='ltr'><strong>ea</strong></span> <span class='ocrx_word' id='word_1_442' title='bbox 2496 4180 2796 4241; x_wconf 60' lang='lat' dir='ltr'><strong>aequisima</strong></span> 
     </span>
     <span class='ocr_line' id='line_1_54' title="bbox 699 4239 2794 4307; baseline 0.004 -22"><span class='ocrx_word' id='word_1_443' title='bbox 699 4254 919 4299; x_wconf 84' lang='lat' dir='ltr'><strong>operam,</strong></span> <span class='ocrx_word' id='word_1_444' title='bbox 934 4240 1205 4287; x_wconf 79' lang='lat' dir='ltr'><strong>exercendo</strong></span> <span class='ocrx_word' id='word_1_445' title='bbox 1222 4241 1471 4287; x_wconf 84' lang='lat' dir='ltr'><strong>moderate</strong></span> <span class='ocrx_word' id='word_1_446' title='bbox 1487 4239 1710 4299; x_wconf 79' lang='lat' dir='ltr'><strong>imperia,</strong></span> <span class='ocrx_word' id='word_1_447' title='bbox 1775 4246 1902 4290; x_wconf 76' lang='lat' dir='ltr'><strong>sunt.</strong></span> <span class='ocrx_word' id='word_1_448' title='bbox 1971 4241 2086 4291; x_wconf 82' lang='lat' dir='ltr'><strong>Alia</strong></span> <span class='ocrx_word' id='word_1_449' title='bbox 2114 4242 2238 4289; x_wconf 84' lang='lat' dir='ltr'><strong>ratio</strong></span> <span class='ocrx_word' id='word_1_450' title='bbox 2265 4250 2339 4290; x_wconf 73' lang='lat' dir='ltr'><strong>est</strong></span> <span class='ocrx_word' id='word_1_451' title='bbox 2371 4258 2539 4292; x_wconf 82' lang='lat' dir='ltr'><strong>corum</strong></span> <span class='ocrx_word' id='word_1_452' title='bbox 2561 4258 2692 4307; x_wconf 77' lang='lat' dir='ltr'><strong>quae</strong></span> <span class='ocrx_word' id='word_1_453' title='bbox 2721 4244 2794 4293; x_wconf 79' lang='lat' dir='ltr'><strong>ira</strong></span> 
     </span>
     <span class='ocr_line' id='line_1_55' title="bbox 702 4300 2405 4366; baseline 0.006 -21"><span class='ocrx_word' id='word_1_454' title='bbox 702 4307 758 4346; x_wconf 85' lang='lat' dir='ltr'><strong>ut</strong></span> <span class='ocrx_word' id='word_1_455' title='bbox 786 4300 861 4349; x_wconf 89' lang='lat' dir='ltr'><strong>illi</strong></span> <span class='ocrx_word' id='word_1_456' title='bbox 888 4302 1048 4350; x_wconf 71' lang='lat' dir='ltr'><strong>nunus</strong></span> <span class='ocrx_word' id='word_1_457' title='bbox 1079 4307 1253 4363; x_wconf 79' lang='lat' dir='ltr'><strong>egeant</strong></span> <span class='ocrx_word' id='word_1_458' title='bbox 1282 4302 1466 4350; x_wconf 83' lang='lat' dir='ltr'><strong>auxilio</strong></span> <span class='ocrx_word' id='word_1_459' title='bbox 1496 4301 1708 4351; x_wconf 87' lang='lat' dir='ltr'><strong>tribuno-</strong></span> <span class='ocrx_word' id='word_1_460' title='bbox 1775 4303 2010 4355; x_wconf 72' lang='lat' dir='ltr'><strong>incitante</strong></span> <span class='ocrx_word' id='word_1_461' title='bbox 2031 4304 2210 4366; x_wconf 85' lang='lat' dir='ltr'><strong>petitis.</strong></span> <span class='ocrx_word' id='word_1_462' title='bbox 2243 4308 2405 4355; x_wconf 73' lang='lat' dir='ltr'><strong>Cazv.</strong></span> 
     </span>
    </p>
   </div>
  </div>
 </body>
</html>
