3000 4784
949 220 1139 291 LIB.
1191 220 1307 288 IV.
1376 222 1597 289 CAP.
1645 230 1706 289 4.
2251 236 2380 295 229

264 366 289 395 6
312 359 554 422 factum
572 360 603 423 ἓ
678 358 811 424 Ser.
862 358 1150 423 Tullium
1196 373 1341 446 post
1389 358 1582 436 hunc,
1635 361 1884 461 captiva
1937 360 2368 427 Corniculana
2389 378 2455 427 U.
2477 378 2537 427 C.
2565 390 2590 439 3
2603 393 2670 427 ιο.

264 453 555 521 ‘natum,
599 458 775 579 patre
814 445 1010 521 nullo,
1041 458 1241 509 matre
1282 468 1479 521 serva,
1511 447 1789 532 ingemo,
1819 448 2052 512 virtute
2095 470 2364 535 regnum
2383 443 2443 491 A.
2477 442 2537 492 0·
2560 456 2669 502 4⁴²·

262 540 287 569 ‘
308 532 587 595 tenuisse
608 581 623 596 .
684 531 864 606 Quid
906 532 1077 595 enim
1122 532 1205 595 de
1252 532 1329 595 T.
1378 531 1570 597 Tatio
1618 532 1854 597 Sabino
1897 533 2125 609 dicam,
2171 556 2366 622 quem

258 618 325 679 ‘i
491 616 823 694 Romulus,
854 637 1079 704 parens
1120 618 1311 693 urbis,
1343 619 1411 681 in
1450 619 1814 683 societatem
1851 620 2034 719 regni
2067 622 2362 707 accepit?

256 712 283 741 6
312 640 510 789 ἔξω
530 704 685 767 dum
713 704 957 767 nullum
987 703 1307 767 fastiditur
1330 726 1554 791 genus,
1584 706 1654 769 in
1683 728 1812 791 quo
1839 720 2114 770 eniteret
2139 707 2357 786 virtus,

260 798 287 827 ‘
304 790 511 853 crevit
538 790 875 875 imperium
917 790 1299 855 Romanum.
1390 790 1727 856 Poeniteat
1763 814 1937 856 nnnc
1975 816 2085 857 vos
2123 792 2354 897 plebeii

258 884 283 913 ‘
308 874 609 951 consulis,
642 899 839 962 quum
870 877 1137 941 maiores
1160 876 1374 946 ‚nostri
1411 875 1685 941 advenas
1723 900 1904 963 reges
1945 901 2079 943 non
2111 880 2356 944 fastidi-

257 969 282 998 ‘
303 961 498 1037 erint,
530 974 597 1025 et
612 984 695 1026 ne
724 962 977 1049 regibus
1006 960 1267 1049 quidem
1292 963 1528 1027 exactis
1557 963 1770 1027 clausa
1790 965 1938 1028 urbs
1959 964 2150 1029 fuerit
2177 988 2359 1051 pere-

255 1055 283 1085 ‘
302 1047 529 1133 grinae
560 1049 795 1112 virtuti.
894 1048 1231 1113 Claudiam
1262 1061 1431 1113 certe
1450 1061 1710 1133 gentem
1727 1064 1876 1148 post
1903 1072 2084 1136 reges
2105 1064 2360 1117 exactos

252 1142 279 1171 6
300 1155 389 1196 ex
428 1133 675 1197 Sabinis
702 1157 835 1199 non
865 1135 931 1197 in
961 1134 1279 1198 civitatem
1310 1135 1502 1198 modo
1531 1156 1906 1221 accepimus,
1935 1136 2051 1199 sed
2079 1138 2270 1200 etiam
2291 1139 2360 1202 in

252 1228 279 1257 6
304 1220 720 1305 patriciorum
750 1242 1103 1285 numerum.
1197 1220 1299 1283 Ex
1328 1220 1746 1306 peregrinone
1761 1222 2094 1307 pau-icius,
2121 1222 2358 1287 deinde

250 1314 280 1342 ‘
306 1306 535 1369 consul
564 1306 722 1370 fiat?
764 1308 921 1371 civis
957 1305 1289 1370 Romanus
1325 1304 1379 1369 si
1409 1306 1491 1369 sit
1521 1327 1603 1369 ex
1641 1306 1849 1393 plebe,
1880 1308 2164 1391 praecisa
2203 1330 2357 1372 con-

252 1400 281 1429 ‘
303 1390 551 1456 sulatus
601 1414 741 1479 spes
798 1392 968 1456 erit?
1044 1390 1279 1457 Utrum
1336 1391 1596 1455 tandem
1653 1414 1788 1456 non
1843 1393 2162 1457 credimus
2217 1395 2358 1459 fleri

252 1486 279 1515 ‘
298 1498 509 1563 posse,
550 1490 623 1542 ut
660 1480 759 1541 vir
799 1477 979 1543 fortis
1017 1500 1091 1541 ac
1129 1491 1443 1555 strenuus,
1480 1500 1636 1563 pace
1678 1477 1972 1565 belloque
2014 1481 2236 1556 bonus,
2273 1499 2357 1545 ex

246 1572 277 1601 ‘
295 1562 491 1650 plebe
532 1564 631 1641 sit,
676 1562 950 1640 Numae,
984 1564 1059 1627 L.
1094 1564 1465 1650 TarquiniO,
1503 1562 1634 1628 Ser.
1663 1564 1878 1629 Tullio
1913 1565 2182 1629 similis?
2245 1567 2356 1631 An

250 1658 275 1687 ‘
298 1670 409 1726 ne,
432 1650 485 1713 si
504 1652 602 1727 sit,
674 1650 889 1714 uidem
920 1650 1000 1713 ad
1026 1650 1455 1736 gubernacula
1474 1650 1858 1736 reipublicae
1881 1651 2182 1716 accedere
2207 1674 2354 1717 eum

250 1744 277 1774 ‘
300 1674 673 1821 patiemur}
734 1737 1073 1823 potiusque
1116 1735 1510 1813 decemviris,
1557 1738 1930 1802 taeterrimis
1972 1738 2352 1815 mortalium,

190 1842 227 1889 3
250 1831 274 1860 ‘
300 1822 423 1907 qui
452 1832 665 1887 tamen
694 1844 913 1887 omnes
954 1844 1036 1886 ex
1064 1822 1347 1907 patribus
1372 1835 1576 1899 erant,
1607 1846 1800 1909 quam
1837 1824 2096 1909 optimis
2133 1846 2355 1912 regum

186 1930 229 1973 4
252 1918 273 1947 6
298 1908 487 1971 novis
537 1908 915 1985 hominibuS,
968 1908 1201 1973 similes
1247 1907 1536 1973 consules
1581 1932 1798 1973 sumus
1846 1909 2173 1974 habituri?
2259 1912 2357 1974 At
2498 1918 2562 1976 4.

248 2002 279 2032 6
294 1994 480 2057 enim
510 2016 700 2058 nemo
846 2008 873 2059 t
900 2016 1081 2082 reges
1108 2008 1364 2059 exactos
1392 1995 1475 2058 de
1504 1994 1689 2095 plebe
1713 1995 1930 2059 consul
1953 1996 2091 2059 fuit.
2174 1996 2354 2071 Quid

250 2089 279 2118 ‘
298 2082 573 2165 postea?
619 2080 679 2144 N
756 2081 899 2145 lane
934 2104 1037 2145 res
1080 2104 1245 2145 nova
1286 2082 1532 2145 institm
1571 2080 1808 2145 debet?
1850 2093 1935 2157 et,
1973 2082 2150 2167 quod
2193 2106 2357 2146 non-

252 2176 277 2203 ‘
298 2165 463 2229 dum
492 2180 589 2231 est
626 2166 861 2231 factum
892 2166 1125 2255 (multa
1162 2167 1334 2231 enim
1374 2166 1662 2231 nondum
1703 2180 1852 2231 sunt
1888 2167 2054 2231 facta
2081 2168 2148 2230 in
2189 2191 2356 2233 novo

252 2262 279 2291 ‘
298 2253 577 2339 populo)
603 2276 699 2329 ea,
730 2276 813 2317 ne
844 2254 895 2317 si
938 2254 1119 2317 utilia
1148 2252 1407 2339 quidem
1436 2253 1586 2327 sint,
1615 2253 1756 2316 fieri
1793 2255 2086 2338 oportet?
2130 2253 2353 2319 Ponti-

192 2356 228 2403 5
254 2348 277 2376 6
298 2338 477 2415 fices,
516 2360 803 2426 augureS,
846 2340 1127 2404 Romulo
1169 2352 1493 2424 regnante,
1539 2338 1700 2401 nulli
1743 2352 1956 2402 erant:
2006 2340 2085 2403 ab
2135 2339 2354 2405 Numa

255 2434 279 2463 ‘
298 2424 623 2511 Pompilio
674 2426 867 2490 creati
916 2438 1083 2489 sunt.
1180 2424 1429 2488 Census
1480 2424 1550 2485 in
1600 2423 1852 2489 civitate
1897 2436 1966 2487 et
2013 2425 2353 2512 descriptio

254 2522 277 2551 ‘
298 2512 733 2575 centuriarum
784 2512 1207 2596 classiumque
1256 2530 1389 2573 non
1436 2521 1604 2572 erat:
1661 2509 1746 2571 ab
1804 2509 1936 2572 Ser.
1992 2510 2208 2575 Tullio
2257 2526 2356 2575 est

252 2606 277 2636 ‘
298 2597 489 2661 ficta.
583 2597 897 2663 Consules
922 2618 1255 2696 nunquam
1282 2596 1536 2659 fuerant
1549 2618 1568 2656 ε
1617 2594 1870 2681 regibus
1891 2596 2131 2660 exactis
2159 2598 2354 2661 creati

191 2693 231 2743 6
254 2694 277 2721 ‘
294 2696 468 2747 sunt.
561 2682 908 2749 Dictatoris
934 2704 1057 2747 nec
1093 2704 1181 2745 im
1266 2680 1443 2744 rium·
1472 2700 1592 2743 nec
1631 2700 1867 2744 nomen
1895 2681 2132 2746 filei-at:
2181 2682 2354 2769 apud

198 2799 231 2849 7
256 2780 512 2856 ‘patres
558 2792 695 2834 esse
744 2770 973 2856 coepit.
1065 2768 1181 2832 Tri
1226 2768 1339 2831 uni
1386 2766 1606 2853 plebis,
1661 2766 1914 2844 aediles,
1967 2782 2348 2854 quaestores,

254 2867 278 2896 6
295 2855 462 2920 nulli
490 2868 704 2920 erant:
752 2856 1113 2920 institutum
1142 2868 1259 2931 est,
1290 2865 1364 2917 ut
1402 2854 1647 2917 fierent.
1741 2853 2153 2919 Decemviros
2194 2855 2351 2942 legi-

254 2952 277 2981 ‘
295 2944 421 3006 bus
456 2942 805 3006 scribendis
844 2942 1012 3005 intra
1047 2941 1269 3005 decem
1311 2940 1428 3003 hos
1466 2962 1666 3004 annos
1705 2952 1771 3004 et
1811 2941 2178 3017 creavimus,
2209 2956 2276 3005 et
2313 2965 2348 3005 e

254 3038 279 3067 ‘
298 3028 629 3113 republica
677 3028 1059 3091 sustulimus.
1156 3026 1321 3101 Quis
1363 3026 1633 3102 dubitat,
1677 3027 1856 3113 quin,
1903 3027 1970 3089 in
2019 3042 2349 3091 aeternum

254 3124 277 3153 6
294 3114 455 3178 urbe
486 3114 761 3190 condita,
780 3114 849 3176 in
878 3114 1255 3177 immensum
1286 3126 1627 3189 crescente,
1651 3134 1816 3176 nova
1843 3114 2126 3199 imperia,
2149 3136 2352 3177 sacer-

254 3340 379 3388 urbe
433 3338 713 3401 Tarquiniis
768 3338 1070 3389 domicilium
1132 3353 1273 3385 suum
1331 3340 1473 3399 gulos
1506 3338 1742 3399 cooptavit
1765 3352 1990 3399 auyures.
2039 3335 2148 3387 vide
2169 3336 2277 3389 infr.
2300 3356 2349 3388 x.

254 3403 533 3452 contulerat
568 3402 797 3451 Romam.
862 3406 1033 3453 Incola
1072 3402 1273 3465 opponi·
1338 3399 1384 3449 6.
1420 3400 1768 3448 Wachsmuth.
1791 3415 1838 3462 p.
1866 3402 1974 3449 218.
2077 3410 2098 3429 ²

251 3475 339 3517 tur
361 3469 477 3525 civi,
499 3472 550 3515 et
580 3467 623 3515 is
655 3475 729 3515 est
748 3467 834 3528 qui
866 3466 1068 3515 aliunde
1100 3466 1151 3513 in
1182 3465 1273 3513 ali-

250 3546 421 3643 (ιξωιὲ
428 3530 691 3593 regionem,
712 3531 813 3579 sive
833 3532 1013 3579 urbem*
1026 3529 1269 3591 immigra-

252 3611 302 3641 ν]
328 3631 343 3642 .
428 3608 541 3643 aar.

322 3672 351 3719 3
387 3658 567 3707 Omnes
588 3674 652 3707 ex
678 3658 931 3721 patribus]
984 3658 1169 3706 Contra
1206 3668 1267 3703 ex

252 3722 601 3784 posterioribus
623 3722 909 3770 decemviris
928 3728 1027 3769 tres
1052 3720 1269 3781 plebeios

252 3786 405 3834 fuisse
434 3786 600 3833 scribit
628 3786 778 3835 Dion.
802 3802 849 3834 x.
876 3786 952 3846 58.
975 3790 1025 3831 et
1044 3784 1169 3831 duos
1196 3782 1265 3831 in-

252 3850 541 3912 superaddit
566 3850 769 3899 Niebhr.
816 3849 875 3898 cf.
900 3863 1028 3909 supr.
1052 3846 1119 3895 iii.
1144 3859 1219 3909 35.

322 3931 353 3974 4
384 3915 541 3961 Novis
561 3914 857 3972 hominibus]
901 3914 1031 3961 Nom·
1056 3912 1270 3959 homines

252 3978 390 4040 apud
412 3978 668 4025 Romanos
694 3981 1011 4039 opponuntur
1032 3972 1271 4023 nobilibus

253 4048 307 4089 et
335 4040 369 4087 ii
402 4044 534 4099 sunt,
554 4039 641 4103 qui
663 4054 815 4101 quum
848 4040 1041 4087 nullum
1074 4054 1135 4086 ex
1170 4052 1269 4086 ma-

252 4104 439 4153 ioribus
467 4106 631 4153 curuli
664 4106 953 4165 magistratu
984 4104 1273 4163 insiym’tmu

254 4168 521 4225 habebant,
542 4166 687 4231 primi
716 4182 834 4215 suae
854 4164 1015 4229 stirpis
1034 4166 1099 4215 ad
1120 4165 1269 4213 hono-

250 4246 332 4280 res
351 4247 457 4280 sese
478 4246 697 4279 evexere.
730 4233 893 4280 Cnnv.
924 4254 929 4258 ·

328 4308 357 4357 5
399 4296 603 4344 Romulo
642 4296 905 4357 requam]
964 4294 1025 4342 cf.
1060 4292 1168 4341 eie.
1208 4294 1270 4340 de

255 4360 387 4421 Rep.
418 4358 467 4408 ii.
498 4375 545 4423 9.
579 4376 641 4407 ex
672 4361 881 4421 :infulis
916 4358 1139 4406 tribubus
1171 4358 1269 4404 sim

1403 3463 1434 3513 6
1464 3466 1622 3525 Apud
1653 3465 1846 3525 patres]
1906 3479 1970 3513 sc.
2011 3465 2216 3515 Petrum
2247 3482 2346 3516 me-

1336 3528 1504 3576 moria.
1539 3528 1700 3577 Cam.
2307 3576 2312 3581 .

1388 3605 1426 3653 -7
1460 3592 1680 3650 Aediles]
1719 3592 1780 3639 cf.
1816 3590 1956 3653 Supr.
1990 3590 2039 3641 ii.
2076 3606 2151 3655 33.
2189 3594 2344 3651 Quae-

1332 3660 1481 3704 stores
1519 3670 1584 3703 sc.
1620 3660 1898 3715 quaestores
1929 3656 2134 3715 classici,
2170 3657 2345 3718 quibus

1330 3718 1570 3769 aerarium
1601 3734 1682 3780 ap.
1713 3718 1887 3767 aedem
1918 3719 2114 3768 Saturni
2145 3722 2343 3769 deman-

1330 3784 1551 3830 dabatur.
1599 3782 1680 3831 De
1696 3782 1876 3844 origine
1893 3788 2200 3844 quaestorum
2217 3785 2342 3832 mul-

1331 3852 1383 3895 ta
1416 3852 1465 3894 et
1500 3845 1632 3895 varia
1663 3846 1844 3909 scripta.
1875 3853 2002 3896 sunt.
2045 3848 2106 3895 cf.
2140 3849 2209 3897 Ul
2246 3883 2258 3896 .
2290 3848 2342 3895 in

1336 3910 1491 3958 Pand.
1527 3910 1589 3957 de
1622 3910 1719 3959 Off.
1757 3910 1856 3966 Qu.
1891 3911 2040 3959 Dion.
2073 3910 2106 3959 i.
2142 3920 2185 3972 5.
2267 3926 2341 3959 ac.

1334 3975 1463 4022 Ann.
1503 3974 1553 4022 ii.
1593 3988 1669 4023 22.
1714 3974 1798 4021 ubi
1835 3982 2108 4037 quaestores
2147 3975 2342 4034 reyibm

1332 4038 1686 4101 imperantibus
1721 4040 1965 4086 institutos
2003 4036 2224 4098 legimus,
2255 4036 2342 4083 sed

1338 4101 1587 4149 Plutarch.
1620 4102 1672 4148 in
1716 4101 1906 4149 Public.
1935 4114 1968 4147 a
2004 4099 2204 4146 Valerio
2244 4099 2342 4145 Pn-

1332 4164 1513 4212 blicoln
1526 4164 1788 4221 institutos,
1801 4170 1852 4210 et
1871 4165 2110 4223 Pompon.
2131 4161 2194 4208 de
2211 4161 2343 4223 Orig.

1335 4228 1553 4290 magistr.
1573 4227 1679 4285 iias.
1697 4242 1774 4274 τι.
1789 4226 1937 4273 etiarn
1962 4223 2166 4271 tribunis
2187 4223 2346 4284 plebis

1336 4292 1624 4354 posteriores
1643 4290 1790 4337 fuisse
1811 4288 1990 4336 scribit.
