<?xml version="1.0" encoding="UTF-8"?>
<!DOCTYPE html PUBLIC "-//W3C//DTD XHTML 1.0 Transitional//EN"
    "http://www.w3.org/TR/xhtml1/DTD/xhtml1-transitional.dtd">
<html xmlns="http://www.w3.org/1999/xhtml" xml:lang="en" lang="en">
 <head>
  <title>
</title>
<meta http-equiv="Content-Type" content="text/html;charset=utf-8" />
  <meta name='ocr-system' content='tesseract 3.04.00' />
  <meta name='ocr-capabilities' content='ocr_page ocr_carea ocr_par ocr_line ocrx_word'/>
</head>
<body>
  <div class='ocr_page' id='page_1' title='image "./tliviipatavinih10unkngoog_0585.png"; bbox 0 0 3000 4784; ppageno 0'>
   <div class='ocr_carea' id='block_1_1' title="bbox 828 245 2255 315">
    <p class='ocr_par' dir='ltr' id='par_1_1' title="bbox 828 245 2255 315">
     <span class='ocr_line' id='line_1_1' title="bbox 828 245 2255 315; baseline 0.001 -4"><span class='ocrx_word' id='word_1_1' title='bbox 828 245 1019 312; x_wconf 89' lang='lat' dir='ltr'><strong>LIB.</strong></span> <span class='ocrx_word' id='word_1_2' title='bbox 1067 246 1155 310; x_wconf 87' lang='lat' dir='ltr'><strong>X.</strong></span> <span class='ocrx_word' id='word_1_3' title='bbox 1221 245 1443 312; x_wconf 81' lang='lat' dir='ltr'><strong>CAP.</strong></span> <span class='ocrx_word' id='word_1_4' title='bbox 1496 252 1594 312; x_wconf 85' lang='lat'><strong>13.</strong></span> <span class='ocrx_word' id='word_1_5' title='bbox 2134 251 2255 315; x_wconf 89' lang='grc'><strong>571</strong></span> 
     </span>
    </p>
   </div>
   <div class='ocr_carea' id='block_1_2' title="bbox 138 381 2570 548">
    <p class='ocr_par' dir='ltr' id='par_1_2' title="bbox 138 381 2570 548">
     <span class='ocr_line' id='line_1_2' title="bbox 142 381 2566 471; baseline 0 -23"><span class='ocrx_word' id='word_1_6' title='bbox 142 381 561 460; x_wconf 77' lang='lat' dir='ltr'><strong>Maximum,</strong></span> <span class='ocrx_word' id='word_1_7' title='bbox 593 383 801 471; x_wconf 87' lang='lat' dir='ltr'><strong>primo</strong></span> <span class='ocrx_word' id='word_1_8' title='bbox 822 405 955 447; x_wconf 89' lang='lat' dir='ltr'><strong>non</strong></span> <span class='ocrx_word' id='word_1_9' title='bbox 983 393 1330 470; x_wconf 89' lang='lat' dir='ltr'><strong>petentem,</strong></span> <span class='ocrx_word' id='word_1_10' title='bbox 1353 382 1609 461; x_wconf 87' lang='lat' dir='ltr'><strong>deinde,</strong></span> <span class='ocrx_word' id='word_1_11' title='bbox 1630 397 1702 448; x_wconf 90' lang='lat' dir='ltr'><strong>ut</strong></span> <span class='ocrx_word' id='word_1_12' title='bbox 1727 382 2028 448; x_wconf 88' lang='lat' dir='ltr'><strong>inclinata</strong></span> <span class='ocrx_word' id='word_1_13' title='bbox 2055 383 2264 449; x_wconf 88' lang='lat' dir='ltr'><strong>studia</strong></span> <span class='ocrx_word' id='word_1_14' title='bbox 2281 401 2349 450; x_wconf 89' lang='lat' dir='ltr'><strong>U.</strong></span> <span class='ocrx_word' id='word_1_15' title='bbox 2372 400 2432 450; x_wconf 84' lang='lat' dir='ltr'><strong>c.</strong></span> <span class='ocrx_word' id='word_1_16' title='bbox 2456 415 2566 461; x_wconf 83' lang='lat'>454·</span> 
     </span>
     <span class='ocr_line' id='line_1_3' title="bbox 138 467 2570 548; baseline -0.002 -15"><span class='ocrx_word' id='word_1_17' title='bbox 138 469 359 547; x_wconf 79' lang='lat' dir='ltr'><strong>vidit,</strong></span> <span class='ocrx_word' id='word_1_18' title='bbox 392 470 579 534; x_wconf 86' lang='lat' dir='ltr'><strong>etiam</strong></span> <span class='ocrx_word' id='word_1_19' title='bbox 624 483 1022 536; x_wconf 79' lang='lat' dir='ltr'><strong>recusantem</strong></span> <span class='ocrx_word' id='word_1_20' title='bbox 1065 471 1391 535; x_wconf 88' lang='lat' dir='ltr'><strong>convertit.</strong></span> <span class='ocrx_word' id='word_1_21' title='bbox 1484 479 1504 508; x_wconf 89' lang='lat'>‘</span> <span class='ocrx_word' id='word_1_22' title='bbox 1527 471 1705 546; x_wconf 81' lang='lat' dir='ltr'><strong>Quid</strong></span> <span class='ocrx_word' id='word_1_23' title='bbox 1741 493 1808 534; x_wconf 88' lang='lat' dir='ltr'><strong>se</strong></span> <span class='ocrx_word' id='word_1_24' title='bbox 1854 470 1980 535; x_wconf 85' lang='lat' dir='ltr'><strong>iam</strong></span> <span class='ocrx_word' id='word_1_25' title='bbox 2023 493 2261 548; x_wconf 87' lang='lat' dir='ltr'><strong>senem,</strong></span> <span class='ocrx_word' id='word_1_26' title='bbox 2279 467 2340 516; x_wconf 79' lang='lat' dir='ltr'><strong>A.</strong></span> <span class='ocrx_word' id='word_1_27' title='bbox 2375 467 2434 515; x_wconf 78' lang='lat' dir='ltr'><strong>C·</strong></span> <span class='ocrx_word' id='word_1_28' title='bbox 2461 467 2570 528; x_wconf 77' lang='lat'><strong>298·</strong></span> 
     </span>
    </p>
   </div>
   <div class='ocr_carea' id='block_1_3' title="bbox 148 555 2270 992">
    <p class='ocr_par' dir='ltr' id='par_1_3' title="bbox 148 555 2270 992">
     <span class='ocr_line' id='line_1_4' title="bbox 148 555 2266 644; baseline 0 -23"><span class='ocrx_word' id='word_1_29' title='bbox 148 565 183 594; x_wconf 85' lang='lat'>‘</span> <span class='ocrx_word' id='word_1_30' title='bbox 204 579 291 621; x_wconf 76' lang='lat' dir='ltr'><strong>ac</strong></span> <span class='ocrx_word' id='word_1_31' title='bbox 310 556 711 644; x_wconf 86' lang='lat' dir='ltr'><strong>perfunctum</strong></span> <span class='ocrx_word' id='word_1_32' title='bbox 730 556 1046 621; x_wconf 78' lang='lat' dir='ltr'><strong>laboribus</strong></span> <span class='ocrx_word' id='word_1_33' title='bbox 1062 555 1473 644; x_wconf 83' lang='lat' dir='ltr'>laborumque</span> <span class='ocrx_word' id='word_1_34' title='bbox 1490 556 1803 644; x_wconf 88' lang='lat' dir='ltr'><strong>praemiis,</strong></span> <span class='ocrx_word' id='word_1_35' title='bbox 1823 556 2266 622; x_wconf 74' lang='lat' dir='ltr'><strong>sollicitarent?</strong></span> 
     </span>
     <span class='ocr_line' id='line_1_5' title="bbox 150 641 2266 731; baseline 0 -23"><span class='ocrx_word' id='word_1_36' title='bbox 150 652 186 680; x_wconf 76' lang='lat'><strong><em>⁶</em></strong></span> <span class='ocrx_word' id='word_1_37' title='bbox 212 641 292 708; x_wconf 90' lang='lat' dir='ltr'>N</span> <span class='ocrx_word' id='word_1_38' title='bbox 294 666 370 708; x_wconf 91' lang='lat' dir='ltr'><strong>ec</strong></span> <span class='ocrx_word' id='word_1_39' title='bbox 414 643 710 730; x_wconf 73' lang='lat' dir='ltr'><strong>cot-peria,</strong></span> <span class='ocrx_word' id='word_1_40' title='bbox 750 665 869 708; x_wconf 91' lang='lat' dir='ltr'><strong>nec</strong></span> <span class='ocrx_word' id='word_1_41' title='bbox 912 643 1107 709; x_wconf 86' lang='lat' dir='ltr'><strong>animi</strong></span> <span class='ocrx_word' id='word_1_42' title='bbox 1145 643 1427 731; x_wconf 82' lang='lat' dir='ltr'><strong>vigorem</strong></span> <span class='ocrx_word' id='word_1_43' title='bbox 1469 665 1796 708; x_wconf 88' lang='lat' dir='ltr'><strong>remanere</strong></span> <span class='ocrx_word' id='word_1_44' title='bbox 1840 643 2150 709; x_wconf 86' lang='lat' dir='ltr'><strong>eundem:</strong></span> <span class='ocrx_word' id='word_1_45' title='bbox 2199 657 2266 710; x_wconf 88' lang='lat' dir='ltr'><strong>et</strong></span> 
     </span>
     <span class='ocr_line' id='line_1_6' title="bbox 154 730 2268 817; baseline 0.001 -23"><span class='ocrx_word' id='word_1_46' title='bbox 154 737 185 766; x_wconf 75' lang='lat'><strong><em>⁶</em></strong></span> <span class='ocrx_word' id='word_1_47' title='bbox 214 730 544 794; x_wconf 87' lang='lat' dir='ltr'><strong>fortunam</strong></span> <span class='ocrx_word' id='word_1_48' title='bbox 573 730 772 817; x_wconf 86' lang='lat' dir='ltr'><strong>ipsam</strong></span> <span class='ocrx_word' id='word_1_49' title='bbox 800 730 1021 807; x_wconf 85' lang='lat' dir='ltr'><strong>vereri,</strong></span> <span class='ocrx_word' id='word_1_50' title='bbox 1054 752 1135 794; x_wconf 90' lang='lat' dir='ltr'><strong>ne</strong></span> <span class='ocrx_word' id='word_1_51' title='bbox 1166 731 1270 795; x_wconf 91' lang='lat' dir='ltr'><strong>cui</strong></span> <span class='ocrx_word' id='word_1_52' title='bbox 1301 730 1566 796; x_wconf 88' lang='lat' dir='ltr'><strong>deorum</strong></span> <span class='ocrx_word' id='word_1_53' title='bbox 1601 731 1804 795; x_wconf 88' lang='lat' dir='ltr'><strong>nimia</strong></span> <span class='ocrx_word' id='word_1_54' title='bbox 1829 730 1955 796; x_wconf 87' lang='lat' dir='ltr'><strong>iam</strong></span> <span class='ocrx_word' id='word_1_55' title='bbox 1985 731 2053 796; x_wconf 91' lang='lat' dir='ltr'><strong>in</strong></span> <span class='ocrx_word' id='word_1_56' title='bbox 2083 753 2170 809; x_wconf 88' lang='lat' dir='ltr'><strong>se,</strong></span> <span class='ocrx_word' id='word_1_57' title='bbox 2201 745 2268 796; x_wconf 86' lang='lat' dir='ltr'><strong>et</strong></span> 
     </span>
     <span class='ocr_line' id='line_1_7' title="bbox 158 816 2266 904; baseline 0.001 -24"><span class='ocrx_word' id='word_1_58' title='bbox 158 825 187 854; x_wconf 87' lang='lat'>‘</span> <span class='ocrx_word' id='word_1_59' title='bbox 206 817 625 892; x_wconf 77' lang='lat' dir='ltr'><strong>constantior,</strong></span> <span class='ocrx_word' id='word_1_60' title='bbox 667 838 860 904; x_wconf 88' lang='lat' dir='ltr'><strong>quam</strong></span> <span class='ocrx_word' id='word_1_61' title='bbox 904 816 1107 882; x_wconf 82' lang='lat' dir='ltr'><strong>velint</strong></span> <span class='ocrx_word' id='word_1_62' title='bbox 1150 817 1463 882; x_wconf 81' lang='lat' dir='ltr'><strong>humanae</strong></span> <span class='ocrx_word' id='word_1_63' title='bbox 1507 840 1625 895; x_wconf 86' lang='lat' dir='ltr'><strong>res,</strong></span> <span class='ocrx_word' id='word_1_64' title='bbox 1672 817 1978 883; x_wconf 80' lang='lat' dir='ltr'><strong>videatur.</strong></span> <span class='ocrx_word' id='word_1_65' title='bbox 2071 816 2158 883; x_wconf 89' lang='lat' dir='ltr'><strong>Et</strong></span> <span class='ocrx_word' id='word_1_66' title='bbox 2198 841 2266 883; x_wconf 86' lang='lat' dir='ltr'><strong>se</strong></span> 
     </span>
     <span class='ocr_line' id='line_1_8' title="bbox 162 902 2270 992; baseline 0.001 -26"><span class='ocrx_word' id='word_1_67' title='bbox 162 911 189 940; x_wconf 87' lang='lat'>‘</span> <span class='ocrx_word' id='word_1_68' title='bbox 206 902 458 990; x_wconf 84' lang='lat' dir='ltr'><strong>gloriae</strong></span> <span class='ocrx_word' id='word_1_69' title='bbox 494 903 814 968; x_wconf 88' lang='lat' dir='ltr'><strong>seniorum</strong></span> <span class='ocrx_word' id='word_1_70' title='bbox 849 903 1247 982; x_wconf 83' lang='lat' dir='ltr'><strong>succrevisse,</strong></span> <span class='ocrx_word' id='word_1_71' title='bbox 1280 919 1347 968; x_wconf 90' lang='lat' dir='ltr'><strong>et</strong></span> <span class='ocrx_word' id='word_1_72' title='bbox 1379 903 1461 969; x_wconf 88' lang='lat' dir='ltr'><strong>ad</strong></span> <span class='ocrx_word' id='word_1_73' title='bbox 1498 927 1676 969; x_wconf 87' lang='lat' dir='ltr'><strong>suam</strong></span> <span class='ocrx_word' id='word_1_74' title='bbox 1711 903 1976 992; x_wconf 80' lang='lat' dir='ltr'><strong>gloriam</strong></span> <span class='ocrx_word' id='word_1_75' title='bbox 2009 927 2270 970; x_wconf 87' lang='lat' dir='ltr'><strong>consur-</strong></span> 
     </span>
    </p>
   </div>
   <div class='ocr_carea' id='block_1_4' title="bbox 106 989 2274 1835">
    <p class='ocr_par' dir='ltr' id='par_1_4' title="bbox 106 989 2274 1835">
     <span class='ocr_line' id='line_1_9' title="bbox 166 989 2270 1078; baseline 0.001 -25"><span class='ocrx_word' id='word_1_76' title='bbox 166 999 186 1028; x_wconf 90' lang='lat'>‘</span> <span class='ocrx_word' id='word_1_77' title='bbox 210 1003 453 1077; x_wconf 79' lang='lat' dir='ltr'><strong>gentes</strong></span> <span class='ocrx_word' id='word_1_78' title='bbox 480 989 635 1054; x_wconf 84' lang='lat' dir='ltr'><strong>alios</strong></span> <span class='ocrx_word' id='word_1_79' title='bbox 662 989 899 1055; x_wconf 88' lang='lat' dir='ltr'><strong>laetum</strong></span> <span class='ocrx_word' id='word_1_80' title='bbox 928 989 1223 1077; x_wconf 81' lang='lat' dir='ltr'><strong>aspicere.</strong></span> <span class='ocrx_word' id='word_1_81' title='bbox 1315 989 1459 1056; x_wconf 86' lang='lat' dir='ltr'><strong>Nec</strong></span> <span class='ocrx_word' id='word_1_82' title='bbox 1487 990 1760 1057; x_wconf 90' lang='lat' dir='ltr'><strong>honores</strong></span> <span class='ocrx_word' id='word_1_83' title='bbox 1781 1013 2041 1078; x_wconf 80' lang='lat' dir='ltr'><strong>magnos</strong></span> <span class='ocrx_word' id='word_1_84' title='bbox 2061 990 2270 1056; x_wconf 86' lang='lat' dir='ltr'><strong>fortis-</strong></span> 
     </span>
     <span class='ocr_line' id='line_1_10' title="bbox 167 1075 2270 1154; baseline 0.001 -14"><span class='ocrx_word' id='word_1_85' title='bbox 167 1085 190 1114; x_wconf 89' lang='lat'>‘</span> <span class='ocrx_word' id='word_1_86' title='bbox 215 1076 403 1141; x_wconf 87' lang='lat' dir='ltr'><strong>simis</strong></span> <span class='ocrx_word' id='word_1_87' title='bbox 457 1076 607 1140; x_wconf 85' lang='lat' dir='ltr'><strong>viris</strong></span> <span class='ocrx_word' id='word_1_88' title='bbox 664 1076 930 1154; x_wconf 88' lang='lat' dir='ltr'><strong>Romae,</strong></span> <span class='ocrx_word' id='word_1_89' title='bbox 991 1099 1111 1141; x_wconf 91' lang='lat' dir='ltr'><strong>nec</strong></span> <span class='ocrx_word' id='word_1_90' title='bbox 1160 1075 1504 1142; x_wconf 87' lang='lat' dir='ltr'><strong>honoribus</strong></span> <span class='ocrx_word' id='word_1_91' title='bbox 1551 1077 1767 1142; x_wconf 81' lang='lat' dir='ltr'><strong>deesse</strong></span> <span class='ocrx_word' id='word_1_92' title='bbox 1824 1077 2018 1142; x_wconf 87' lang='lat' dir='ltr'><strong>fortes</strong></span> <span class='ocrx_word' id='word_1_93' title='bbox 2067 1077 2270 1143; x_wconf 65' lang='lat' dir='ltr'><strong>viros!</strong></span> 
     </span>
     <span class='ocr_line' id='line_1_11' title="bbox 166 1162 2273 1252; baseline 0 -24"><span class='ocrx_word' id='word_1_94' title='bbox 166 1163 483 1228; x_wconf 80' lang='lat' dir='ltr'><strong>Acuebat</strong></span> <span class='ocrx_word' id='word_1_95' title='bbox 498 1162 617 1227; x_wconf 88' lang='lat' dir='ltr'><strong>hac</strong></span> <span class='ocrx_word' id='word_1_96' title='bbox 634 1163 1063 1228; x_wconf 77' lang='lat' dir='ltr'><strong>moderatione</strong></span> <span class='ocrx_word' id='word_1_97' title='bbox 1083 1177 1213 1228; x_wconf 86' lang='lat' dir='ltr'><strong>tam</strong></span> <span class='ocrx_word' id='word_1_98' title='bbox 1234 1163 1399 1228; x_wconf 82' lang='lat' dir='ltr'><strong>iusta</strong></span> <span class='ocrx_word' id='word_1_99' title='bbox 1413 1163 1658 1241; x_wconf 79' lang='lat' dir='ltr'><strong>studia3</strong></span> <span class='ocrx_word' id='word_1_100' title='bbox 1705 1187 1868 1252; x_wconf 87' lang='lat' dir='ltr'><strong>quae</strong></span> <span class='ocrx_word' id='word_1_101' title='bbox 1890 1163 2273 1228; x_wconf 84' lang='lat' dir='ltr'><strong>verecundia</strong></span> 
     </span>
     <span class='ocr_line' id='line_1_12' title="bbox 106 1248 2274 1400; baseline 0.002 -88"><span class='ocrx_word' id='word_1_102' title='bbox 106 1277 135 1310; x_wconf 87' lang='lat'>1</span> <span class='ocrx_word' id='word_1_103' title='bbox 166 1250 401 1338; x_wconf 83' lang='lat' dir='ltr'><strong>legum</strong></span> <span class='ocrx_word' id='word_1_104' title='bbox 442 1248 896 1338; x_wconf 83' lang='lat' dir='ltr'><strong>restinguenda</strong></span> <span class='ocrx_word' id='word_1_105' title='bbox 936 1261 1125 1327; x_wconf 88' lang='lat' dir='ltr'><strong>ratus,</strong></span> <span class='ocrx_word' id='word_1_106' title='bbox 1156 1249 1365 1400; x_wconf 44' lang='lat' dir='ltr'><strong>leffem</strong></span> <span class='ocrx_word' id='word_1_107' title='bbox 1406 1251 1654 1316; x_wconf 87' lang='lat' dir='ltr'><strong>recitari</strong></span> <span class='ocrx_word' id='word_1_108' title='bbox 1697 1251 1896 1326; x_wconf 86' lang='lat' dir='ltr'><strong>iussit,</strong></span> <span class='ocrx_word' id='word_1_109' title='bbox 1935 1271 2064 1337; x_wconf 84' lang='lat' dir='ltr'><strong>qua</strong></span> <span class='ocrx_word' id='word_1_110' title='bbox 2105 1250 2274 1316; x_wconf 89' lang='lat' dir='ltr'><strong>intra</strong></span> 
     </span>
     <span class='ocr_line' id='line_1_13' title="bbox 168 1335 2270 1404; baseline 0 -2"><span class='ocrx_word' id='word_1_111' title='bbox 168 1337 413 1402; x_wconf 87' lang='lat' dir='ltr'><strong>decem</strong></span> <span class='ocrx_word' id='word_1_112' title='bbox 462 1359 661 1400; x_wconf 88' lang='lat' dir='ltr'><strong>annos</strong></span> <span class='ocrx_word' id='word_1_113' title='bbox 707 1338 984 1401; x_wconf 90' lang='lat' dir='ltr'><strong>eundem</strong></span> <span class='ocrx_word' id='word_1_114' title='bbox 1030 1359 1225 1402; x_wconf 84' lang='lat' dir='ltr'><strong>consu</strong></span> <span class='ocrx_word' id='word_1_115' title='bbox 1249 1358 1354 1403; x_wconf 91' lang='lat' dir='ltr'><strong>em</strong></span> <span class='ocrx_word' id='word_1_116' title='bbox 1404 1337 1580 1404; x_wconf 83' lang='lat' dir='ltr'><strong>refici</strong></span> <span class='ocrx_word' id='word_1_117' title='bbox 1630 1360 1762 1402; x_wconf 91' lang='lat' dir='ltr'><strong>non</strong></span> <span class='ocrx_word' id='word_1_118' title='bbox 1811 1337 2046 1402; x_wconf 82' lang='lat' dir='ltr'><strong>liceret.</strong></span> <span class='ocrx_word' id='word_1_119' title='bbox 2139 1335 2270 1402; x_wconf 76' lang='lat' dir='ltr'><strong>Vix</strong></span> 
     </span>
     <span class='ocr_line' id='line_1_14' title="bbox 168 1422 2272 1511; baseline 0 -23"><span class='ocrx_word' id='word_1_120' title='bbox 168 1447 337 1510; x_wconf 84' lang='lat' dir='ltr'><strong>prae</strong></span> <span class='ocrx_word' id='word_1_121' title='bbox 368 1423 635 1511; x_wconf 82' lang='lat' dir='ltr'><strong>strepitu</strong></span> <span class='ocrx_word' id='word_1_122' title='bbox 651 1423 868 1488; x_wconf 87' lang='lat' dir='ltr'><strong>audita</strong></span> <span class='ocrx_word' id='word_1_123' title='bbox 886 1423 993 1488; x_wconf 86' lang='lat' dir='ltr'><strong>lex</strong></span> <span class='ocrx_word' id='word_1_124' title='bbox 1022 1436 1144 1488; x_wconf 84' lang='lat' dir='ltr'><strong>est:</strong></span> <span class='ocrx_word' id='word_1_125' title='bbox 1192 1423 1555 1510; x_wconf 88' lang='lat' dir='ltr'><strong>tribunique</strong></span> <span class='ocrx_word' id='word_1_126' title='bbox 1584 1423 1806 1510; x_wconf 89' lang='lat' dir='ltr'><strong>plebis,</strong></span> <span class='ocrx_word' id='word_1_127' title='bbox 1831 1432 1852 1463; x_wconf 88' lang='lat'>‘</span> <span class='ocrx_word' id='word_1_128' title='bbox 1874 1422 2032 1487; x_wconf 91' lang='lat' dir='ltr'><strong>nihil</strong></span> <span class='ocrx_word' id='word_1_129' title='bbox 2055 1422 2124 1488; x_wconf 90' lang='lat' dir='ltr'><strong>id</strong></span> <span class='ocrx_word' id='word_1_130' title='bbox 2151 1423 2272 1488; x_wconf 91' lang='lat' dir='ltr'><strong>im-</strong></span> 
     </span>
     <span class='ocr_line' id='line_1_15' title="bbox 173 1509 2272 1661; baseline -0 -86"><span class='ocrx_word' id='word_1_131' title='bbox 173 1520 193 1549; x_wconf 90' lang='lat'>‘</span> <span class='ocrx_word' id='word_1_132' title='bbox 222 1509 583 1661; x_wconf 79' lang='lat' dir='ltr'><strong>pedimenti</strong></span> <span class='ocrx_word' id='word_1_133' title='bbox 610 1509 933 1587; x_wconf 84' lang='lat' dir='ltr'><strong>futurum,’</strong></span> <span class='ocrx_word' id='word_1_134' title='bbox 961 1510 1249 1574; x_wconf 84' lang='lat' dir='ltr'><strong>aiebant:</strong></span> <span class='ocrx_word' id='word_1_135' title='bbox 1300 1519 1321 1548; x_wconf 88' lang='lat'>‘</span> <span class='ocrx_word' id='word_1_136' title='bbox 1340 1533 1407 1574; x_wconf 90' lang='lat' dir='ltr'><strong>se</strong></span> <span class='ocrx_word' id='word_1_137' title='bbox 1436 1509 1521 1574; x_wconf 83' lang='lat' dir='ltr'><strong>ad</strong></span> <span class='ocrx_word' id='word_1_138' title='bbox 1555 1509 1862 1598; x_wconf 84' lang='lat' dir='ltr'><strong>populum</strong></span> <span class='ocrx_word' id='word_1_139' title='bbox 1892 1509 2146 1588; x_wconf 89' lang='lat' dir='ltr'><strong>laturos,</strong></span> <span class='ocrx_word' id='word_1_140' title='bbox 2177 1512 2272 1576; x_wconf 87' lang='lat' dir='ltr'><strong>uti</strong></span> 
     </span>
     <span class='ocr_line' id='line_1_16' title="bbox 173 1595 2272 1684; baseline 0 -24"><span class='ocrx_word' id='word_1_141' title='bbox 173 1606 196 1634; x_wconf 89' lang='lat'>‘</span> <span class='ocrx_word' id='word_1_142' title='bbox 250 1597 478 1684; x_wconf 84' lang='lat' dir='ltr'><strong>egibus</strong></span> <span class='ocrx_word' id='word_1_143' title='bbox 499 1597 879 1662; x_wconf 88' lang='lat' dir='ltr'><strong>solveretur.’</strong></span> <span class='ocrx_word' id='word_1_144' title='bbox 966 1595 1054 1661; x_wconf 89' lang='lat' dir='ltr'><strong>Et</strong></span> <span class='ocrx_word' id='word_1_145' title='bbox 1069 1595 1175 1662; x_wconf 81' lang='lat' dir='ltr'><strong>ille</strong></span> <span class='ocrx_word' id='word_1_146' title='bbox 1198 1596 1456 1683; x_wconf 87' lang='lat' dir='ltr'><strong>quidem</strong></span> <span class='ocrx_word' id='word_1_147' title='bbox 1476 1597 1548 1662; x_wconf 89' lang='lat' dir='ltr'><strong>in</strong></span> <span class='ocrx_word' id='word_1_148' title='bbox 1568 1597 1914 1662; x_wconf 85' lang='lat' dir='ltr'><strong>recusando</strong></span> <span class='ocrx_word' id='word_1_149' title='bbox 1934 1598 2272 1683; x_wconf 79' lang='lat' dir='ltr'><strong>perstabat,</strong></span> 
     </span>
     <span class='ocr_line' id='line_1_17' title="bbox 114 1682 2274 1835; baseline 0.006 -97"><span class='ocrx_word' id='word_1_150' title='bbox 114 1706 153 1738; x_wconf 68' lang='grc' dir='ltr'>α</span> <span class='ocrx_word' id='word_1_151' title='bbox 176 1693 197 1723; x_wconf 75' lang='lat'><em>⁶</em></span> <span class='ocrx_word' id='word_1_152' title='bbox 221 1683 390 1835; x_wconf 57' lang='lat' dir='ltr'><strong>guid</strong></span> <span class='ocrx_word' id='word_1_153' title='bbox 420 1707 571 1770; x_wconf 85' lang='lat' dir='ltr'><strong>ergo</strong></span> <span class='ocrx_word' id='word_1_154' title='bbox 606 1684 903 1748; x_wconf 84' lang='lat' dir='ltr'><strong>attineret</strong></span> <span class='ocrx_word' id='word_1_155' title='bbox 930 1682 1103 1771; x_wconf 79' lang='lat' dir='ltr'><strong>leges</strong></span> <span class='ocrx_word' id='word_1_156' title='bbox 1135 1684 1324 1762; x_wconf 83' lang='lat' dir='ltr'><strong>ferri,’</strong></span> <span class='ocrx_word' id='word_1_157' title='bbox 1467 1684 1648 1763; x_wconf 78' lang='lat' dir='ltr'><strong>‘tanS,</strong></span> <span class='ocrx_word' id='word_1_158' title='bbox 1681 1693 1700 1722; x_wconf 90' lang='lat'>‘</span> <span class='ocrx_word' id='word_1_159' title='bbox 1719 1684 1950 1772; x_wconf 90' lang='lat' dir='ltr'><strong>quibus</strong></span> <span class='ocrx_word' id='word_1_160' title='bbox 1975 1706 2092 1771; x_wconf 89' lang='lat' dir='ltr'><strong>per</strong></span> <span class='ocrx_word' id='word_1_161' title='bbox 2135 1707 2274 1750; x_wconf 88' lang='lat' dir='ltr'><strong>eos-</strong></span> 
     </span>
    </p>
   </div>
   <div class='ocr_carea' id='block_1_5' title="bbox 178 1769 2276 1859">
    <p class='ocr_par' dir='ltr' id='par_1_5' title="bbox 178 1769 2276 1859">
     <span class='ocr_line' id='line_1_18' title="bbox 178 1769 2276 1859; baseline 0 -25"><span class='ocrx_word' id='word_1_162' title='bbox 178 1780 200 1809; x_wconf 90' lang='lat'>‘</span> <span class='ocrx_word' id='word_1_163' title='bbox 274 1793 401 1847; x_wconf 89' lang='lat' dir='ltr'><strong>em,</strong></span> <span class='ocrx_word' id='word_1_164' title='bbox 441 1771 553 1857; x_wconf 91' lang='lat' dir='ltr'><strong>qui</strong></span> <span class='ocrx_word' id='word_1_165' title='bbox 598 1769 902 1848; x_wconf 84' lang='lat' dir='ltr'><strong>tulissent,</strong></span> <span class='ocrx_word' id='word_1_166' title='bbox 932 1770 1100 1834; x_wconf 85' lang='lat' dir='ltr'><strong>fraus</strong></span> <span class='ocrx_word' id='word_1_167' title='bbox 1142 1771 1367 1836; x_wconf 81' lang='lat' dir='ltr'><strong>fieret?</strong></span> <span class='ocrx_word' id='word_1_168' title='bbox 1483 1793 1549 1836; x_wconf 90' lang='lat' dir='ltr'><strong>m</strong></span> <span class='ocrx_word' id='word_1_169' title='bbox 1591 1793 1660 1836; x_wconf 88' lang='lat' dir='ltr'><strong>re</strong></span> <span class='ocrx_word' id='word_1_170' title='bbox 1707 1771 1720 1785; x_wconf 79' lang='lat'>⁸</span> <span class='ocrx_word' id='word_1_171' title='bbox 1769 1770 1960 1859; x_wconf 72' lang='lat' dir='ltr'><strong>legeS,</strong></span> <span class='ocrx_word' id='word_1_172' title='bbox 2000 1793 2132 1835; x_wconf 91' lang='lat' dir='ltr'><strong>non</strong></span> <span class='ocrx_word' id='word_1_173' title='bbox 2175 1793 2276 1835; x_wconf 89' lang='lat' dir='ltr'><strong>re-</strong></span> 
     </span>
    </p>
   </div>
   <div class='ocr_carea' id='block_1_6' title="bbox 125 1855 2278 2466">
    <p class='ocr_par' dir='ltr' id='par_1_6' title="bbox 125 1855 2276 2120">
     <span class='ocr_line' id='line_1_19' title="bbox 180 1855 2275 1946; baseline 0.001 -24"><span class='ocrx_word' id='word_1_174' title='bbox 180 1867 203 1896; x_wconf 88' lang='lat'>‘</span> <span class='ocrx_word' id='word_1_175' title='bbox 225 1857 425 1944; x_wconf 85' lang='lat' dir='ltr'><strong>gere.’</strong></span> <span class='ocrx_word' id='word_1_176' title='bbox 510 1855 792 1944; x_wconf 86' lang='lat' dir='ltr'><strong>Populus</strong></span> <span class='ocrx_word' id='word_1_177' title='bbox 814 1855 1014 1921; x_wconf 85' lang='lat' dir='ltr'><strong>nihilo</strong></span> <span class='ocrx_word' id='word_1_178' title='bbox 1043 1857 1251 1922; x_wconf 91' lang='lat' dir='ltr'><strong>minus</strong></span> <span class='ocrx_word' id='word_1_179' title='bbox 1272 1858 1568 1946; x_wconf 80' lang='lat' dir='ltr'><strong>suffragia</strong></span> <span class='ocrx_word' id='word_1_180' title='bbox 1589 1859 1680 1922; x_wconf 89' lang='lat' dir='ltr'><strong>im</strong></span> <span class='ocrx_word' id='word_1_181' title='bbox 1723 1871 1820 1922; x_wconf 89' lang='lat' dir='ltr'><strong>at:</strong></span> <span class='ocrx_word' id='word_1_182' title='bbox 1869 1871 1955 1935; x_wconf 90' lang='lat' dir='ltr'><strong>et,</strong></span> <span class='ocrx_word' id='word_1_183' title='bbox 1980 1869 2052 1922; x_wconf 89' lang='lat' dir='ltr'><strong>ut</strong></span> <span class='ocrx_word' id='word_1_184' title='bbox 2079 1881 2275 1946; x_wconf 89' lang='lat' dir='ltr'><strong>quae-</strong></span> 
     </span>
     <span class='ocr_line' id='line_1_20' title="bbox 125 1943 2274 2022; baseline 0.001 -14"><span class='ocrx_word' id='word_1_185' title='bbox 125 1967 157 2015; x_wconf 81' lang='lat'>5</span> <span class='ocrx_word' id='word_1_186' title='bbox 232 1967 319 2008; x_wconf 89' lang='lat' dir='ltr'><strong>ue</strong></span> <span class='ocrx_word' id='word_1_187' title='bbox 352 1943 519 2008; x_wconf 88' lang='lat' dir='ltr'><strong>intro</strong></span> <span class='ocrx_word' id='word_1_188' title='bbox 536 1956 756 2007; x_wconf 85' lang='lat' dir='ltr'><strong>vocata</strong></span> <span class='ocrx_word' id='word_1_189' title='bbox 782 1957 918 2008; x_wconf 86' lang='lat' dir='ltr'><strong>erat</strong></span> <span class='ocrx_word' id='word_1_190' title='bbox 934 1944 1239 2022; x_wconf 80' lang='lat' dir='ltr'><strong>centuria,</strong></span> <span class='ocrx_word' id='word_1_191' title='bbox 1257 1945 1580 2010; x_wconf 88' lang='lat' dir='ltr'><strong>consulem</strong></span> <span class='ocrx_word' id='word_1_192' title='bbox 1603 1945 1776 2011; x_wconf 89' lang='lat' dir='ltr'><strong>haud</strong></span> <span class='ocrx_word' id='word_1_193' title='bbox 1793 1943 1985 2010; x_wconf 91' lang='lat' dir='ltr'><strong>dubie</strong></span> <span class='ocrx_word' id='word_1_194' title='bbox 2009 1944 2274 2011; x_wconf 85' lang='lat' dir='ltr'><strong>Fabium</strong></span> 
     </span>
     <span class='ocr_line' id='line_1_21' title="bbox 236 2029 2276 2120; baseline 0 -25"><span class='ocrx_word' id='word_1_195' title='bbox 236 2031 463 2096; x_wconf 69' lang='lat' dir='ltr'><strong>&#39;ecbat-</strong></span> <span class='ocrx_word' id='word_1_196' title='bbox 552 2030 725 2095; x_wconf 88' lang='lat' dir='ltr'><strong>Tum</strong></span> <span class='ocrx_word' id='word_1_197' title='bbox 758 2029 1015 2094; x_wconf 89' lang='lat' dir='ltr'><strong>demum</strong></span> <span class='ocrx_word' id='word_1_198' title='bbox 1051 2053 1361 2096; x_wconf 87' lang='lat' dir='ltr'><strong>consensu</strong></span> <span class='ocrx_word' id='word_1_199' title='bbox 1402 2032 1670 2096; x_wconf 86' lang='lat' dir='ltr'><strong>civitatis</strong></span> <span class='ocrx_word' id='word_1_200' title='bbox 1704 2031 1924 2108; x_wconf 86' lang='lat' dir='ltr'><strong>victus,</strong></span> <span class='ocrx_word' id='word_1_201' title='bbox 1964 2041 1984 2070; x_wconf 98' lang='grc'><strong><em>6</em></strong></span> <span class='ocrx_word' id='word_1_202' title='bbox 2006 2031 2122 2096; x_wconf 87' lang='lat' dir='ltr'><strong>Dii</strong></span> <span class='ocrx_word' id='word_1_203' title='bbox 2165 2055 2276 2120; x_wconf 90' lang='lat' dir='ltr'><strong>ap—</strong></span> 
     </span>
    </p>

    <p class='ocr_par' dir='ltr' id='par_1_7' title="bbox 184 2116 2274 2216">
     <span class='ocr_line' id='line_1_22' title="bbox 184 2116 2274 2216; baseline 0 -34"><span class='ocrx_word' id='word_1_204' title='bbox 184 2129 205 2158; x_wconf 89' lang='lat'>‘</span> <span class='ocrx_word' id='word_1_205' title='bbox 230 2117 549 2206; x_wconf 86' lang='lat' dir='ltr'><strong>probent‚’</strong></span> <span class='ocrx_word' id='word_1_206' title='bbox 590 2116 816 2203; x_wconf 89' lang='lat' dir='ltr'><strong>inquit,</strong></span> <span class='ocrx_word' id='word_1_207' title='bbox 865 2125 885 2154; x_wconf 87' lang='lat'>‘</span> <span class='ocrx_word' id='word_1_208' title='bbox 906 2116 1081 2216; x_wconf 81' lang='lat' dir='ltr'><strong>quod</strong></span> <span class='ocrx_word' id='word_1_209' title='bbox 1132 2117 1335 2204; x_wconf 83' lang='lat' dir='ltr'><strong>agitis,</strong></span> <span class='ocrx_word' id='word_1_210' title='bbox 1381 2118 1580 2181; x_wconf 88' lang='lat' dir='ltr'><strong>acturi</strong></span> <span class='ocrx_word' id='word_1_211' title='bbox 1628 2140 1709 2204; x_wconf 82' lang='lat' dir='ltr'><strong>ue</strong></span> <span class='ocrx_word' id='word_1_212' title='bbox 1754 2117 1920 2194; x_wconf 87' lang='lat' dir='ltr'><strong>estis,</strong></span> <span class='ocrx_word' id='word_1_213' title='bbox 1971 2116 2274 2193; x_wconf 83' lang='lat' dir='ltr'><strong>Quirites.</strong></span> 
     </span>
    </p>

    <p class='ocr_par' dir='ltr' id='par_1_8' title="bbox 186 2201 2276 2292">
     <span class='ocr_line' id='line_1_23' title="bbox 186 2201 2276 2292; baseline -0 -23"><span class='ocrx_word' id='word_1_214' title='bbox 186 2215 207 2244; x_wconf 90' lang='grc'><strong><em>6</em></strong></span> <span class='ocrx_word' id='word_1_215' title='bbox 240 2203 573 2282; x_wconf 88' lang='lat' dir='ltr'><strong>Ceterum,</strong></span> <span class='ocrx_word' id='word_1_216' title='bbox 604 2204 905 2292; x_wconf 86' lang='lat' dir='ltr'><strong>quoniam</strong></span> <span class='ocrx_word' id='word_1_217' title='bbox 936 2225 1003 2266; x_wconf 85' lang='lat' dir='ltr'><strong>m</strong></span> <span class='ocrx_word' id='word_1_218' title='bbox 1034 2225 1155 2280; x_wconf 90' lang='lat' dir='ltr'><strong>me,</strong></span> <span class='ocrx_word' id='word_1_219' title='bbox 1180 2201 1355 2289; x_wconf 90' lang='lat' dir='ltr'><strong>quod</strong></span> <span class='ocrx_word' id='word_1_220' title='bbox 1380 2225 1495 2268; x_wconf 81' lang='lat' dir='ltr'><strong>vos</strong></span> <span class='ocrx_word' id='word_1_221' title='bbox 1523 2227 1608 2267; x_wconf 84' lang='lat' dir='ltr'><strong>vu</strong></span> <span class='ocrx_word' id='word_1_222' title='bbox 1632 2204 1728 2281; x_wconf 81' lang='lat' dir='ltr'><strong>tis,</strong></span> <span class='ocrx_word' id='word_1_223' title='bbox 1757 2203 1982 2267; x_wconf 87' lang='lat' dir='ltr'><strong>facturi</strong></span> <span class='ocrx_word' id='word_1_224' title='bbox 2011 2204 2177 2281; x_wconf 72' lang='lat' dir='ltr'><strong>estiS,</strong></span> <span class='ocrx_word' id='word_1_225' title='bbox 2207 2205 2276 2268; x_wconf 91' lang='lat' dir='ltr'><strong>in</strong></span> 
     </span>
    </p>

    <p class='ocr_par' dir='ltr' id='par_1_9' title="bbox 187 2287 2278 2390">
     <span class='ocr_line' id='line_1_24' title="bbox 187 2287 2278 2390; baseline -0.001 -34"><span class='ocrx_word' id='word_1_226' title='bbox 187 2303 208 2332; x_wconf 88' lang='grc'><strong><em>6</em></strong></span> <span class='ocrx_word' id='word_1_227' title='bbox 230 2290 481 2376; x_wconf 81' lang='lat' dir='ltr'><strong>collega</strong></span> <span class='ocrx_word' id='word_1_228' title='bbox 512 2289 593 2354; x_wconf 86' lang='lat' dir='ltr'><strong>sit</strong></span> <span class='ocrx_word' id='word_1_229' title='bbox 622 2311 799 2354; x_wconf 88' lang='lat' dir='ltr'><strong>meae</strong></span> <span class='ocrx_word' id='word_1_230' title='bbox 840 2287 1011 2377; x_wconf 87' lang='lat' dir='ltr'><strong>apud</strong></span> <span class='ocrx_word' id='word_1_231' title='bbox 1040 2311 1149 2354; x_wconf 89' lang='lat' dir='ltr'><strong>vos</strong></span> <span class='ocrx_word' id='word_1_232' title='bbox 1176 2290 1411 2390; x_wconf 69' lang='lat' dir='ltr'><strong>gratiae</strong></span> <span class='ocrx_word' id='word_1_233' title='bbox 1454 2289 1648 2354; x_wconf 88' lang='lat' dir='ltr'><strong>locus.</strong></span> <span class='ocrx_word' id='word_1_234' title='bbox 1740 2289 1811 2354; x_wconf 92' lang='lat' dir='ltr'><strong>P.</strong></span> <span class='ocrx_word' id='word_1_235' title='bbox 1837 2288 2133 2367; x_wconf 88' lang='lat' dir='ltr'><strong>Decium,</strong></span> <span class='ocrx_word' id='word_1_236' title='bbox 2165 2313 2278 2354; x_wconf 85' lang='lat' dir='ltr'><strong>ex-</strong></span> 
     </span>
    </p>

    <p class='ocr_par' dir='ltr' id='par_1_10' title="bbox 187 2375 2278 2466">
     <span class='ocr_line' id='line_1_25' title="bbox 187 2375 2278 2466; baseline 0 -25"><span class='ocrx_word' id='word_1_237' title='bbox 187 2389 209 2418; x_wconf 84' lang='lat'>‘</span> <span class='ocrx_word' id='word_1_238' title='bbox 230 2389 489 2466; x_wconf 86' lang='lat' dir='ltr'><strong>pertum</strong></span> <span class='ocrx_word' id='word_1_239' title='bbox 507 2375 663 2440; x_wconf 89' lang='lat' dir='ltr'><strong>mihi</strong></span> <span class='ocrx_word' id='word_1_240' title='bbox 680 2375 979 2441; x_wconf 86' lang='lat' dir='ltr'><strong>concordi</strong></span> <span class='ocrx_word' id='word_1_241' title='bbox 994 2375 1261 2463; x_wconf 76' lang='lat' dir='ltr'><strong>collegio</strong></span> <span class='ocrx_word' id='word_1_242' title='bbox 1280 2377 1502 2454; x_wconf 88' lang='lat' dir='ltr'><strong>virum,</strong></span> <span class='ocrx_word' id='word_1_243' title='bbox 1514 2377 1779 2464; x_wconf 82' lang='lat' dir='ltr'><strong>dignum</strong></span> <span class='ocrx_word' id='word_1_244' title='bbox 1795 2376 1990 2454; x_wconf 87' lang='lat' dir='ltr'><strong>vobis,</strong></span> <span class='ocrx_word' id='word_1_245' title='bbox 2058 2377 2072 2392; x_wconf 83' lang='lat'><strong>‘</strong></span> <span class='ocrx_word' id='word_1_246' title='bbox 2167 2399 2278 2442; x_wconf 86' lang='lat' dir='ltr'><strong>um</strong></span> 
     </span>
    </p>
   </div>
   <div class='ocr_carea' id='block_1_7' title="bbox 190 2461 2283 2552">
    <p class='ocr_par' dir='ltr' id='par_1_11' title="bbox 190 2461 2283 2552">
     <span class='ocr_line' id='line_1_26' title="bbox 190 2461 2283 2552; baseline 0 -24"><span class='ocrx_word' id='word_1_247' title='bbox 190 2476 211 2504; x_wconf 87' lang='lat'><em>‘</em></span> <span class='ocrx_word' id='word_1_248' title='bbox 238 2475 505 2552; x_wconf 85' lang='lat' dir='ltr'><strong>parente</strong></span> <span class='ocrx_word' id='word_1_249' title='bbox 562 2485 696 2539; x_wconf 87' lang='lat' dir='ltr'><strong>suo,</strong></span> <span class='ocrx_word' id='word_1_250' title='bbox 750 2485 1001 2550; x_wconf 82' lang='lat' dir='ltr'><strong>quaese,</strong></span> <span class='ocrx_word' id='word_1_251' title='bbox 1060 2485 1310 2527; x_wconf 89' lang='lat' dir='ltr'><strong>mecum</strong></span> <span class='ocrx_word' id='word_1_252' title='bbox 1368 2463 1692 2528; x_wconf 89' lang='lat' dir='ltr'><strong>consulem</strong></span> <span class='ocrx_word' id='word_1_253' title='bbox 1741 2461 2019 2528; x_wconf 56' lang='lat' dir='ltr'><strong>faciatis!</strong></span> <span class='ocrx_word' id='word_1_254' title='bbox 2141 2477 2283 2530; x_wconf 87' lang='lat' dir='ltr'><strong>usta</strong></span> 
     </span>
    </p>
   </div>
   <div class='ocr_carea' id='block_1_8' title="bbox 188 2549 2284 2714">
    <p class='ocr_par' dir='ltr' id='par_1_12' title="bbox 188 2549 2284 2714">
     <span class='ocr_line' id='line_1_27' title="bbox 188 2549 2284 2637; baseline -0.002 -19"><span class='ocrx_word' id='word_1_255' title='bbox 188 2550 559 2637; x_wconf 77' lang='lat' dir='ltr'><strong>suffragatio</strong></span> <span class='ocrx_word' id='word_1_256' title='bbox 589 2549 751 2614; x_wconf 85' lang='lat' dir='ltr'><strong>visa:</strong></span> <span class='ocrx_word' id='word_1_257' title='bbox 800 2571 1037 2625; x_wconf 74' lang='lat' dir='ltr'><strong>omneS,</strong></span> <span class='ocrx_word' id='word_1_258' title='bbox 1070 2571 1233 2634; x_wconf 89' lang='lat' dir='ltr'><strong>quae</strong></span> <span class='ocrx_word' id='word_1_259' title='bbox 1272 2562 1658 2637; x_wconf 86' lang='lat' dir='ltr'><strong>supererant,</strong></span> <span class='ocrx_word' id='word_1_260' title='bbox 1690 2551 2010 2615; x_wconf 80' lang='lat' dir='ltr'><strong>centuriae</strong></span> <span class='ocrx_word' id='word_1_261' title='bbox 2055 2549 2138 2626; x_wconf 83' lang='lat' dir='ltr'><strong>Q.</strong></span> <span class='ocrx_word' id='word_1_262' title='bbox 2163 2549 2284 2614; x_wconf 91' lang='lat' dir='ltr'><strong>Fa-</strong></span> 
     </span>
     <span class='ocr_line' id='line_1_28' title="bbox 190 2634 1390 2714; baseline -0.002 -11"><span class='ocrx_word' id='word_1_263' title='bbox 190 2639 399 2714; x_wconf 87' lang='lat' dir='ltr'><strong>bium,</strong></span> <span class='ocrx_word' id='word_1_264' title='bbox 430 2637 505 2701; x_wconf 96' lang='lat' dir='ltr'><strong>P.</strong></span> <span class='ocrx_word' id='word_1_265' title='bbox 532 2635 808 2700; x_wconf 88' lang='lat' dir='ltr'><strong>Decium</strong></span> <span class='ocrx_word' id='word_1_266' title='bbox 839 2634 1125 2700; x_wconf 88' lang='lat' dir='ltr'><strong>consules</strong></span> <span class='ocrx_word' id='word_1_267' title='bbox 1154 2635 1390 2701; x_wconf 86' lang='lat' dir='ltr'><strong>dixere.</strong></span> 
     </span>
    </p>
   </div>
   <div class='ocr_carea' id='block_1_9' title="bbox 144 2721 2285 2900">
    <p class='ocr_par' dir='ltr' id='par_1_13' title="bbox 144 2721 2285 2900">
     <span class='ocr_line' id='line_1_29' title="bbox 144 2721 2282 2810; baseline 0 -22"><span class='ocrx_word' id='word_1_268' title='bbox 144 2761 179 2802; x_wconf 83' lang='lat'>4</span> <span class='ocrx_word' id='word_1_269' title='bbox 290 2722 390 2788; x_wconf 92' lang='lat' dir='ltr'><strong>Eo</strong></span> <span class='ocrx_word' id='word_1_270' title='bbox 440 2745 609 2788; x_wconf 89' lang='lat' dir='ltr'><strong>anno</strong></span> <span class='ocrx_word' id='word_1_271' title='bbox 654 2722 970 2810; x_wconf 90' lang='lat' dir='ltr'><strong>plerisque</strong></span> <span class='ocrx_word' id='word_1_272' title='bbox 1022 2721 1157 2787; x_wconf 89' lang='lat' dir='ltr'><strong>dies</strong></span> <span class='ocrx_word' id='word_1_273' title='bbox 1206 2721 1377 2786; x_wconf 89' lang='lat' dir='ltr'><strong>dicta</strong></span> <span class='ocrx_word' id='word_1_274' title='bbox 1420 2724 1499 2788; x_wconf 89' lang='lat' dir='ltr'><strong>ab</strong></span> <span class='ocrx_word' id='word_1_275' title='bbox 1550 2721 1875 2803; x_wconf 87' lang='lat' dir='ltr'><strong>aedilibus,</strong></span> <span class='ocrx_word' id='word_1_276' title='bbox 1975 2724 2080 2788; x_wconf 89' lang='lat' dir='ltr'><strong>uia</strong></span> <span class='ocrx_word' id='word_1_277' title='bbox 2119 2723 2282 2810; x_wconf 88' lang='lat' dir='ltr'><strong>plus,</strong></span> 
     </span>
     <span class='ocr_line' id='line_1_30' title="bbox 196 2808 2285 2900; baseline -0.001 -25"><span class='ocrx_word' id='word_1_278' title='bbox 196 2833 396 2900; x_wconf 88' lang='lat' dir='ltr'><strong>quam</strong></span> <span class='ocrx_word' id='word_1_279' title='bbox 472 2810 599 2875; x_wconf 92' lang='lat' dir='ltr'><strong>uod</strong></span> <span class='ocrx_word' id='word_1_280' title='bbox 636 2808 775 2897; x_wconf 83' lang='lat' dir='ltr'><strong>lege</strong></span> <span class='ocrx_word' id='word_1_281' title='bbox 804 2809 1056 2873; x_wconf 90' lang='lat' dir='ltr'><strong>finitum</strong></span> <span class='ocrx_word' id='word_1_282' title='bbox 1089 2821 1241 2885; x_wconf 86' lang='lat' dir='ltr'><strong>erat,</strong></span> <span class='ocrx_word' id='word_1_283' title='bbox 1273 2809 1405 2896; x_wconf 87' lang='lat' dir='ltr'><strong>agri</strong></span> <span class='ocrx_word' id='word_1_284' title='bbox 1438 2809 1848 2896; x_wconf 79' lang='lat' dir='ltr'><strong>possiderent.</strong></span> <span class='ocrx_word' id='word_1_285' title='bbox 2011 2833 2084 2875; x_wconf 89' lang='lat' dir='ltr'><strong>ec</strong></span> <span class='ocrx_word' id='word_1_286' title='bbox 2157 2811 2285 2874; x_wconf 89' lang='lat' dir='ltr'><strong>uis-</strong></span> 
     </span>
    </p>
   </div>
   <div class='ocr_carea' id='block_1_10' title="bbox 198 2896 2283 3073">
    <p class='ocr_par' dir='ltr' id='par_1_14' title="bbox 198 2896 2283 3073">
     <span class='ocr_line' id='line_1_31' title="bbox 198 2896 2283 2986; baseline 0 -24"><span class='ocrx_word' id='word_1_287' title='bbox 198 2920 397 2986; x_wconf 87' lang='lat' dir='ltr'><strong>quam</strong></span> <span class='ocrx_word' id='word_1_288' title='bbox 450 2919 621 2961; x_wconf 82' lang='lat' dir='ltr'><strong>erme</strong></span> <span class='ocrx_word' id='word_1_289' title='bbox 658 2910 754 2960; x_wconf 89' lang='lat' dir='ltr'><strong>est</strong></span> <span class='ocrx_word' id='word_1_290' title='bbox 782 2907 1117 2983; x_wconf 83' lang='lat' dir='ltr'><strong>purgatus:</strong></span> <span class='ocrx_word' id='word_1_291' title='bbox 1164 2896 1616 2984; x_wconf 84' lang='lat' dir='ltr'><strong>vinculumque</strong></span> <span class='ocrx_word' id='word_1_292' title='bbox 1657 2896 1881 2982; x_wconf 83' lang='lat' dir='ltr'><strong>ingens</strong></span> <span class='ocrx_word' id='word_1_293' title='bbox 1908 2897 2061 2962; x_wconf 88' lang='lat' dir='ltr'><strong>imm</strong></span> <span class='ocrx_word' id='word_1_294' title='bbox 2151 2899 2283 2963; x_wconf 86' lang='lat' dir='ltr'><strong>icae</strong></span> 
     </span>
     <span class='ocr_line' id='line_1_32' title="bbox 198 2983 1045 3073; baseline -0.005 -23"><span class='ocrx_word' id='word_1_295' title='bbox 198 2984 569 3073; x_wconf 82' lang='lat' dir='ltr'><strong>cupiditatis</strong></span> <span class='ocrx_word' id='word_1_296' title='bbox 597 2983 903 3048; x_wconf 90' lang='lat' dir='ltr'><strong>iniectum</strong></span> <span class='ocrx_word' id='word_1_297' title='bbox 934 2997 1045 3047; x_wconf 86' lang='lat' dir='ltr'><strong>est.</strong></span> 
     </span>
    </p>
   </div>
   <div class='ocr_carea' id='block_1_11' title="bbox 202 3163 2302 4441">
    <p class='ocr_par' dir='ltr' id='par_1_15' title="bbox 202 3163 2297 3931">
     <span class='ocr_line' id='line_1_33' title="bbox 274 3163 2288 3227; baseline -0.001 -15"><span class='ocrx_word' id='word_1_298' title='bbox 274 3180 295 3212; x_wconf 92' lang='lat'>1</span> <span class='ocrx_word' id='word_1_299' title='bbox 333 3165 506 3226; x_wconf 59' lang='lat' dir='ltr'><strong>Legem</strong></span> <span class='ocrx_word' id='word_1_300' title='bbox 530 3200 541 3213; x_wconf 89' lang='lat'><strong>.</strong></span> <span class='ocrx_word' id='word_1_301' title='bbox 567 3200 578 3211; x_wconf 94' lang='lat'><strong>.</strong></span> <span class='ocrx_word' id='word_1_302' title='bbox 603 3199 617 3212; x_wconf 96' lang='lat'><strong>.</strong></span> <span class='ocrx_word' id='word_1_303' title='bbox 642 3179 741 3227; x_wconf 79' lang='lat' dir='ltr'><strong>qua</strong></span> <span class='ocrx_word' id='word_1_304' title='bbox 772 3165 909 3211; x_wconf 75' lang='lat' dir='ltr'><strong>incra</strong></span> <span class='ocrx_word' id='word_1_305' title='bbox 940 3164 1096 3212; x_wconf 75' lang='lat' dir='ltr'><strong>decem</strong></span> <span class='ocrx_word' id='word_1_306' title='bbox 1128 3179 1214 3210; x_wconf 57' lang='lat' dir='ltr'><strong>ann</strong></span> <span class='ocrx_word' id='word_1_307' title='bbox 1280 3163 1377 3211; x_wconf 82' lang='lat' dir='ltr'><strong>iam</strong></span> <span class='ocrx_word' id='word_1_308' title='bbox 1416 3163 1572 3226; x_wconf 84' lang='lat' dir='ltr'><strong>elapsi</strong></span> <span class='ocrx_word' id='word_1_309' title='bbox 1608 3163 1718 3212; x_wconf 80' lang='lat' dir='ltr'><strong>sint.</strong></span> <span class='ocrx_word' id='word_1_310' title='bbox 1787 3165 1914 3212; x_wconf 86' lang='lat' dir='ltr'><strong>Inde</strong></span> <span class='ocrx_word' id='word_1_311' title='bbox 1945 3163 2128 3211; x_wconf 79' lang='lat' dir='ltr'><strong>iudicat</strong></span> <span class='ocrx_word' id='word_1_312' title='bbox 2157 3163 2288 3212; x_wconf 87' lang='lat' dir='ltr'><strong>idem</strong></span> 
     </span>
     <span class='ocr_line' id='line_1_34' title="bbox 202 3225 2290 3290; baseline -0.002 -10"><span class='ocrx_word' id='word_1_313' title='bbox 202 3231 319 3288; x_wconf 70' lang='lat' dir='ltr'><strong>nos]</strong></span> <span class='ocrx_word' id='word_1_314' title='bbox 364 3227 511 3276; x_wconf 85' lang='lat' dir='ltr'><strong>Hanc</strong></span> <span class='ocrx_word' id='word_1_315' title='bbox 546 3228 700 3290; x_wconf 83' lang='lat' dir='ltr'><strong>legem</strong></span> <span class='ocrx_word' id='word_1_316' title='bbox 734 3226 942 3290; x_wconf 83' lang='lat' dir='ltr'><strong>reperies</strong></span> <span class='ocrx_word' id='word_1_317' title='bbox 972 3241 1101 3289; x_wconf 86' lang='lat' dir='ltr'><strong>supr.</strong></span> <span class='ocrx_word' id='word_1_318' title='bbox 1136 3225 1216 3275; x_wconf 75' lang='lat' dir='ltr'><strong>vii.</strong></span> <span class='ocrx_word' id='word_1_319' title='bbox 1283 3227 1585 3286; x_wconf 74' lang='lat' dir='ltr'><strong>Dodwellus,</strong></span> <span class='ocrx_word' id='word_1_320' title='bbox 1616 3227 1744 3275; x_wconf 83' lang='lat' dir='ltr'><strong>Diss.</strong></span> <span class='ocrx_word' id='word_1_321' title='bbox 1779 3229 1840 3275; x_wconf 90' lang='lat' dir='ltr'><strong>de</strong></span> <span class='ocrx_word' id='word_1_322' title='bbox 1862 3227 2032 3289; x_wconf 77' lang='lat' dir='ltr'><strong>cyclis</strong></span> <span class='ocrx_word' id='word_1_323' title='bbox 2065 3228 2210 3276; x_wconf 83' lang='lat' dir='ltr'><strong>Rom.</strong></span> <span class='ocrx_word' id='word_1_324' title='bbox 2241 3242 2290 3275; x_wconf 85' lang='lat' dir='ltr'><strong>x.</strong></span> 
     </span>
     <span class='ocr_line' id='line_1_35' title="bbox 208 3287 2290 3354; baseline -0.002 -12"><span class='ocrx_word' id='word_1_325' title='bbox 208 3309 286 3353; x_wconf 79' lang='lat'><strong>42.</strong></span> <span class='ocrx_word' id='word_1_326' title='bbox 355 3292 479 3340; x_wconf 73' lang='lat' dir='ltr'><strong>Eius</strong></span> <span class='ocrx_word' id='word_1_327' title='bbox 516 3291 639 3340; x_wconf 78' lang='lat' dir='ltr'><strong>haec</strong></span> <span class='ocrx_word' id='word_1_328' title='bbox 680 3291 751 3340; x_wconf 76' lang='lat' dir='ltr'><strong>vis</strong></span> <span class='ocrx_word' id='word_1_329' title='bbox 791 3307 894 3340; x_wconf 82' lang='lat' dir='ltr'><strong>esse</strong></span> <span class='ocrx_word' id='word_1_330' title='bbox 935 3290 1121 3348; x_wconf 79' lang='lat' dir='ltr'><strong>debuit,</strong></span> <span class='ocrx_word' id='word_1_331' title='bbox 1165 3294 1219 3338; x_wconf 82' lang='lat' dir='ltr'><strong>ut</strong></span> <span class='ocrx_word' id='word_1_332' title='bbox 1283 3291 1311 3348; x_wconf 68' lang='grc' dir='ltr'><strong>ἕ</strong></span> <span class='ocrx_word' id='word_1_333' title='bbox 1341 3287 1419 3340; x_wconf 89' lang='grc'><strong>68.</strong></span> <span class='ocrx_word' id='word_1_334' title='bbox 1453 3305 1580 3352; x_wconf 87' lang='lat' dir='ltr'><strong>quae</strong></span> <span class='ocrx_word' id='word_1_335' title='bbox 1612 3291 1674 3338; x_wconf 87' lang='lat' dir='ltr'><strong>de</strong></span> <span class='ocrx_word' id='word_1_336' title='bbox 1712 3289 1966 3339; x_wconf 85' lang='lat' dir='ltr'><strong>decennali</strong></span> <span class='ocrx_word' id='word_1_337' title='bbox 2003 3290 2108 3354; x_wconf 79' lang='lat' dir='ltr'><strong>lege</strong></span> <span class='ocrx_word' id='word_1_338' title='bbox 2146 3289 2290 3338; x_wconf 82' lang='lat' dir='ltr'><strong>disse-</strong></span> 
     </span>
     <span class='ocr_line' id='line_1_36' title="bbox 206 3353 2290 3428; baseline -0.001 -23"><span class='ocrx_word' id='word_1_339' title='bbox 206 3355 420 3405; x_wconf 85' lang='lat' dir='ltr'><strong>solidum</strong></span> <span class='ocrx_word' id='word_1_340' title='bbox 462 3355 753 3404; x_wconf 85' lang='lat' dir='ltr'><strong>decennium</strong></span> <span class='ocrx_word' id='word_1_341' title='bbox 798 3355 922 3404; x_wconf 86' lang='lat' dir='ltr'><strong>inter</strong></span> <span class='ocrx_word' id='word_1_342' title='bbox 970 3353 1219 3416; x_wconf 77' lang='lat' dir='ltr'><strong>geminum</strong></span> <span class='ocrx_word' id='word_1_343' title='bbox 1283 3354 1433 3402; x_wconf 86' lang='lat' dir='ltr'><strong>ruisse</strong></span> <span class='ocrx_word' id='word_1_344' title='bbox 1474 3358 1772 3402; x_wconf 82' lang='lat' dir='ltr'><strong>memoratur</strong></span> <span class='ocrx_word' id='word_1_345' title='bbox 1813 3355 1875 3402; x_wconf 88' lang='lat' dir='ltr'><strong>ad</strong></span> <span class='ocrx_word' id='word_1_346' title='bbox 1921 3355 2158 3428; x_wconf 82' lang='lat' dir='ltr'><strong>populum</strong></span> <span class='ocrx_word' id='word_1_347' title='bbox 2198 3354 2290 3402; x_wconf 65' lang='lat' dir='ltr'><strong>Fa.-</strong></span> 
     </span>
     <span class='ocr_line' id='line_1_37' title="bbox 208 3417 2292 3477; baseline -0.001 -9"><span class='ocrx_word' id='word_1_348' title='bbox 208 3421 427 3468; x_wconf 76' lang='lat' dir='ltr'><strong>eiusdem</strong></span> <span class='ocrx_word' id='word_1_349' title='bbox 464 3419 675 3468; x_wconf 85' lang='lat' dir='ltr'><strong>hominis</strong></span> <span class='ocrx_word' id='word_1_350' title='bbox 712 3420 1016 3468; x_wconf 82' lang='lat' dir='ltr'><strong>consulatum</strong></span> <span class='ocrx_word' id='word_1_351' title='bbox 1051 3419 1218 3466; x_wconf 87' lang='lat' dir='ltr'><strong>efflux-</strong></span> <span class='ocrx_word' id='word_1_352' title='bbox 1282 3419 1409 3477; x_wconf 87' lang='lat' dir='ltr'><strong>bins,</strong></span> <span class='ocrx_word' id='word_1_353' title='bbox 1444 3433 1506 3465; x_wconf 85' lang='lat' dir='ltr'><strong>ea</strong></span> <span class='ocrx_word' id='word_1_354' title='bbox 1544 3417 1736 3466; x_wconf 81' lang='lat' dir='ltr'><strong>Livium</strong></span> <span class='ocrx_word' id='word_1_355' title='bbox 1778 3418 1831 3467; x_wconf 87' lang='lat' dir='ltr'><strong>in</strong></span> <span class='ocrx_word' id='word_1_356' title='bbox 1872 3418 2087 3466; x_wconf 84' lang='lat' dir='ltr'><strong>ahenum</strong></span> <span class='ocrx_word' id='word_1_357' title='bbox 2129 3419 2292 3466; x_wconf 86' lang='lat' dir='ltr'><strong>locum</strong></span> 
     </span>
     <span class='ocr_line' id='line_1_38' title="bbox 208 3481 2294 3545; baseline -0.001 -12"><span class='ocrx_word' id='word_1_358' title='bbox 208 3484 303 3533; x_wconf 87' lang='lat' dir='ltr'><strong>isse</strong></span> <span class='ocrx_word' id='word_1_359' title='bbox 339 3483 597 3532; x_wconf 80' lang='lat' dir='ltr'><strong>iuberetur.</strong></span> <span class='ocrx_word' id='word_1_360' title='bbox 666 3483 893 3545; x_wconf 80' lang='lat' dir='ltr'><strong>Alioquin</strong></span> <span class='ocrx_word' id='word_1_361' title='bbox 929 3497 989 3530; x_wconf 86' lang='lat' dir='ltr'><strong>ea</strong></span> <span class='ocrx_word' id='word_1_362' title='bbox 1019 3498 1117 3530; x_wconf 90' lang='lat' dir='ltr'><strong>non</strong></span> <span class='ocrx_word' id='word_1_363' title='bbox 1149 3487 1218 3530; x_wconf 88' lang='lat' dir='ltr'><strong>te-</strong></span> <span class='ocrx_word' id='word_1_364' title='bbox 1283 3482 1606 3540; x_wconf 82' lang='lat' dir='ltr'><strong>transtulisse3</strong></span> <span class='ocrx_word' id='word_1_365' title='bbox 1640 3487 1690 3530; x_wconf 84' lang='lat' dir='ltr'><strong>et</strong></span> <span class='ocrx_word' id='word_1_366' title='bbox 1721 3481 1762 3530; x_wconf 86' lang='lat' dir='ltr'><strong>si</strong></span> <span class='ocrx_word' id='word_1_367' title='bbox 1787 3481 1904 3544; x_wconf 85' lang='lat' dir='ltr'><strong>quid</strong></span> <span class='ocrx_word' id='word_1_368' title='bbox 1937 3497 1996 3530; x_wconf 84' lang='lat' dir='ltr'><strong>ea</strong></span> <span class='ocrx_word' id='word_1_369' title='bbox 2027 3481 2080 3530; x_wconf 89' lang='lat' dir='ltr'><strong>in</strong></span> <span class='ocrx_word' id='word_1_370' title='bbox 2111 3497 2162 3530; x_wconf 75' lang='lat' dir='ltr'><strong>ne</strong></span> <span class='ocrx_word' id='word_1_371' title='bbox 2194 3481 2294 3530; x_wconf 80' lang='lat' dir='ltr'><strong>veri</strong></span> 
     </span>
     <span class='ocr_line' id='line_1_39' title="bbox 210 3545 2293 3610; baseline -0.003 -10"><span class='ocrx_word' id='word_1_372' title='bbox 210 3553 408 3600; x_wconf 73' lang='lat' dir='ltr'><strong>nex-etur</strong></span> <span class='ocrx_word' id='word_1_373' title='bbox 438 3547 637 3607; x_wconf 83' lang='lat' dir='ltr'><strong>Fabius,</strong></span> <span class='ocrx_word' id='word_1_374' title='bbox 666 3547 749 3610; x_wconf 85' lang='lat' dir='ltr'><strong>qui</strong></span> <span class='ocrx_word' id='word_1_375' title='bbox 784 3547 953 3595; x_wconf 87' lang='lat' dir='ltr'><strong>consul</strong></span> <span class='ocrx_word' id='word_1_376' title='bbox 990 3546 1217 3595; x_wconf 88' lang='lat' dir='ltr'><strong>ultimum</strong></span> <span class='ocrx_word' id='word_1_377' title='bbox 1285 3545 1363 3606; x_wconf 85' lang='lat' dir='ltr'><strong>sit,</strong></span> <span class='ocrx_word' id='word_1_378' title='bbox 1384 3545 1434 3595; x_wconf 91' lang='lat' dir='ltr'><strong>id</strong></span> <span class='ocrx_word' id='word_1_379' title='bbox 1456 3547 1619 3607; x_wconf 85' lang='lat' dir='ltr'><strong>potius</strong></span> <span class='ocrx_word' id='word_1_380' title='bbox 1640 3547 1799 3594; x_wconf 89' lang='lat' dir='ltr'><strong>locum</strong></span> <span class='ocrx_word' id='word_1_381' title='bbox 1823 3545 2048 3594; x_wconf 84' lang='lat' dir='ltr'><strong>habuisse</strong></span> <span class='ocrx_word' id='word_1_382' title='bbox 2068 3561 2218 3608; x_wconf 87' lang='lat' dir='ltr'><strong>quum</strong></span> <span class='ocrx_word' id='word_1_383' title='bbox 2241 3545 2293 3595; x_wconf 91' lang='lat' dir='ltr'><strong>in</strong></span> 
     </span>
     <span class='ocr_line' id='line_1_40' title="bbox 210 3611 2292 3674; baseline -0.001 -12"><span class='ocrx_word' id='word_1_384' title='bbox 210 3613 307 3662; x_wconf 81' lang='lat' dir='ltr'><strong>fuit</strong></span> <span class='ocrx_word' id='word_1_385' title='bbox 325 3627 455 3660; x_wconf 83' lang='lat' dir='ltr'><strong>anno</strong></span> <span class='ocrx_word' id='word_1_386' title='bbox 476 3625 585 3674; x_wconf 81' lang='lat'><strong>445.</strong></span> <span class='ocrx_word' id='word_1_387' title='bbox 608 3617 661 3660; x_wconf 83' lang='lat' dir='ltr'><strong>et</strong></span> <span class='ocrx_word' id='word_1_388' title='bbox 680 3627 809 3660; x_wconf 87' lang='lat' dir='ltr'><strong>nunc</strong></span> <span class='ocrx_word' id='word_1_389' title='bbox 836 3618 1026 3659; x_wconf 82' lang='lat' dir='ltr'><strong>creatur</strong></span> <span class='ocrx_word' id='word_1_390' title='bbox 1052 3611 1103 3658; x_wconf 89' lang='lat' dir='ltr'><strong>in</strong></span> <span class='ocrx_word' id='word_1_391' title='bbox 1136 3626 1219 3658; x_wconf 84' lang='lat' dir='ltr'><strong>an·</strong></span> <span class='ocrx_word' id='word_1_392' title='bbox 1280 3625 1464 3658; x_wconf 86' lang='lat' dir='ltr'><strong>annum</strong></span> <span class='ocrx_word' id='word_1_393' title='bbox 1496 3623 1606 3672; x_wconf 81' lang='lat'><strong>453.</strong></span> <span class='ocrx_word' id='word_1_394' title='bbox 1639 3611 1889 3658; x_wconf 87' lang='lat' dir='ltr'><strong>consulem</strong></span> <span class='ocrx_word' id='word_1_395' title='bbox 1928 3625 2041 3658; x_wconf 83' lang='lat' dir='ltr'><strong>eum</strong></span> <span class='ocrx_word' id='word_1_396' title='bbox 2079 3625 2177 3658; x_wconf 88' lang='lat' dir='ltr'><strong>non</strong></span> <span class='ocrx_word' id='word_1_397' title='bbox 2211 3625 2292 3673; x_wconf 83' lang='lat' dir='ltr'><strong>pe-</strong></span> 
     </span>
     <span class='ocr_line' id='line_1_41' title="bbox 214 3673 2291 3740; baseline -0.001 -14"><span class='ocrx_word' id='word_1_398' title='bbox 214 3691 332 3726; x_wconf 85' lang='lat' dir='ltr'><strong>num</strong></span> <span class='ocrx_word' id='word_1_399' title='bbox 355 3689 464 3738; x_wconf 83' lang='lat'><strong>455.</strong></span> <span class='ocrx_word' id='word_1_400' title='bbox 520 3678 753 3726; x_wconf 81' lang='lat' dir='ltr'><strong>Ceterum</strong></span> <span class='ocrx_word' id='word_1_401' title='bbox 774 3691 833 3724; x_wconf 84' lang='lat' dir='ltr'><strong>ea</strong></span> <span class='ocrx_word' id='word_1_402' title='bbox 854 3676 933 3724; x_wconf 84' lang='lat' dir='ltr'><strong>lex</strong></span> <span class='ocrx_word' id='word_1_403' title='bbox 957 3690 1127 3736; x_wconf 83' lang='lat' dir='ltr'><strong>parum</strong></span> <span class='ocrx_word' id='word_1_404' title='bbox 1150 3673 1219 3722; x_wconf 82' lang='lat' dir='ltr'><strong>di·</strong></span> <span class='ocrx_word' id='word_1_405' title='bbox 1284 3679 1467 3723; x_wconf 83' lang='lat' dir='ltr'><strong>tentem</strong></span> <span class='ocrx_word' id='word_1_406' title='bbox 1490 3675 1704 3738; x_wconf 82' lang='lat' dir='ltr'><strong>populus</strong></span> <span class='ocrx_word' id='word_1_407' title='bbox 1724 3689 1886 3723; x_wconf 81' lang='lat' dir='ltr'><strong>creare</strong></span> <span class='ocrx_word' id='word_1_408' title='bbox 1909 3675 2074 3734; x_wconf 82' lang='lat' dir='ltr'><strong>vellet,</strong></span> <span class='ocrx_word' id='word_1_409' title='bbox 2092 3689 2224 3738; x_wconf 82' lang='lat' dir='ltr'><strong>supr.</strong></span> <span class='ocrx_word' id='word_1_410' title='bbox 2244 3691 2291 3740; x_wconf 90' lang='lat'><strong>9.</strong></span> 
     </span>
     <span class='ocr_line' id='line_1_42' title="bbox 214 3739 1446 3806; baseline -0.003 -17"><span class='ocrx_word' id='word_1_411' title='bbox 214 3742 421 3806; x_wconf 79' lang='lat' dir='ltr'><strong>ligenter</strong></span> <span class='ocrx_word' id='word_1_412' title='bbox 440 3739 517 3788; x_wconf 83' lang='lat' dir='ltr'><strong>his</strong></span> <span class='ocrx_word' id='word_1_413' title='bbox 536 3741 835 3802; x_wconf 80' lang='lat' dir='ltr'><strong>temporibus</strong></span> <span class='ocrx_word' id='word_1_414' title='bbox 859 3739 1151 3798; x_wconf 83' lang='lat' dir='ltr'><strong>servabatur,</strong></span> <span class='ocrx_word' id='word_1_415' title='bbox 1171 3744 1221 3786; x_wconf 83' lang='lat' dir='ltr'><strong>et</strong></span> <span class='ocrx_word' id='word_1_416' title='bbox 1286 3739 1446 3790; x_wconf 73' lang='lat' dir='ltr'><strong>Canv.</strong></span> 
     </span>
     <span class='ocr_line' id='line_1_43' title="bbox 215 3802 2297 3868; baseline -0.001 -14"><span class='ocrx_word' id='word_1_417' title='bbox 215 3805 471 3866; x_wconf 84' lang='lat' dir='ltr'><strong>aliquoties</strong></span> <span class='ocrx_word' id='word_1_418' title='bbox 491 3819 640 3866; x_wconf 89' lang='lat' dir='ltr'><strong>quum</strong></span> <span class='ocrx_word' id='word_1_419' title='bbox 674 3805 725 3852; x_wconf 86' lang='lat' dir='ltr'><strong>in</strong></span> <span class='ocrx_word' id='word_1_420' title='bbox 757 3804 882 3862; x_wconf 84' lang='lat' dir='ltr'><strong>aliis,</strong></span> <span class='ocrx_word' id='word_1_421' title='bbox 902 3809 1008 3851; x_wconf 81' lang='lat' dir='ltr'><strong>tum</strong></span> <span class='ocrx_word' id='word_1_422' title='bbox 1036 3803 1085 3850; x_wconf 87' lang='lat' dir='ltr'><strong>in</strong></span> <span class='ocrx_word' id='word_1_423' title='bbox 1116 3803 1223 3864; x_wconf 87' lang='lat' dir='ltr'><strong>ipso</strong></span> <span class='ocrx_word' id='word_1_424' title='bbox 1360 3818 1387 3851; x_wconf 72' lang='grc' dir='ltr'>α</span> <span class='ocrx_word' id='word_1_425' title='bbox 1430 3806 1532 3853; x_wconf 82' lang='lat' dir='ltr'><strong>Per</strong></span> <span class='ocrx_word' id='word_1_426' title='bbox 1568 3805 1775 3863; x_wconf 71' lang='lat' dir='ltr'><strong>eosdem]</strong></span> <span class='ocrx_word' id='word_1_427' title='bbox 1845 3803 2042 3868; x_wconf 86' lang='lat' dir='ltr'><strong>Nempe</strong></span> <span class='ocrx_word' id='word_1_428' title='bbox 2079 3802 2297 3853; x_wconf 82' lang='lat' dir='ltr'><strong>tribunos</strong></span> 
     </span>
     <span class='ocr_line' id='line_1_44' title="bbox 218 3866 1459 3931; baseline -0.002 -12"><span class='ocrx_word' id='word_1_429' title='bbox 218 3869 371 3919; x_wconf 85' lang='lat' dir='ltr'><strong>Fabio</strong></span> <span class='ocrx_word' id='word_1_430' title='bbox 390 3869 615 3930; x_wconf 78' lang='lat' dir='ltr'><strong>neglecta</strong></span> <span class='ocrx_word' id='word_1_431' title='bbox 634 3869 805 3916; x_wconf 73' lang='lat' dir='ltr'><strong>metat.</strong></span> <span class='ocrx_word' id='word_1_432' title='bbox 839 3869 899 3915; x_wconf 80' lang='lat' dir='ltr'><strong>cf.</strong></span> <span class='ocrx_word' id='word_1_433' title='bbox 917 3882 1046 3930; x_wconf 84' lang='lat' dir='ltr'><strong>supr.</strong></span> <span class='ocrx_word' id='word_1_434' title='bbox 1064 3866 1130 3916; x_wconf 86' lang='lat' dir='ltr'><strong>ix.</strong></span> <span class='ocrx_word' id='word_1_435' title='bbox 1146 3882 1222 3927; x_wconf 83' lang='lat'><strong>41.</strong></span> <span class='ocrx_word' id='word_1_436' title='bbox 1289 3867 1459 3931; x_wconf 85' lang='lat' dir='ltr'><strong>plebis.</strong></span> 
     </span>
    </p>

    <p class='ocr_par' dir='ltr' id='par_1_16' title="bbox 219 3931 2296 4184">
     <span class='ocr_line' id='line_1_45' title="bbox 219 3931 2296 3994; baseline -0.002 -10"><span class='ocrx_word' id='word_1_437' title='bbox 219 3935 315 3984; x_wconf 82' lang='lat' dir='ltr'><strong>Sed</strong></span> <span class='ocrx_word' id='word_1_438' title='bbox 336 3939 387 3982; x_wconf 84' lang='lat' dir='ltr'><strong>et</strong></span> <span class='ocrx_word' id='word_1_439' title='bbox 409 3932 673 3981; x_wconf 77' lang='lat' dir='ltr'><strong>doctissimi</strong></span> <span class='ocrx_word' id='word_1_440' title='bbox 696 3931 800 3990; x_wconf 80' lang='lat' dir='ltr'><strong>viri,</strong></span> <span class='ocrx_word' id='word_1_441' title='bbox 821 3931 1061 3994; x_wconf 83' lang='lat' dir='ltr'><strong>Sigonius,</strong></span> <span class='ocrx_word' id='word_1_442' title='bbox 1082 3931 1222 3994; x_wconf 80' lang='lat' dir='ltr'><strong>Pigh-</strong></span> <span class='ocrx_word' id='word_1_443' title='bbox 1354 3947 1383 3994; x_wconf 79' lang='lat'><strong>3</strong></span> <span class='ocrx_word' id='word_1_444' title='bbox 1414 3935 1556 3982; x_wconf 71' lang='lat' dir='ltr'><strong>Intro</strong></span> <span class='ocrx_word' id='word_1_445' title='bbox 1576 3935 1770 3993; x_wconf 75' lang='lat' dir='ltr'><strong>vocata]</strong></span> <span class='ocrx_word' id='word_1_446' title='bbox 1808 3932 1948 3982; x_wconf 82' lang='lat' dir='ltr'><strong>Intra</strong></span> <span class='ocrx_word' id='word_1_447' title='bbox 1967 3937 2178 3994; x_wconf 86' lang='lat' dir='ltr'><strong>septum,</strong></span> <span class='ocrx_word' id='word_1_448' title='bbox 2193 3931 2296 3980; x_wconf 86' lang='lat' dir='ltr'><strong>sive</strong></span> 
     </span>
     <span class='ocr_line' id='line_1_46' title="bbox 219 3995 2294 4058; baseline -0.002 -12"><span class='ocrx_word' id='word_1_449' title='bbox 219 3997 620 4056; x_wconf 58' lang='lat' dir='ltr'><strong>imDodwellQ</strong></span> <span class='ocrx_word' id='word_1_450' title='bbox 632 4010 815 4045; x_wconf 84' lang='lat' dir='ltr'><strong>annum</strong></span> <span class='ocrx_word' id='word_1_451' title='bbox 834 4011 985 4043; x_wconf 88' lang='lat' dir='ltr'><strong>unum</strong></span> <span class='ocrx_word' id='word_1_452' title='bbox 1003 4011 1091 4058; x_wconf 82' lang='lat' dir='ltr'><strong>per</strong></span> <span class='ocrx_word' id='word_1_453' title='bbox 1103 3997 1225 4044; x_wconf 86' lang='lat' dir='ltr'><strong>duas</strong></span> <span class='ocrx_word' id='word_1_454' title='bbox 1287 3997 1430 4055; x_wconf 85' lang='lat' dir='ltr'><strong>ovile,</strong></span> <span class='ocrx_word' id='word_1_455' title='bbox 1452 3996 1500 4044; x_wconf 92' lang='lat' dir='ltr'><strong>in</strong></span> <span class='ocrx_word' id='word_1_456' title='bbox 1531 3997 1661 4058; x_wconf 90' lang='lat' dir='ltr'><strong>quod</strong></span> <span class='ocrx_word' id='word_1_457' title='bbox 1696 4011 1782 4058; x_wconf 87' lang='lat' dir='ltr'><strong>per</strong></span> <span class='ocrx_word' id='word_1_458' title='bbox 1813 4003 1988 4057; x_wconf 87' lang='lat' dir='ltr'><strong>pontes</strong></span> <span class='ocrx_word' id='word_1_459' title='bbox 2017 3995 2170 4043; x_wconf 88' lang='lat' dir='ltr'><strong>tribus</strong></span> <span class='ocrx_word' id='word_1_460' title='bbox 2201 3995 2294 4042; x_wconf 86' lang='lat' dir='ltr'><strong>sin·</strong></span> 
     </span>
     <span class='ocr_line' id='line_1_47' title="bbox 221 4058 2294 4123; baseline -0.002 -12"><span class='ocrx_word' id='word_1_461' title='bbox 221 4061 385 4112; x_wconf 82' lang='lat' dir='ltr'><strong>ordine</strong></span> <span class='ocrx_word' id='word_1_462' title='bbox 401 4061 665 4109; x_wconf 80' lang='lat' dir='ltr'><strong>dictaturas</strong></span> <span class='ocrx_word' id='word_1_463' title='bbox 685 4065 999 4116; x_wconf 82' lang='lat' dir='ltr'><strong>transactum,</strong></span> <span class='ocrx_word' id='word_1_464' title='bbox 1016 4059 1103 4108; x_wconf 83' lang='lat' dir='ltr'><strong>etsi</strong></span> <span class='ocrx_word' id='word_1_465' title='bbox 1126 4075 1224 4107; x_wconf 88' lang='lat' dir='ltr'><strong>non</strong></span> <span class='ocrx_word' id='word_1_466' title='bbox 1286 4061 1429 4123; x_wconf 83' lang='lat' dir='ltr'><strong>gulae</strong></span> <span class='ocrx_word' id='word_1_467' title='bbox 1465 4061 1729 4118; x_wconf 76' lang='lat' dir='ltr'><strong>intrabant,</strong></span> <span class='ocrx_word' id='word_1_468' title='bbox 1758 4067 1814 4107; x_wconf 83' lang='lat' dir='ltr'><strong>ut</strong></span> <span class='ocrx_word' id='word_1_469' title='bbox 1850 4058 2076 4120; x_wconf 75' lang='lat' dir='ltr'><strong>suffragia</strong></span> <span class='ocrx_word' id='word_1_470' title='bbox 2109 4059 2294 4106; x_wconf 86' lang='lat' dir='ltr'><strong>darent.</strong></span> 
     </span>
     <span class='ocr_line' id='line_1_48' title="bbox 223 4123 1732 4184; baseline -0.002 -10"><span class='ocrx_word' id='word_1_471' title='bbox 223 4142 279 4175; x_wconf 86' lang='lat' dir='ltr'><strong>ex</strong></span> <span class='ocrx_word' id='word_1_472' title='bbox 306 4124 431 4173; x_wconf 81' lang='lat' dir='ltr'><strong>Livii</strong></span> <span class='ocrx_word' id='word_1_473' title='bbox 454 4131 635 4184; x_wconf 83' lang='lat' dir='ltr'><strong>mente,</strong></span> <span class='ocrx_word' id='word_1_474' title='bbox 654 4131 707 4172; x_wconf 86' lang='lat' dir='ltr'><strong>at</strong></span> <span class='ocrx_word' id='word_1_475' title='bbox 726 4125 927 4172; x_wconf 77' lang='lat' dir='ltr'><strong>fortasse</strong></span> <span class='ocrx_word' id='word_1_476' title='bbox 958 4139 1019 4171; x_wconf 87' lang='lat' dir='ltr'><strong>ex</strong></span> <span class='ocrx_word' id='word_1_477' title='bbox 1051 4123 1118 4172; x_wconf 87' lang='lat' dir='ltr'><strong>rei</strong></span> <span class='ocrx_word' id='word_1_478' title='bbox 1149 4139 1223 4170; x_wconf 82' lang='lat' dir='ltr'><strong>ve-</strong></span> <span class='ocrx_word' id='word_1_479' title='bbox 1290 4127 1350 4174; x_wconf 83' lang='lat' dir='ltr'><strong>cf.</strong></span> <span class='ocrx_word' id='word_1_480' title='bbox 1370 4125 1479 4173; x_wconf 80' lang='lat' dir='ltr'><strong>infr.</strong></span> <span class='ocrx_word' id='word_1_481' title='bbox 1503 4124 1634 4172; x_wconf 81' lang='lat' dir='ltr'><strong>xxvi.</strong></span> <span class='ocrx_word' id='word_1_482' title='bbox 1657 4137 1732 4172; x_wconf 67' lang='grc' dir='ltr'><strong>υ.</strong></span> 
     </span>
    </p>

    <p class='ocr_par' dir='ltr' id='par_1_17' title="bbox 222 4185 2302 4441">
     <span class='ocr_line' id='line_1_49' title="bbox 222 4185 2296 4248; baseline -0.002 -10"><span class='ocrx_word' id='word_1_483' title='bbox 222 4191 362 4238; x_wconf 82' lang='lat' dir='ltr'><strong>ritate</strong></span> <span class='ocrx_word' id='word_1_484' title='bbox 394 4189 701 4237; x_wconf 86' lang='lat' dir='ltr'><strong>inserendum</strong></span> <span class='ocrx_word' id='word_1_485' title='bbox 734 4203 961 4236; x_wconf 82' lang='lat' dir='ltr'><strong>censuere</strong></span> <span class='ocrx_word' id='word_1_486' title='bbox 990 4188 1115 4236; x_wconf 86' lang='lat' dir='ltr'><strong>inter</strong></span> <span class='ocrx_word' id='word_1_487' title='bbox 1142 4203 1225 4236; x_wconf 83' lang='lat' dir='ltr'><strong>eos</strong></span> <span class='ocrx_word' id='word_1_488' title='bbox 1355 4205 1385 4248; x_wconf 82' lang='lat'>4</span> <span class='ocrx_word' id='word_1_489' title='bbox 1417 4191 1537 4238; x_wconf 72' lang='lat' dir='ltr'><strong>Dies</strong></span> <span class='ocrx_word' id='word_1_490' title='bbox 1557 4190 1685 4236; x_wconf 70' lang='lat' dir='ltr'><strong>dicta</strong></span> <span class='ocrx_word' id='word_1_491' title='bbox 1705 4189 1766 4234; x_wconf 78' lang='lat' dir='ltr'><strong>ab</strong></span> <span class='ocrx_word' id='word_1_492' title='bbox 1787 4187 2048 4244; x_wconf 72' lang='lat' dir='ltr'><strong>aedilibus]</strong></span> <span class='ocrx_word' id='word_1_493' title='bbox 2088 4185 2166 4233; x_wconf 86' lang='lat' dir='ltr'><strong>Ex</strong></span> <span class='ocrx_word' id='word_1_494' title='bbox 2190 4187 2296 4248; x_wconf 82' lang='lat' dir='ltr'><strong>lege</strong></span> 
     </span>
     <span class='ocr_line' id='line_1_50' title="bbox 223 4249 2302 4315; baseline -0.001 -14"><span class='ocrx_word' id='word_1_495' title='bbox 223 4269 373 4312; x_wconf 78' lang='lat' dir='ltr'><strong>annos</strong></span> <span class='ocrx_word' id='word_1_496' title='bbox 387 4268 509 4315; x_wconf 85' lang='lat' dir='ltr'><strong>quos</strong></span> <span class='ocrx_word' id='word_1_497' title='bbox 523 4257 698 4314; x_wconf 85' lang='lat' dir='ltr'><strong>451.et</strong></span> <span class='ocrx_word' id='word_1_498' title='bbox 712 4251 1245 4313; x_wconf 74' lang='lat' dir='ltr'><strong>452.numeravimus:.</strong></span> <span class='ocrx_word' id='word_1_499' title='bbox 1293 4253 1492 4314; x_wconf 79' lang='lat' dir='ltr'><strong>Agraria</strong></span> <span class='ocrx_word' id='word_1_500' title='bbox 1533 4250 1736 4308; x_wconf 83' lang='lat' dir='ltr'><strong>Licinia,</strong></span> <span class='ocrx_word' id='word_1_501' title='bbox 1768 4265 1910 4311; x_wconf 82' lang='lat' dir='ltr'><strong>quae,</strong></span> <span class='ocrx_word' id='word_1_502' title='bbox 1944 4265 2006 4297; x_wconf 89' lang='lat' dir='ltr'><strong>ne</strong></span> <span class='ocrx_word' id='word_1_503' title='bbox 2042 4249 2152 4310; x_wconf 85' lang='lat' dir='ltr'><strong>quis</strong></span> <span class='ocrx_word' id='word_1_504' title='bbox 2191 4251 2302 4312; x_wconf 85' lang='lat' dir='ltr'><strong>plus</strong></span> 
     </span>
     <span class='ocr_line' id='line_1_51' title="bbox 225 4313 2298 4380; baseline -0.001 -15"><span class='ocrx_word' id='word_1_505' title='bbox 225 4319 305 4380; x_wconf 84' lang='lat' dir='ltr'><strong>qui</strong></span> <span class='ocrx_word' id='word_1_506' title='bbox 336 4331 493 4366; x_wconf 85' lang='lat' dir='ltr'><strong>annus</strong></span> <span class='ocrx_word' id='word_1_507' title='bbox 523 4315 751 4364; x_wconf 85' lang='lat' dir='ltr'><strong>insititius</strong></span> <span class='ocrx_word' id='word_1_508' title='bbox 779 4316 927 4364; x_wconf 85' lang='lat' dir='ltr'><strong>efficit</strong></span> <span class='ocrx_word' id='word_1_509' title='bbox 954 4320 1007 4362; x_wconf 87' lang='lat' dir='ltr'><strong>ut</strong></span> <span class='ocrx_word' id='word_1_510' title='bbox 1034 4315 1122 4362; x_wconf 83' lang='lat' dir='ltr'><strong>toti</strong></span> <span class='ocrx_word' id='word_1_511' title='bbox 1146 4315 1225 4362; x_wconf 85' lang='lat' dir='ltr'><strong>de-</strong></span> <span class='ocrx_word' id='word_1_512' title='bbox 1292 4314 1742 4377; x_wconf 73' lang='lat' dir='ltr'><strong>quingentajugera</strong></span> <span class='ocrx_word' id='word_1_513' title='bbox 1769 4313 1870 4376; x_wconf 80' lang='lat' dir='ltr'><strong>agri</strong></span> <span class='ocrx_word' id='word_1_514' title='bbox 1891 4315 2171 4376; x_wconf 67' lang='lat' dir='ltr'><strong>possideret,</strong></span> <span class='ocrx_word' id='word_1_515' title='bbox 2193 4331 2298 4363; x_wconf 83' lang='lat' dir='ltr'><strong>san-</strong></span> 
     </span>
     <span class='ocr_line' id='line_1_52' title="bbox 226 4377 1786 4441; baseline -0.003 -9"><span class='ocrx_word' id='word_1_516' title='bbox 226 4397 331 4432; x_wconf 85' lang='lat' dir='ltr'><strong>cem</strong></span> <span class='ocrx_word' id='word_1_517' title='bbox 362 4381 477 4429; x_wconf 85' lang='lat' dir='ltr'><strong>anni</strong></span> <span class='ocrx_word' id='word_1_518' title='bbox 509 4382 573 4428; x_wconf 86' lang='lat' dir='ltr'><strong>ab</strong></span> <span class='ocrx_word' id='word_1_519' title='bbox 605 4379 779 4428; x_wconf 85' lang='lat' dir='ltr'><strong>ultimo</strong></span> <span class='ocrx_word' id='word_1_520' title='bbox 802 4379 939 4428; x_wconf 83' lang='lat' dir='ltr'><strong>Fabii</strong></span> <span class='ocrx_word' id='word_1_521' title='bbox 974 4379 1228 4427; x_wconf 78' lang='lat' dir='ltr'><strong>consulatu</strong></span> <span class='ocrx_word' id='word_1_522' title='bbox 1275 4380 1437 4428; x_wconf 81' lang='lat' dir='ltr'><strong>&#39;cibat.</strong></span> <span class='ocrx_word' id='word_1_523' title='bbox 1472 4395 1601 4441; x_wconf 82' lang='lat' dir='ltr'><strong>supr.</strong></span> <span class='ocrx_word' id='word_1_524' title='bbox 1625 4379 1686 4426; x_wconf 80' lang='lat' dir='ltr'><strong>vi.</strong></span> <span class='ocrx_word' id='word_1_525' title='bbox 1711 4377 1786 4440; x_wconf 80' lang='lat'><strong>36.</strong></span> 
     </span>
    </p>
   </div>
  </div>
 </body>
</html>
