3000 4784
679 238 810 299 404
1461 230 1689 299 TITI
1744 231 2015 299 LIVII

357 386 428 437 U.
451 386 511 438 c.
535 402 649 453 393·
684 372 938 449 scirent,
967 390 1034 435 se
1078 372 1326 472 parenti
1354 392 1543 457 opem
1586 370 1799 449 latam,
1832 392 2024 457 quam
2065 369 2344 435 inimicis
2386 370 2548 448 eius,
2582 368 2787 445 malle,

355 452 418 507 A.
451 452 511 504 C·
535 466 646 518 359·
683 460 855 546 capit
883 458 1236 535 consilium,
1261 458 1437 522 rudis
1459 457 1723 544 quidem
1741 471 1933 543 atque
1962 458 2226 544 agrestis
2254 457 2473 534 animi,
2500 469 2569 523 et
2644 479 2793 521 uan-

682 568 878 632 quam
907 566 1040 609 non
1069 544 1270 609 civilis
1299 544 1601 631 exempli,
1634 556 1852 609 tamen
1886 544 2123 631 pietate
2152 542 2497 611 laudabile.
2750 542 2825 609 '·1

683 632 938 695 entibus
965 632 1229 709 cunone,
1263 629 1467 695 cultro
1506 632 1884 706 succinctus»,
1917 653 2101 694 mane
2138 630 2207 695 in
2238 630 2486 709 urbem,
2520 643 2725 717 atque
2760 651 2795 691 a

682 730 865 804 porta
935 717 1198 781 domum
1265 717 1597 787 confestim
1664 716 1748 781 ad
1821 716 1917 781 M.
1952 716 2379 803 Pomponium
2456 718 2793 781 tribunum

683 804 916 891 pergit:
983 804 1257 881 ianitori,
1321 812 1342 840 ‘
1362 826 1521 889 opus
1578 826 1712 869 esse
1774 802 1894 867 sibi
1952 802 2214 867 domino
2272 803 2410 867 eius
2472 815 2795 867 convento

687 899 709 928 ‘
729 889 1090 977 extemp10,’
1133 890 1256 955 ait:
1322 899 1342 930 ‘
1363 890 1706 967 nuntiaret,
1753 889 1832 953 Τ.
1868 888 2189 954 Manlium
2242 886 2319 952 L.
2353 888 2566 953 filium
2624 887 2797 953 esse-²

687 975 852 1041 Mox
879 976 1296 1054 introducam,
1327 976 1599 1061 (etenim
1628 976 1942 1062 percitum
1972 976 2065 1039 ira
2094 976 2162 1037 in
2242 989 2445 1039 atrem
2478 998 2635 1063 spes
2666 989 2795 1039 erat

684 1075 796 1127 aut
845 1064 1126 1127 criminis
1179 1061 1424 1151 aliquid
1476 1062 1647 1139 novi,
1694 1075 1805 1125 aut
1848 1062 2095 1125 consilii
2264 1084 2401 1126 rem
2450 1062 2794 1149 agendam,

685 1148 962 1235 deferre)
979 1149 1179 1214 salute
1209 1160 1469 1236 accepta
1489 1148 1886 1234 redditaque,
1910 1156 1929 1185 ‘
1948 1149 2123 1223 esse‚’
2150 1148 2258 1227 ait,
2292 1157 2313 1185 ‘
2332 1171 2505 1235 quae
2538 1172 2695 1213 cum
2724 1169 2797 1211 eo

689 1245 912 1323 ‘agere
953 1237 1202 1301 arbitris
1243 1235 1500 1299 remotis
1529 1234 1722 1299 velit?
1808 1233 2043 1299 Procul
2072 1234 2223 1299 inde
2268 1235 2579 1301 omnibus
2624 1235 2795 1299 abire

683 1323 887 1401 iussiS,
920 1322 1192 1388 cultrum
1211 1321 1495 1407 stringit:
1545 1334 1630 1398 et,
1656 1342 1845 1409 super
1863 1319 2100 1384 lectum
2120 1334 2293 1385 stans
2314 1320 2483 1386 ferro
2516 1322 2792 1397 intento,

682 1410 824 1487 nisi,
857 1410 926 1475 in
955 1432 1119 1495 quae
1161 1410 1294 1496 ipse
1323 1408 1719 1493 concepisset
1746 1407 1955 1485 verba,
1984 1407 2239 1485 iuraret,
2274 1414 2295 1444 ‘
2308 1430 2375 1471 se
2418 1408 2635 1494 patris
2663 1409 2795 1473 eius

686 1504 707 1535 ‘
725 1496 1064 1561 accusandi
1091 1518 1282 1559 causa
1303 1493 1647 1561 concilium
1674 1493 1877 1581 plebis
1906 1516 2239 1580 nunquam
2276 1493 2707 1571 habiturum,’
2730 1516 2793 1559 se

683 1605 834 1647 eum
885 1582 1206 1668 extemplo
1254 1579 1705 1646 transfixurum
1762 1580 2057 1645 minatur.
2150 1580 2428 1644 Pavidus
2492 1582 2795 1645 tribunus

681 1667 952 1816 ffluippe
983 1670 1098 1755 qui
1117 1668 1355 1732 sermm
1385 1680 1533 1731 ante
1564 1666 1781 1731 oculos
1808 1666 2061 1745 micare,
2080 1690 2148 1731 se
2178 1666 2403 1744 solum,
2427 1666 2791 1743 inermem3

685 1753 700 1768 “
757 1776 863 1816 um
884 1754 1316 1840 praevalidum
1336 1754 1651 1829 iuvenem,
1673 1765 1758 1831 et,
1782 1753 1958 1840 quod
1985 1752 2160 1817 haud
2182 1752 2392 1817 minus
2422 1752 2793 1819 timendum

681 1851 834 1915 erat,
865 1839 1094 1903 stolide
1123 1839 1400 1904 ferocem
1427 1840 1667 1904 viribus
1694 1840 1823 1903 suis
1852 1838 2170 1923 cerneret)
2204 1839 2473 1916 adiurat,
2508 1840 2586 1905 in
2626 1862 2792 1929 quae

681 1924 942 1989 adactus
979 1937 1076 1990 est
1103 1926 1330 2002 verba3
1377 1939 1444 1990 et
1481 1948 1633 2012 prae
1668 1948 1735 1990 se
1774 1926 2010 1990 deinde
2052 1925 2216 2003 tulit,
2246 1948 2325 1989 ea
2350 1926 2413 1989 vi
2448 1927 2793 1993 subactum

682 2032 750 2077 se
801 2012 945 2077 ince
993 2024 1060 2077 to
1103 2011 1433 2077 destitisse.
1529 2010 1597 2075 N
1598 2034 1673 2077 ec
1724 2012 2012 2099 perinde,
2056 2025 2132 2077 ut
2174 2011 2499 2077 maluisset
2546 2014 2790 2101 plebea,

681 2098 802 2163 sibi
845 2122 920 2165 su
1082 2098 1119 2113 '⁸
1153 2099 1402 2164 ferendi
1443 2098 1527 2163 de
1573 2114 1701 2163 tam
1731 2098 1974 2163 crudeli
2018 2111 2085 2163 et
2126 2100 2399 2186 superbo
2442 2122 2562 2165 reo
2607 2116 2791 2189 pote-

681 2196 908 2251 statem
930 2185 1110 2263 fien3
1158 2186 1250 2250 ita
1275 2208 1460 2273 aegre
1490 2184 1735 2262 habuit,
1755 2184 1958 2249 filium
1976 2185 2047 2249 id
2074 2208 2189 2273 pro
2218 2196 2483 2272 parente
2514 2210 2785 2251 ausum:

681 2294 886 2359 eoque
916 2272 984 2336 id
1007 2272 1383 2339 laudabilius
1405 2284 1559 2350 erat,
1580 2271 1756 2358 quod
1784 2272 2071 2336 animum
2100 2272 2236 2336 eius
2265 2284 2443 2337 tanta
2468 2274 2787 2339 acerbitas

680 2358 884 2445 patria
933 2357 1096 2423 nihil
1133 2382 1172 2423 a
1208 2360 1447 2446 pietate
1487 2358 1828 2423 avertisset.
1920 2356 2148 2445 Itaque
2200 2381 2333 2423 non
2382 2360 2557 2445 pan-i
2592 2360 2785 2425 modo

679 2444 940 2510 remissa
967 2468 1190 2511 causae
1226 2445 1421 2510 dictio
1464 2456 1580 2522 est,
1610 2443 1724 2508 sed
1754 2444 1877 2531 ipsi
1914 2445 2109 2509 etiam
2144 2444 2541 2509 adolescenti
2580 2470 2661 2511 ea
2688 2468 2787 2511 res

679 2529 910 2599 honori
936 2531 1090 2597 fuit:
1139 2543 1206 2595 et
1235 2554 1435 2620 quum
1475 2553 1554 2595 eo
1584 2552 1753 2594 anno
1782 2530 2059 2617 primum
2098 2530 2457 2618 placuisset,
2490 2533 2787 2598 tribunos

679 2617 951 2683 militum
1001 2617 1086 2683 ad
1134 2617 1418 2704 legiones
1468 2616 1765 2703 suffmgio
1810 2617 1971 2694 fieri,
2019 2616 2199 2705 (nam
2246 2631 2314 2681 et
2356 2632 2571 2697 antea,
2620 2619 2827 2684 sicuta

677 2726 870 2782 nunc,
931 2726 1093 2791 quos
1152 2703 1426 2770 Rufulos
1475 2715 1723 2779 vocant,
1785 2703 1869 2766 im
1958 2716 2195 2768 ratores
2250 2704 2375 2791 ipsi
2430 2704 2755 2771 faciebant

675 2790 1026 2855 secundum
1071 2792 1140 2854 in
1184 2814 1297 2857 sex
1338 2788 1494 2855 locis
1540 2790 1767 2867 tenuit,
1792 2812 1837 2853 n
1905 2789 1983 2853 lis
2029 2789 2205 2854 domi
2248 2789 2513 2855 militiae
2566 2816 2651 2857 ue

675 2874 1136 2951 conciliandam
1175 2878 1440 2962 gratiam
1471 2875 1747 2953 meritis3
1796 2889 1869 2941 ut
1898 2876 2011 2963 qui
2048 2898 2193 2943 rure
2239 2890 2306 2941 et
2332 2899 2531 2963 procu
2592 2890 2783 2944 coetu

673 2957 1008 3024 hominum
1038 2961 1361 3025 iuventam
1391 2962 1638 3049 egisset.

465 3058 524 3119 6,
763 3043 1012 3111 Eodem
1057 3068 1246 3124 anne,
1291 3070 1406 3111 seu
1453 3061 1635 3113 motu
1680 3060 1901 3127 terrae,
1950 3071 2065 3113 seu
2110 3072 2241 3136 qua
2277 3050 2341 3113 vi
2384 3050 2526 3131 alia,
2566 3050 2775 3117 forum

675 3131 960 3199 medium
1005 3132 1201 3198 ferme
1249 3156 1444 3221 specu
1483 3148 1659 3199 vasto
1704 3134 2051 3223 collapsum
2096 3134 2165 3199 in
2212 3136 2592 3203 immensam
2636 3137 2777 3203 alti-

347 3230 544 3293 Vox-ago
565 3228 642 3279 in·
677 3219 967 3287 tudinem
1016 3219 1290 3297 dicitur3
1345 3244 1557 3309 neque
1602 3244 1745 3286 eam
1789 3221 2155 3309 voraginem
2206 3222 2504 3288 coniectu
2546 3238 2771 3301 terrae,

342 3294 461 3345 tom.
718 3330 874 3372 uum
903 3330 1018 3395 pro
1053 3332 1120 3373 se
1149 3308 1420 3395 quisque
1454 3321 1720 3395 gereret,
1752 3307 1995 3395 expleri
2034 3308 2311 3395 potuisse
2350 3310 2546 3395 prius,
2579 3332 2773 3398 quam

669 3329 866 3460 desim
901 3395 1149 3459 monitu
1178 3396 1398 3482 quaeri
1427 3407 1744 3495 coeptum,
1778 3416 1907 3480 quo
1945 3392 2291 3480 plurimum
2328 3397 2606 3484 populus
2641 3396 2771 3462 Ro-

667 3502 894 3547 manus
920 3483 1178 3567 posset?
1236 3479 1316 3546 Id
1345 3481 1519 3546 enim
1548 3480 1641 3544 1lli
1669 3479 1810 3546 loco
1840 3480 2205 3559 dicandum,
2229 3494 2405 3546 vates
2434 3485 2765 3561 canebant,

667 3568 720 3630 si
763 3568 1219 3655 rempublicam
1257 3567 1613 3633 Romanam
1657 3580 2031 3655 perpetuam
2074 3590 2209 3632 esse
2245 3568 2500 3633 vellent.
2597 3570 2765 3635 Tum

2796 2733 2824 2863 *w

739 3804 758 3837 1
795 3792 914 3839 Non
933 3792 1092 3839 civilis
1110 3792 1344 3854 exempli]
1389 3790 1531 3849 Eius,
1552 3791 1684 3853 quod
1748 3791 1855 3853 quit
1878 3792 2057 3841 Ancon.
2078 3792 2130 3841 in
2151 3792 2259 3843 Cic.
2285 3792 2453 3843 Divin.
2474 3798 2563 3858 qui
2584 3798 2761 3845 Βοπωσ

669 3852 829 3909 civem
851 3854 1040 3913 deceat,
1063 3860 1119 3902 ut
1139 3869 1270 3916 supr.
1294 3854 1356 3903 vi.
1381 3870 1457 3915 40.
1747 3858 1951 3905 comitiis
1973 3857 2310 3919 designantur.
2344 3858 2508 3909 Cur.

734 3933 762 3967 α
795 3918 1206 3982 Suffrayt'ofieri]
1245 3917 1306 3967 cf.
1332 3918 1454 3968 Infr.
1477 3918 1543 3967 ix.
1568 3933 1645 3981 30.
1813 3936 1843 3979 4
1874 3921 2152 3970 Secundum
2173 3922 2229 3971 in
2248 3938 2337 3971 sea·
2355 3923 2497 3982 Iocis]
2534 3922 2587 3972 si
2617 3922 2759 3988 legio-
2848 3968 2855 3973 ,

733 3996 762 4045 3
805 3985 935 4042 Quot
975 3983 1191 4045 Rufulos
1233 3983 1432 4042 vocant]
1498 3984 1683 4045 Itu-suli
1745 3998 1833 4033 nes
1852 3990 2101 4046 quattuor,
2120 3990 2179 4032 ut
2206 3986 2355 4034 moris
2374 3992 2497 4045 erat,
2516 3987 2613 4037 hoc
2634 4002 2759 4037 anno

665 4048 1066 4113 appellabantur,
1121 4046 1282 4110 inquit
1341 4046 1534 4107 Festus,
1593 4050 1679 4096 tri-
1743 4047 1953 4124 scriptae
1982 4053 2115 4108 sunt,
2134 4054 2368 4111 quattuor
2394 4056 2447 4100 et
2480 4050 2647 4113 viginti
2680 4052 2757 4101 tri-

667 4114 787 4175 ὸῃι·
830 4113 1041 4163 militum
1075 4128 1108 4161 a
1147 4114 1343 4163 comula
1379 4114 1531 4173 sacti,
1578 4127 1681 4161 non
1744 4112 1888 4161 bunis
1928 4111 2143 4161 militurn
2178 4128 2305 4175 opus
2340 4120 2460 4164 erat.
2532 4116 2633 4167 Sed
2676 4130 2759 4179 per

663 4174 904 4239 afsflbpulo
917 4196 934 4225 :
967 4178 1028 4226 de
1057 4192 1264 4241 quorum
1289 4178 1402 4225 iure
1427 4176 1555 4239 quod
1574 4176 1677 4224 Ru·
1742 4174 1866 4225 haec
1897 4182 2123 4239 tempora
2144 4177 2407 4233 dictatores
2439 4182 2489 4227 et
2522 4180 2757 4239 consules,

661 4241 800 4291 titius
831 4243 1002 4302 Rufus
1049 4242 1199 4302 layum
1247 4241 1434 4298 tulerit,
1476 4238 1679 4300 Rufult‘,
1810 4254 1981 4303 rquam
2014 4242 2187 4305 paucis
2218 4241 2446 4305 suffugio
2482 4243 2659 4305 populi
2688 4258 2754 4291 re-

657 4319 719 4351 ασ
735 4311 845 4363 post
865 4305 1061 4363 Rutuli,
1082 4304 1187 4352 sive
1206 4304 1370 4366 potius
1391 4302 1570 4360 Rutili,
1592 4318 1679 4365 ap-
1782 4304 1873 4353 ctis
1904 4304 2042 4365 locis,
2062 4304 2253 4367 reliqua
2272 4305 2345 4354 sui
2366 4306 2597 4355 benefic-„ii
2614 4307 2754 4357 facie-

651 4366 827 4425 pellan·
859 4374 990 4416 mut.
1057 4368 1164 4414 Alio·
1195 4374 1314 4415 eunt
1338 4368 1587 4425 σοηιίιίαιί,
1607 4365 1677 4414 in·
1744 4366 1882 4428 bant,
1904 4374 2030 4418 teste
2054 4368 2197 4419 Livio
2218 4368 2327 4421 infr.
2348 4369 2417 4419 ix.
2442 4382 2519 4431 3ο.
2556 4371 2715 4427 cuv,
