3000 4784
868 204 1060 272 LIB.
1109 204 1194 269 V.
1261 201 1485 269 CAP.
1535 209 1638 269 21.
2168 210 2290 273 311

177 350 199 381 ‘
212 356 409 430 atque
440 342 797 409 exinanitis
837 343 1075 409 tributo
1104 354 1201 407 tot
1229 363 1542 406 annorum
1581 340 1896 407 succurrit
1944 354 2012 407 et
2053 342 2286 409 sentire
2311 360 2377 413 U.
2402 361 2461 413 c.
2487 377 2596 428 ³59-

176 430 491 516 ‘praedae
536 430 821 495 fiuctum
852 452 935 494 ex
978 450 1059 495 eo
1085 428 1273 505 bello,
1306 427 1375 491 in
1448 450 1536 492 uo
1577 450 1776 527 prope
1811 429 2281 495 consenuerint.
2307 426 2365 475 A.
2399 426 2458 477 0·
2485 442 2594 491 393·

172 524 193 553 ‘
218 515 491 581 Gratius
541 516 621 581 id
661 517 793 582 fore
846 515 1220 602 laetiusque,
1266 537 1357 601 qu
1484 537 1756 601 quisque
1799 537 1916 581 sua
1955 536 2150 580 manu
2201 538 2286 579 ex

170 612 189 643 ‘
210 602 396 667 hoste
426 616 699 691 captum
728 603 993 669 domum
1020 600 1325 678 retulerit,
1358 623 1550 687 quam
1579 601 1634 663 si
1664 600 1999 702 multiplex
2027 601 2286 667 alterius

126 714 146 749 1
170 696 191 727 ⁶
210 689 480 757 arbitrio
526 690 818 777 accipiat.
909 689 945 754 I
1020 689 1131 753 um
1173 687 1546 752 dictatorem
1589 687 1806 774 fiigere
1850 687 2157 753 invidiam
2200 711 2284 755 ex

166 784 186 815 ‘
208 799 289 839 eo
316 776 765 863 criminaque:
814 799 893 840 eo
921 712 1241 861 delegasse
1271 773 1355 837 ad
1382 788 1690 839 senatum.
1785 772 2092 839 Senatum
2123 798 2284 862 quo-

168 870 187 901 ‘
208 885 337 948 que
374 862 627 928 debere
657 863 955 929 reiectam
994 884 1131 927 rem
1170 860 1253 925 ad
1288 882 1355 924 se
1398 860 1766 947 permittere
1806 860 1998 946 plebi,
2031 884 2104 927 ac
2147 862 2281 948 pati

166 956 185 987 ‘
208 948 472 1026 habere,
506 948 691 1036 quod
718 950 951 1035 cuique
981 948 1109 1013 fors
1140 946 1290 1012 belli
1323 945 1612 1011 dederit!
1701 945 1884 1011 Haec
1925 948 2120 1013 tutior
2147 950 2280 1017 visa

164 1037 497 1101 sententia
533 1050 651 1112 est,
694 1057 859 1122 quae
894 1058 981 1122 po
1026 1034 1268 1099 ularem
1301 1045 1593 1097 senatum
1630 1032 1882 1098 faceret.
1975 1033 2278 1101 Edictum

162 1121 183 1183 i
298 1145 383 1187 ue
410 1136 537 1199 est,
560 1122 645 1187 ad
668 1121 967 1209 praedam
1050 1120 1347 1197 eientem,
1372 1119 1606 1206 quibus
1622 1120 1964 1197 videretur,
1988 1121 2056 1185 in
2079 1136 2281 1189 castra

160 1209 243 1271 ad
322 1208 667 1274 'ctatorem
696 1208 1261 1297 proficiscerentur.

247 1293 503 1382 Ingens
520 1294 809 1383 profecta
824 1293 1167 1360 multitudo
1188 1292 1458 1379 replevit
1484 1302 1704 1357 castra.
1796 1290 1972 1357 'nnn
1988 1293 2276 1374 dictator,
2400 1306 2504 1368 21.

162 1382 501 1467 auspicato
543 1403 848 1468 egressus,
884 1402 1085 1467 quum
1128 1380 1448 1457 edixisset,
1490 1390 1566 1443 ut
1599 1400 1774 1442 arma
1814 1378 2048 1446 milites
2090 1404 2278 1482 cape-
2297 1387 2534 1464 Veiprpm

164 1482 329 1545 rent,
362 1476 385 1506 ‘
403 1468 569 1533 Tuo
596 1467 835 1544 ductu,’
856 1467 925 1530 in
973 1467 1087 1543 uit,
1122 1474 1142 1504 ‘
1158 1464 1430 1553 Pythice
1466 1464 1720 1551 Apollo,
1741 1479 1814 1529 tu
1901 1488 1982 1530 ue
2010 1489 2276 1535 numme
2293 1455 2554 1503 exmdmm.

166 1552 559 1619 ‘instinctus
584 1577 781 1642 pergo
817 1554 901 1618 ad
928 1490 1267 1617 delendam
1302 1552 1526 1617 urbem
1557 1549 1788 1616 Veios:
1813 1488 2082 1638 οῐῇἰῳιθ
2123 1554 2276 1623 hinc

166 1646 185 1675 ‘
206 1638 539 1705 decimam
556 1656 803 1727 partem
832 1638 1103 1726 praedae
1132 1660 1347 1703 voveo.
1440 1637 1540 1701 Te
1570 1637 1778 1715 simul,
1802 1637 1970 1703 Iuno
2002 1639 2274 1727 Regina,

168 1731 187 1761 ‘
204 1748 373 1811 quae
402 1750 589 1791 nunc
620 1727 821 1793 Veios
848 1726 1021 1802 coIiS,
1052 1746 1293 1812 precor,
1326 1734 1399 1789 ut
1436 1747 1552 1787 nos
1581 1724 1846 1789 victores
1876 1725 1946 1791 in
1974 1740 2274 1806 nostram,

168 1818 187 1847 ‘
204 1826 523 1900 tuamque
570 1835 722 1879 mox
760 1812 1058 1889 suturam,
1104 1812 1325 1875 urbem
1373 1832 1673 1896 sequeret
1736 1812 1846 1876 ubi
1891 1824 1955 1877 te
2007 1812 2276 1901 dignum

170 1904 189 1933 ‘
204 1900 639 1987 amplitudine
672 1912 784 1965 tua
810 1898 1121 1986 templum
1150 1896 1454 2047 accilpiat’
1515 1896 1698 1963 Haec
1727 1912 2036 1985 precatae,
2055 1924 2278 1989 super-

168 1998 315 2049 ante
358 1986 799 2063 multitudine,
829 1986 909 2051 ab
938 1985 1233 2051 omnibus
1294 1984 1425 2049 ocis
1464 1986 1688 2049 urbem
1729 1986 2113 2071 aggreditur,
2145 2012 2276 2076 quo

168 2072 380 2137 minor
397 2074 483 2138 ab
500 2072 800 2139 cuniculo
818 2072 1171 2160 ingruentis
1189 2070 1451 2159 periculi
1471 2093 1692 2137 sensus
1708 2084 1888 2137 esset.
1946 2072 2272 2153 Veientes,

170 2156 375 2306 ’ξηαπ-ἰ
404 2182 477 2225 se
508 2161 637 2225 iam
676 2160 755 2225 ab
784 2159 912 2224 suis
939 2158 1207 2236 vatibus,
1238 2158 1367 2223 iam
1394 2157 1475 2221 ab
1516 2158 1798 2221 externis
1825 2158 2098 2223 oraculis
2129 2183 2276 2247 pro-

216 2244 357 2323 itos‚
389 2247 523 2312 iam
552 2248 623 2312 in
650 2259 895 2333 partem
926 2244 1197 2333 praedae
1237 2266 1387 2307 suae
1417 2255 1670 2309 vocatos
1705 2241 1880 2320 deos,
1910 2244 2082 2323 alios,
2113 2248 2276 2313 votis

173 2352 253 2393 ex
276 2333 437 2399 urbe
480 2356 597 2399 sua
632 2346 942 2409 evocatos,
974 2332 1252 2399 hostium
1292 2330 1531 2416 templa
1559 2351 1876 2415 novasque
1909 2330 2092 2397 sedes
2133 2356 2277 2420 spe-

172 2429 449 2497 ctare‚se
498 2442 581 2485 ue
598 2419 893 2485 ultimum
912 2417 1093 2485 illum
1104 2418 1276 2481 diem
1293 2438 1509 2502 agere3
1549 2415 1711 2479 nihil
1730 2417 1939 2481 minus
1959 2418 2272 2499 timentes,

176 2524 366 2588 quam
386 2530 467 2571 su
510 2506 667 2571 rutis
682 2504 978 2571 cuniculo
996 2503 1329 2569 moenibus
1346 2524 1556 2565 arcem
1575 2501 1700 2565 iam
1723 2500 1978 2588 plenam
1997 2503 2274 2571 hostium

174 2610 327 2668 esse,
360 2592 439 2659 in
472 2614 686 2657 muros
714 2614 829 2679 pro
869 2614 937 2657 se
966 2589 1237 2677 quisque
1267 2588 1489 2653 armati
1527 2588 1926 2664 discurrunt3
1975 2590 2276 2659 mirantes

177 2677 487 2760 quidnam
524 2678 597 2742 id
640 2691 823 2756 esset,
868 2676 1065 2764 quod,
1110 2697 1311 2762 quum
1358 2686 1452 2739 tot
1497 2696 1613 2761 per
1659 2674 1796 2739 dies
1843 2697 2034 2741 nemo
2075 2700 2142 2745 se
2195 2680 2276 2745 ab

178 2764 555 2831 stationibus
604 2764 913 2829 Romanis
972 2762 1285 2839 movisset,
1336 2772 1492 2839 tum,
1545 2760 1720 2825 velut
1771 2762 2108 2849 repentino
2165 2765 2277 2831 icti

178 2846 407 2931 furore,
440 2850 779 2939 improvidi
810 2861 1137 2915 currerent
1162 2848 1244 2913 ad
1282 2870 1512 2913 muros.
1603 2847 1916 2913 Inseritur
1953 2848 2104 2915 huic
2132 2850 2276 2919 loco

180 2932 427 3003 fabulaz
514 2936 885 3004 immolante
958 2958 1107 3036 rege
1175 2933 1569 3012 Veientium,
1637 2958 1858 3000 vocem
1927 2936 2276 3026 haruspicis

140 3019 471 3103 4dieentis,
519 3032 539 3062 ‘
560 3024 675 3111 qui
717 3024 855 3088 eius
895 3022 1137 3089 hostiae
1180 3036 1331 3087 exta
1372 3021 1808 3108 prosecuisset,
1846 3023 1908 3087 ei
1947 3024 2274 3093 victoriam

184 3114 203 3143 ‘
222 3107 400 3189 dari:
422 3111 787 3177 exauditam
817 3110 888 3174 in
917 3108 1229 3186 cunicu10,
1260 3108 1528 3173 movisse
1549 3107 1874 3175 Romanos
1901 3111 2154 3191 milites,
2181 3128 2273 3193 ut,

182 3194 485 3284 adaperto
511 3196 828 3273 cuniculo,
860 3210 1011 3261 exta
1050 3208 1365 3282 raperent,
1397 3208 1465 3259 et
1493 3194 1577 3258 ad
1615 3194 1990 3261 dictatorem
2016 3192 2271 3265 ferrent.

188 3278 313 3347 Sed
354 3285 425 3349 in
470 3284 659 3349 rebus
702 3296 831 3349 tam
876 3281 1173 3368 antiquis,
1214 3282 1289 3358 si,
1320 3302 1485 3367 quae
1530 3279 1762 3345 similia
1801 3282 1934 3347 veri
1978 3283 2124 3362 sint,
2155 3308 2274 3373 pro

126 2230 153 2265 ἰ

130 2293 155 2339 3

251 3519 271 3553 1
306 3510 501 3569 Γηρᾶ-ε
528 3508 767 3555 invidiam
797 3522 860 3555 ea·
884 3520 939 3554 eo
963 3505 1192 3553 crimina-
1258 3502 1297 3551 si
1332 3507 1513 3564 posset,
1534 3500 1670 3551 nemu
1702 3505 2015 3556 aestimarent
2041 3509 2158 3559 deos
2189 3511 2274 3560 ha.-

186 3573 299 3631 que]
348 3571 523 3619 Vitare
546 3571 689 3629 velle,
710 3584 775 3617 ne
796 3584 858 3617 ex
879 3584 937 3617 eo
960 3568 1050 3617 sibi
1072 3566 1193 3615 invi·
1258 3568 1372 3615 bere
1425 3565 1660 3627 captivos.
1751 3568 2055 3621 Numinibus
2106 3580 2273 3625 autem

188 3632 267 3681 dia
285 3635 743 3695 criminationesque
765 3637 1001 3681 creentur.
1035 3632 1193 3680 Casv.
1259 3630 1489 3689 evocatis,
1519 3631 1660 3678 urbes
1691 3632 2028 3695 exercitusque
2058 3636 2274 3689 hostium

256 3714 283 3745 ς
325 3702 393 3749 In
428 3706 623 3762 partem
660 3698 904 3760 praedae]
960 3696 1022 3745 cf.
1060 3694 1195 3757 Vix-g.
1260 3695 1579 3769 dei-evehunt.
1605 3757 1614 3768 ι
1643 3694 1922 3759 Utrumque
1943 3714 2157 3762 carmen,
2172 3702 2275 3755 nivo

190 3760 307 3811 Aen.
322 3764 391 3813 iii.
407 3778 514 3813 απ.
536 3764 609 3811 Ee
620 3764 773 3811 Divos
788 3764 1043 3825 ipsumque
1060 3775 1193 3809 voca-
1259 3759 1519 3807 evocandis
1547 3757 1657 3817 diis,
1685 3759 1787 3809 sive
1818 3762 2114 3815 devovendis
2145 3767 2273 3817 urbi-

188 3838 289 3875 πιω
310 3829 365 3876 in
380 3833 575 3890 partem
590 3828 921 3890 praedamque
942 3826 1119 3874 Iovem.
1259 3824 1352 3871 bus
1393 3821 1784 3885 exercitibusque
1821 3826 2054 3889 hostium,
2089 3830 2274 3881 ibidem

252 3906 280 3953 3
312 3894 451 3940 Alios
471 3888 639 3954 (deos)
662 3892 784 3939 votis
805 3924 819 3938 .
842 3925 854 3938 .
878 3925 892 3939 .
915 3925 929 3938 .
951 3888 1191 3948 matos]
1260 3885 1520 3937 recitatur:
1565 3894 1714 3951 atque
1751 3892 1866 3939 urbs
1904 3891 2020 3941 Veii
2056 3895 2274 3943 nomina-

194 3950 349 4005 Dooet
377 3956 597 4005 Meci-ob.
628 3956 821 4005 saturn.
843 3951 911 4001 iii.
934 3968 981 4017 9.
1010 3966 1196 4001 morem
1259 3948 1351 3999 tim
1385 3951 1479 3999 hoc
1513 3952 1610 4002 ritu
1642 3954 1820 4003 devota
1852 3955 2000 4004 fuisse
2037 3972 2273 4007 memora-

192 4014 523 4069 Romanorum
550 4034 783 4069 arcanum
805 4022 856 4066 et
876 4016 1046 4065 multis
1064 4016 1196 4078 igno-
1261 4020 1354 4065 tur.
1389 4017 1550 4067 Cnev,
1596 4018 1656 4065 cf.
1683 4018 1812 4069 Plin.
1835 4020 1902 4068 H.
1924 4020 1991 4069 N.
2015 4021 2182 4069 xxviii.
2208 4036 2250 4070 α.

194 4084 293 4133 tum
328 4084 493 4143 fixisse,
524 4088 599 4143 ut,
630 4098 783 4145 quum
815 4080 1089 4130 obsiderent
1121 4094 1197 4128 ur-
1328 4097 1357 4142 4
1390 4082 1746 4142 Proteo-uisset]
1807 4082 2066 4146 Proprium
2098 4084 2150 4131 in
2183 4084 2277 4131 hac

192 4144 297 4195 bem
318 4147 551 4207 bostium,
571 4161 781 4208 eamque
806 4146 903 4195 iam
926 4145 1035 4207 cepi
1059 4158 1200 4207 posse
1262 4160 1315 4195 re
1350 4146 1552 4193 verbum
1592 4160 1696 4194 esse
1733 4152 1936 4195 monent
1973 4146 2278 4208 interpretes.

192 4212 503 4272 confiderent,
528 4218 663 4261 certo
694 4210 910 4261 cannino
940 4214 1198 4259 evocarent
1262 4208 1323 4257 ef.
1342 4208 1678 4271 Sueton.Aug.
1693 4223 1734 4257 1.
1759 4209 1884 4259 Inde
1893 4217 2114 4270 praecoca
2132 4209 2280 4261 ovid.

194 4277 419 4327 tutelares
452 4278 602 4325 deos:
650 4276 783 4338 quod
818 4280 907 4323 aut
942 4274 1085 4321 aliter
1120 4288 1195 4321 ur-
1263 4272 1388 4323 Met.
1414 4272 1493 4323 vii.
1515 4284 1622 4335 ²7¹ae
1646 4270 1854 4335 xii.153.
1873 4279 2022 4333 atque
2036 4274 2280 4337 proviciae

196 4336 298 4387 bem
337 4340 447 4402 capi
484 4354 624 4401 posse
657 4354 759 4389 non
792 4338 1061 4397 crederent,
1094 4341 1199 4395 aut,
1264 4336 1458 4387 Rusca.
