3000 4784
500 794 621 954 T..
712 794 1133 894 LIVII
1228 798 1940 899 PATAVIN
1965 802 2018 897 l

812 1060 1333 1145 LIBER
1450 1062 1706 1147 VIII.

306 1567 457 1633 AM
497 1566 785 1633 consules
824 1580 1005 1632 erant
1046 1566 1125 1631 C.
1153 1567 1441 1632 Plautius
1480 1566 1854 1644 secundum,
1887 1566 1963 1632 L.
1988 1566 2306 1634 Aemilius
2325 1587 2391 1637 U.
2416 1588 2474 1638 c.
2499 1604 2611 1651 414.

350 1653 818 1729 Mamercinus3
852 1674 1052 1741 quum
1086 1652 1291 1716 Setini
1322 1650 1740 1753 Norbanique
1767 1652 2061 1731 Romam,
2093 1655 2303 1719 nuntii
2321 1652 2382 1701 A.
2417 1653 2476 1701 C·
2501 1654 2612 1729 3328·

194 1740 579 1804 defectionis
608 1739 1093 1815 Privernatium,
1131 1760 1279 1803 cum
1308 1739 1724 1825 querimoniis
1767 1761 1913 1804 acce
1961 1752 2064 1805 tae
2107 1741 2304 1805 cladis
2320 1716 2600 1830 fiijlffffi‘]

196 1838 537 1890 venerunt.
628 1824 1005 1890 Volscorum
1051 1824 1207 1889 item
1254 1825 1627 1904 exercitum,
1676 1825 1840 1890 duce
1957 1827 2142 1891 ntiati
2187 1850 2302 1914 po·
2318 1842 2456 1891 milio
2473 1844 2610 1894 Coss.

242 1910 377 1989 ulo,
410 1911 765 1975 consedisse
794 1909 877 1975 ad
909 1909 1243 1987 Satricum,
1275 1910 1535 1975 allatum
1565 1922 1678 1977 est.
1773 1912 2138 1999 Utrumque
2167 1912 2303 1979 bel-

221 2020 337 2061 um
366 1996 621 2062 Plautio
666 2002 843 2061 sorte'
874 1996 1104 2061 evenit.
1196 1996 1384 2060 Prius
1430 1996 1514 2060 ad
1557 1998 1937 2063 Privernum
1979 1999 2300 2085 profectus
2320 2020 2456 2071 vieti
2478 2022 2584 2072 Pri.

198 2082 531 2169 extemplo
576 2083 709 2147 acie
756 2082 1059 2147 conflixit.
1153 2079 1353 2145 Haud
1395 2104 1628 2167 magno
1671 2083 2016 2147 certamine
2063 2084 2300 2149 devicti
2317 2090 2552 2137 verantes.

196 2168 449 2234 hostes:
490 2168 795 2255 oppidum
825 2179 1083 2255 captum
1111 2166 1562 2253 redditumque
1594 2167 2086 2245 Privernatibus,
2161 2191 2302 2233 rae-

148 2286 171 2319 1
198 2254 364 2319 sidio
407 2254 617 2319 valido
659 2254 996 2341 imposito:
1045 2252 1179 2339 agri
1224 2265 1433 2339 partes
1476 2251 1642 2316 duae
1691 2252 1876 2316 adem
1923 2264 2043 2317 tae.
2117 2191 2300 2318 Ilude

196 2342 405 2405 victor
460 2340 775 2405 exercitus
836 2338 1151 2405 Satricum
1209 2350 1431 2403 contra
1488 2337 1787 2403 Antiates
1891 2349 2089 2403 uetus.
2198 2338 2299 2405 Ibi
2316 2350 2448 2401 Cum
2466 2352 2587 2401 Vol·-

160 2474 171 2482 -
199 2449 435 2513 magna
461 2426 785 2513 utrimque
814 2424 1009 2489 caede
1046 2436 1227 2487 atrox
1262 2424 1576 2512 proelium
1605 2424 1766 2487 fuit:
1815 2436 1882 2488 et
1910 2447 2110 2511 quum
2139 2438 2299 2490 tem·
2316 2415 2412 2465 ³⁰⁵³
2431 2415 2582 2465 dubio

199 2528 410 2599 pestas
439 2534 566 2587 eos,
596 2524 827 2576 neutro
854 2510 1159 2575 inclinata
1192 2532 1324 2597 spe,
1355 2509 1730 2575 dimicantes
1758 2508 2132 2587 diremisset,
2165 2510 2302 2576 Ro·
2315 2479 2626 2591 gaug-pug-

201 2598 397 2675 mani,
426 2596 589 2663 nihil
632 2620 711 2661 eo
754 2596 1097 2661 certamine
1143 2608 1273 2659 tam
1317 2596 1619 2683 ambiguo
1659 2595 1826 2671 fessi,
1863 2595 1932 2659 in
1975 2606 2301 2682 posterum

201 2684 375 2749 diem
413 2682 727 2771 proelium
768 2694 1011 2771 parant.
1102 2680 1372 2759 Volscis,
1418 2681 1894 2746 recensentibus
1937 2704 2097 2769 quos
2135 2682 2300 2747 viros

202 2772 271 2834 in
295 2771 427 2835 acie
451 2769 822 2846 amisissent,
846 2768 1341 2855 haudquaquam
1366 2766 1540 2831 idem
1563 2768 1811 2831 animus
1833 2767 1916 2831 ad
1938 2767 2299 2833 iterandum

202 2854 555 2943 periculum
582 2854 721 2919 fuit.
812 2854 1025 2919 Nocte
1056 2876 1177 2953 pro
1206 2853 1387 2919 victis
1416 2852 1691 2918 Antium
1733 2854 1986 2940 agmine
2026 2853 2296 2940 trepido,

203 2942 429 3006 sauciis
480 2964 553 3005 ac
602 2952 782 3027 parte
833 2938 1437 3027 impedimentorum
1482 2939 1720 3017 relicta,
1770 2940 2079 3005 abierunt.
2171 2939 2299 3005 Ar·

202 3049 452 3092 morum
482 3049 710 3113 magna
735 3027 832 3091 vis
860 3038 999 3090 tum
1029 3025 1196 3088 inter
1230 3047 1411 3089 caesa
1439 3048 1516 3091 co
1633 3048 1705 3089 ra
1729 3024 2028 3101 hostium,
2060 3036 2199 3089 tum
2227 3026 2298 3089 in

156 3145 186 3179 α
206 3113 417 3178 castris
440 3113 699 3177 inventa
726 3122 839 3176 est.
933 3119 955 3149 ‘
972 3110 1071 3175 Ea
1100 3110 1278 3175 Luae
1309 3112 1495 3176 matri
1641 3134 1678 3175 e
1707 3111 1817 3186 se,’
1837 3110 2059 3174 consul
2087 3110 2292 3176 dixit:
2315 3124 2427 3173 Lua
2445 3129 2617 3175 mater.

204 3200 489 3286 finesque
547 3198 824 3263 hostium
882 3219 1086 3283 usque
1146 3195 1229 3259 ad
1285 3218 1462 3259 oram
1521 3195 1901 3259 maritimam
1951 3207 2050 3258 est
2097 3195 2296 3281 depo-

205 3285 470 3372 pulatus.

162 3398 192 3446 3
292 3370 499 3435 Alteri
544 3368 789 3435 consuli
834 3366 1135 3444 Aemilio,
1180 3368 1460 3453 ingresso
1513 3362 1835 3429 Sabellum
1881 3385 2124 3451 agrum,
2161 3387 2294 3430 non

208 3468 402 3521 castra
434 3455 837 3533 Samnitium,
866 3476 999 3518 non
1038 3452 1322 3539 legiones
1359 3471 1630 3537 usquam
1665 3449 2008 3537 oppositae.
2101 3450 2294 3515 Ferro

276 3699 295 3732 1
329 3684 457 3745 Auri
476 3690 647 3745 partes
667 3682 821 3741 duae]
876 3680 1021 3729 Duae
1041 3678 1215 3727 tertiae
1278 3677 1347 3727 lia
1378 3676 1594 3726 hostium
1628 3675 1779 3725 dicari
1811 3676 2034 3725 solebant
2067 3683 2124 3727 ut
2145 3678 2297 3729 Marti

212 3752 381 3809 partes,
402 3760 607 3808 quarum
641 3760 741 3793 una
774 3742 1029 3800 Romanis,
1060 3744 1217 3790 altera
1280 3748 1329 3789 et
1349 3740 1603 3790 Minervae
1623 3757 1635 3789 :
1672 3741 1736 3789 de
1757 3756 1853 3803 quo
1875 3756 2010 3790 more
2031 3756 2168 3791 arma
2187 3744 2297 3797 hos-

214 3810 395 3859 Latinis
414 3824 475 3857 ex
496 3809 693 3857 foedere
715 3807 1073 3856 concederetur.
1277 3805 1405 3853 tium
1447 3804 1807 3864 concremandi,
1837 3804 1898 3854 cf.
1931 3805 2198 3870 Schweigh.
2231 3810 2296 3856 ad

274 3890 300 3923 2
332 3875 471 3922 Luae
488 3874 663 3931 matri]
712 3872 824 3920 Lua
843 3875 1002 3918 mater
1020 3868 1217 3919 Saturni
1281 3868 1495 3931 Appian.
1521 3869 1651 3918 Pun.
1672 3869 1752 3929 48.
1787 3868 1919 3917 Rus.

215 3938 327 3996 filia,
357 3938 417 3985 A.
448 3936 582 3986 Gen.
613 3936 718 3984 xiii.
754 3950 829 3983 αα.
898 3934 979 3982 Sic
1017 3933 1150 3979 dicta
1186 3948 1219 3981 a
1356 3947 1385 3995 3
1423 3934 1668 3983 Sabellum
1710 3934 1911 3995 ayt-um]
1973 3934 2294 3983 Samniticum

216 4003 358 4059 luere,
379 4016 443 4047 sc.
466 3999 683 4060 expiare,
706 3999 784 4047 vel
807 3997 990 4055 Diana,
1022 3995 1063 4043 si
1096 3994 1219 4043 fides
1282 4012 1466 4060 agrum.
1541 3996 1801 4055 Samnites,
1837 3996 1936 4044 alio
1972 3997 2172 4045 nomine
2207 4000 2296 4045 Sa-

218 4064 431 4111 habenda
456 4062 689 4111 Diomedi
720 4062 786 4109 iii.
811 4078 859 4123 p.
883 4060 994 4121 484.
1017 4060 1091 4117 de,
1103 4059 1218 4121 orig.
1284 4062 1427 4109 bellae
1448 4059 1605 4107 dictos
1626 4075 1728 4109 esse
1749 4060 1887 4107 testis
1907 4064 1981 4107 est
2002 4059 2214 4108 Plin.H.
2227 4060 2296 4107 N.

220 4126 383 4176 Bucol.
446 4128 669 4175 Dianam
695 4124 823 4181 Δίνην
850 4122 1219 4185 cognominave-
1284 4122 1351 4173 iii.
1396 4138 1468 4172 12.
1514 4122 1630 4184 quia
1669 4136 1850 4183 nempe
1892 4138 1925 4170 a
1967 4123 2163 4170 Sabinis
2204 4124 2299 4171 ortt·

217 4195 339 4248 runt,
372 4191 513 4253 quasi
548 4191 823 4239 aduertam
852 4189 1093 4236 asatorum
1130 4184 1221 4235 etsi
1284 4191 1441 4245 erant,
1477 4190 1536 4233 ut
1572 4190 1812 4235 memorat
1851 4184 2010 4233 Varro
2047 4185 2110 4233 de
2145 4184 2204 4235 L.
2239 4183 2298 4233 L.

220 4252 407 4315 quidam
440 4254 637 4301 Lunam
670 4266 809 4301 cortu
868 4266 897 4299 ο
929 4253 1089 4299 Luam
1131 4264 1221 4311 pu·
1284 4249 1350 4298 νί.
1377 4263 1421 4310 3.
1454 4250 1638 4298 cuv(

221 4322 321 4363 tant
341 4314 537 4364 dictam.
571 4316 635 4365 cf.
650 4315 758 4366 infr.
774 4330 807 4363 x
830 4330 872 4362 v.
894 4327 971 4375 33.
1030 4310 1091 4359 Ei
1114 4324 1221 4374 spo-

300 4380 441 4440 vo‘n.
476 4397 519 4441 1.
1842 4393 1886 4436 e
1913 4398 1957 4460 g
