<?xml version="1.0" encoding="UTF-8"?>
<!DOCTYPE html PUBLIC "-//W3C//DTD XHTML 1.0 Transitional//EN"
    "http://www.w3.org/TR/xhtml1/DTD/xhtml1-transitional.dtd">
<html xmlns="http://www.w3.org/1999/xhtml" xml:lang="en" lang="en">
 <head>
  <title>
</title>
<meta http-equiv="Content-Type" content="text/html;charset=utf-8" />
  <meta name='ocr-system' content='tesseract 3.04.00' />
  <meta name='ocr-capabilities' content='ocr_page ocr_carea ocr_par ocr_line ocrx_word'/>
</head>
<body>
  <div class='ocr_page' id='page_1' title='image "./tliviipatavinih10unkngoog_0450.png"; bbox 0 0 3000 4784; ppageno 0'>
   <div class='ocr_carea' id='block_1_1' title="bbox 655 217 1996 289">
    <p class='ocr_par' dir='ltr' id='par_1_1' title="bbox 655 217 1996 289">
     <span class='ocr_line' id='line_1_1' title="bbox 655 217 1996 289; baseline -0.003 0"><span class='ocrx_word' id='word_1_1' title='bbox 655 226 785 289; x_wconf 82' lang='lat'><strong>436</strong></span> <span class='ocrx_word' id='word_1_2' title='bbox 1437 217 1665 286; x_wconf 90' lang='grc' dir='ltr'><strong>ΤῙΤῙ</strong></span> <span class='ocrx_word' id='word_1_3' title='bbox 1720 217 1996 289; x_wconf 88' lang='lat' dir='ltr'><strong>LIVII</strong></span> 
     </span>
    </p>
   </div>
   <div class='ocr_carea' id='block_1_2' title="bbox 331 352 2791 1392">
    <p class='ocr_par' dir='ltr' id='par_1_2' title="bbox 331 352 2791 1232">
     <span class='ocr_line' id='line_1_2' title="bbox 335 352 2781 445; baseline -0.004 -19"><span class='ocrx_word' id='word_1_4' title='bbox 335 364 405 417; x_wconf 82' lang='lat' dir='ltr'><strong>U·</strong></span> <span class='ocrx_word' id='word_1_5' title='bbox 427 364 491 416; x_wconf 81' lang='lat' dir='ltr'><strong>G·</strong></span> <span class='ocrx_word' id='word_1_6' title='bbox 511 378 624 426; x_wconf 75' lang='lat'><strong>4¹2.</strong></span> <span class='ocrx_word' id='word_1_7' title='bbox 661 356 991 445; x_wconf 83' lang='lat' dir='ltr'><strong>apparuit3</strong></span> <span class='ocrx_word' id='word_1_8' title='bbox 1067 366 1208 419; x_wconf 90' lang='lat' dir='ltr'><strong>tum</strong></span> <span class='ocrx_word' id='word_1_9' title='bbox 1263 354 1429 441; x_wconf 84' lang='lat' dir='ltr'><strong>capi,</strong></span> <span class='ocrx_word' id='word_1_10' title='bbox 1487 354 1695 419; x_wconf 88' lang='lat' dir='ltr'><strong>occidi</strong></span> <span class='ocrx_word' id='word_1_11' title='bbox 1760 353 2049 420; x_wconf 82' lang='lat' dir='ltr'><strong>Samnis:</strong></span> <span class='ocrx_word' id='word_1_12' title='bbox 2124 375 2249 419; x_wconf 89' lang='lat' dir='ltr'><strong>nec</strong></span> <span class='ocrx_word' id='word_1_13' title='bbox 2308 352 2781 442; x_wconf 66' lang='lat' dir='ltr'><strong>superfuiaeent</strong></span> 
     </span>
     <span class='ocr_line' id='line_1_3' title="bbox 333 429 2781 541; baseline -0.002 -32"><span class='ocrx_word' id='word_1_14' title='bbox 333 429 624 541; x_wconf 38' lang='lat' dir='ltr'><strong>{gnffiffi</strong></span> <span class='ocrx_word' id='word_1_15' title='bbox 661 443 868 521; x_wconf 88' lang='lat' dir='ltr'><strong>multi,</strong></span> <span class='ocrx_word' id='word_1_16' title='bbox 897 443 968 507; x_wconf 90' lang='lat' dir='ltr'><strong>ni</strong></span> <span class='ocrx_word' id='word_1_17' title='bbox 1007 464 1138 507; x_wconf 86' lang='lat' dir='ltr'><strong>nox</strong></span> <span class='ocrx_word' id='word_1_18' title='bbox 1165 441 1494 506; x_wconf 84' lang='lat' dir='ltr'><strong>victoriam</strong></span> <span class='ocrx_word' id='word_1_19' title='bbox 1534 441 1754 527; x_wconf 85' lang='lat' dir='ltr'><strong>magis,</strong></span> <span class='ocrx_word' id='word_1_20' title='bbox 1784 463 1979 528; x_wconf 88' lang='lat' dir='ltr'><strong>quam</strong></span> <span class='ocrx_word' id='word_1_21' title='bbox 2022 440 2357 528; x_wconf 84' lang='lat' dir='ltr'><strong>proelium,</strong></span> <span class='ocrx_word' id='word_1_22' title='bbox 2386 440 2781 505; x_wconf 70' lang='lat' dir='ltr'><strong>diremioeet.</strong></span> 
     </span>
     <span class='ocr_line' id='line_1_4' title="bbox 333 526 2785 613; baseline -0.001 -18"><span class='ocrx_word' id='word_1_23' title='bbox 333 556 580 607; x_wconf 71' lang='lat' dir='ltr'><strong>Samnite·</strong></span> <span class='ocrx_word' id='word_1_24' title='bbox 593 556 646 605; x_wconf 86' lang='lat' dir='ltr'><strong>in</strong></span> <span class='ocrx_word' id='word_1_25' title='bbox 665 529 754 595; x_wconf 92' lang='lat' dir='ltr'><strong>Et</strong></span> <span class='ocrx_word' id='word_1_26' title='bbox 796 528 1078 594; x_wconf 86' lang='lat' dir='ltr'><strong>Romani</strong></span> <span class='ocrx_word' id='word_1_27' title='bbox 1115 528 1496 605; x_wconf 76' lang='lat' dir='ltr'><strong>fatebantur,</strong></span> <span class='ocrx_word' id='word_1_28' title='bbox 1542 548 1873 613; x_wconf 86' lang='lat' dir='ltr'><strong>nunquam</strong></span> <span class='ocrx_word' id='word_1_29' title='bbox 1918 548 2069 591; x_wconf 92' lang='lat' dir='ltr'><strong>cum</strong></span> <span class='ocrx_word' id='word_1_30' title='bbox 2112 527 2541 613; x_wconf 80' lang='lat' dir='ltr'><strong>pertinaciore</strong></span> <span class='ocrx_word' id='word_1_31' title='bbox 2584 526 2785 592; x_wconf 82' lang='lat' dir='ltr'><strong>hoste</strong></span> 
     </span>
     <span class='ocr_line' id='line_1_5' title="bbox 331 613 2787 700; baseline -0.003 -15"><span class='ocrx_word' id='word_1_32' title='bbox 331 620 624 685; x_wconf 70' lang='lat' dir='ltr'><strong>Campania.</strong></span> <span class='ocrx_word' id='word_1_33' title='bbox 660 616 1066 683; x_wconf 70' lang='lat' dir='ltr'><strong>conflictumz</strong></span> <span class='ocrx_word' id='word_1_34' title='bbox 1113 627 1181 679; x_wconf 92' lang='lat' dir='ltr'><strong>et</strong></span> <span class='ocrx_word' id='word_1_35' title='bbox 1219 613 1555 691; x_wconf 88' lang='lat' dir='ltr'><strong>Samnites,</strong></span> <span class='ocrx_word' id='word_1_36' title='bbox 1591 635 1791 700; x_wconf 90' lang='lat' dir='ltr'><strong>quum</strong></span> <span class='ocrx_word' id='word_1_37' title='bbox 1823 626 2252 699; x_wconf 82' lang='lat' dir='ltr'><strong>quaereretur,</strong></span> <span class='ocrx_word' id='word_1_38' title='bbox 2282 634 2607 700; x_wconf 85' lang='lat' dir='ltr'><strong>quaenam</strong></span> <span class='ocrx_word' id='word_1_39' title='bbox 2640 614 2787 700; x_wconf 85' lang='lat' dir='ltr'><strong>pri-</strong></span> 
     </span>
     <span class='ocr_line' id='line_1_6' title="bbox 661 698 2785 787; baseline -0.001 -20"><span class='ocrx_word' id='word_1_40' title='bbox 661 725 767 767; x_wconf 86' lang='lat' dir='ltr'><strong>ma</strong></span> <span class='ocrx_word' id='word_1_41' title='bbox 805 724 996 767; x_wconf 77' lang='lat' dir='ltr'><strong>eausa</strong></span> <span class='ocrx_word' id='word_1_42' title='bbox 1031 714 1164 765; x_wconf 90' lang='lat' dir='ltr'><strong>tam</strong></span> <span class='ocrx_word' id='word_1_43' title='bbox 1205 700 1554 765; x_wconf 83' lang='lat' dir='ltr'><strong>obstinatos</strong></span> <span class='ocrx_word' id='word_1_44' title='bbox 1592 700 1889 765; x_wconf 76' lang='lat' dir='ltr'><strong>movisset</strong></span> <span class='ocrx_word' id='word_1_45' title='bbox 1928 700 1998 764; x_wconf 90' lang='lat' dir='ltr'><strong>in</strong></span> <span class='ocrx_word' id='word_1_46' title='bbox 2030 700 2247 787; x_wconf 78' lang='lat' dir='ltr'><strong>fugam</strong></span> <span class='ocrx_word' id='word_1_47' title='bbox 2266 702 2297 763; x_wconf 75' lang='grc' dir='ltr'><strong>Ρ</strong></span> <span class='ocrx_word' id='word_1_48' title='bbox 2343 708 2364 738; x_wconf 89' lang='lat'>‘</span> <span class='ocrx_word' id='word_1_49' title='bbox 2384 698 2611 765; x_wconf 87' lang='lat' dir='ltr'><strong>oculos</strong></span> <span class='ocrx_word' id='word_1_50' title='bbox 2652 700 2785 765; x_wconf 80' lang='lat' dir='ltr'><strong>sibi</strong></span> 
     </span>
     <span class='ocr_line' id='line_1_7' title="bbox 663 786 2787 874; baseline -0.001 -20"><span class='ocrx_word' id='word_1_51' title='bbox 663 796 684 828; x_wconf 91' lang='lat'>‘</span> <span class='ocrx_word' id='word_1_52' title='bbox 708 789 1147 854; x_wconf 88' lang='lat' dir='ltr'><strong>Romanorum</strong></span> <span class='ocrx_word' id='word_1_53' title='bbox 1186 786 1406 851; x_wconf 89' lang='lat' dir='ltr'><strong>ardere</strong></span> <span class='ocrx_word' id='word_1_54' title='bbox 1435 786 1641 863; x_wconf 79' lang='lat' dir='ltr'><strong>visos,’</strong></span> <span class='ocrx_word' id='word_1_55' title='bbox 1670 786 1943 865; x_wconf 79' lang='lat' dir='ltr'><strong>aiebant,</strong></span> <span class='ocrx_word' id='word_1_56' title='bbox 1992 794 2012 824; x_wconf 95' lang='lat'>‘</span> <span class='ocrx_word' id='word_1_57' title='bbox 2030 808 2425 874; x_wconf 85' lang='lat' dir='ltr'><strong>vesanosque</strong></span> <span class='ocrx_word' id='word_1_58' title='bbox 2455 786 2679 851; x_wconf 81' lang='lat' dir='ltr'><strong>vultus</strong></span> <span class='ocrx_word' id='word_1_59' title='bbox 2716 799 2787 851; x_wconf 88' lang='lat' dir='ltr'><strong>et</strong></span> 
     </span>
     <span class='ocr_line' id='line_1_8' title="bbox 663 871 2789 960; baseline -0.001 -20"><span class='ocrx_word' id='word_1_60' title='bbox 663 884 684 915; x_wconf 78' lang='lat'><strong><em>⁶</em></strong></span> <span class='ocrx_word' id='word_1_61' title='bbox 705 874 984 941; x_wconf 82' lang='lat' dir='ltr'><strong>furentia</strong></span> <span class='ocrx_word' id='word_1_62' title='bbox 1023 896 1171 939; x_wconf 83' lang='lat' dir='ltr'><strong>ora:</strong></span> <span class='ocrx_word' id='word_1_63' title='bbox 1225 873 1378 939; x_wconf 89' lang='lat' dir='ltr'><strong>inde</strong></span> <span class='ocrx_word' id='word_1_64' title='bbox 1430 872 1596 960; x_wconf 82' lang='lat' dir='ltr'><strong>plus,</strong></span> <span class='ocrx_word' id='word_1_65' title='bbox 1640 894 1837 959; x_wconf 88' lang='lat' dir='ltr'><strong>quam</strong></span> <span class='ocrx_word' id='word_1_66' title='bbox 1886 895 1969 937; x_wconf 88' lang='lat' dir='ltr'><strong>ex</strong></span> <span class='ocrx_word' id='word_1_67' title='bbox 2020 871 2149 940; x_wconf 82' lang='lat' dir='ltr'><strong>alia</strong></span> <span class='ocrx_word' id='word_1_68' title='bbox 2194 871 2327 937; x_wconf 87' lang='lat' dir='ltr'><strong>ulla</strong></span> <span class='ocrx_word' id='word_1_69' title='bbox 2374 894 2467 949; x_wconf 89' lang='lat' dir='ltr'><strong>re,</strong></span> <span class='ocrx_word' id='word_1_70' title='bbox 2514 872 2789 939; x_wconf 80' lang='lat' dir='ltr'><strong>terroris</strong></span> 
     </span>
     <span class='ocr_line' id='line_1_9' title="bbox 665 958 2791 1046; baseline -0.002 -18"><span class='ocrx_word' id='word_1_71' title='bbox 665 970 686 1001; x_wconf 78' lang='lat'><strong><em>⁶</em></strong></span> <span class='ocrx_word' id='word_1_72' title='bbox 705 962 958 1028; x_wconf 86' lang='lat' dir='ltr'><strong>ortum.’</strong></span> <span class='ocrx_word' id='word_1_73' title='bbox 1050 960 1266 1036; x_wconf 82' lang='lat' dir='ltr'><strong>Quem</strong></span> <span class='ocrx_word' id='word_1_74' title='bbox 1307 972 1613 1025; x_wconf 90' lang='lat' dir='ltr'><strong>terrorem</strong></span> <span class='ocrx_word' id='word_1_75' title='bbox 1650 982 1781 1023; x_wconf 91' lang='lat' dir='ltr'><strong>non</strong></span> <span class='ocrx_word' id='word_1_76' title='bbox 1820 981 2075 1046; x_wconf 80' lang='lat' dir='ltr'><strong>pugnae</strong></span> <span class='ocrx_word' id='word_1_77' title='bbox 2118 959 2325 1023; x_wconf 89' lang='lat' dir='ltr'><strong>solum</strong></span> <span class='ocrx_word' id='word_1_78' title='bbox 2364 972 2630 1037; x_wconf 84' lang='lat' dir='ltr'><strong>eventu,</strong></span> <span class='ocrx_word' id='word_1_79' title='bbox 2660 958 2791 1023; x_wconf 79' lang='lat' dir='ltr'><strong>sed</strong></span> 
     </span>
     <span class='ocr_line' id='line_1_10' title="bbox 663 1044 2789 1135; baseline -0.002 -22"><span class='ocrx_word' id='word_1_80' title='bbox 663 1061 979 1115; x_wconf 88' lang='lat' dir='ltr'><strong>nocturna</strong></span> <span class='ocrx_word' id='word_1_81' title='bbox 1026 1046 1438 1135; x_wconf 87' lang='lat' dir='ltr'><strong>profectione,</strong></span> <span class='ocrx_word' id='word_1_82' title='bbox 1491 1046 1764 1111; x_wconf 80' lang='lat' dir='ltr'><strong>confessi</strong></span> <span class='ocrx_word' id='word_1_83' title='bbox 1812 1058 1979 1110; x_wconf 87' lang='lat' dir='ltr'><strong>sunt.</strong></span> <span class='ocrx_word' id='word_1_84' title='bbox 2077 1045 2343 1111; x_wconf 79' lang='lat' dir='ltr'><strong>Postero</strong></span> <span class='ocrx_word' id='word_1_85' title='bbox 2394 1044 2505 1109; x_wconf 86' lang='lat' dir='ltr'><strong>die</strong></span> <span class='ocrx_word' id='word_1_86' title='bbox 2559 1046 2789 1111; x_wconf 84' lang='lat' dir='ltr'><strong>vacuis</strong></span> 
     </span>
     <span class='ocr_line' id='line_1_11' title="bbox 664 1130 2791 1232; baseline -0.001 -32"><span class='ocrx_word' id='word_1_87' title='bbox 664 1135 944 1200; x_wconf 83' lang='lat' dir='ltr'><strong>hostium</strong></span> <span class='ocrx_word' id='word_1_88' title='bbox 991 1134 1207 1199; x_wconf 81' lang='lat' dir='ltr'><strong>eastris</strong></span> <span class='ocrx_word' id='word_1_89' title='bbox 1247 1132 1579 1198; x_wconf 88' lang='lat' dir='ltr'><strong>Romanus</strong></span> <span class='ocrx_word' id='word_1_90' title='bbox 1622 1131 1902 1220; x_wconf 82' lang='lat' dir='ltr'><strong>potitur:</strong></span> <span class='ocrx_word' id='word_1_91' title='bbox 1951 1154 2081 1232; x_wconf 84' lang='lat' dir='ltr'><strong>quo</strong></span> <span class='ocrx_word' id='word_1_92' title='bbox 2127 1154 2195 1196; x_wconf 87' lang='lat' dir='ltr'><strong>se</strong></span> <span class='ocrx_word' id='word_1_93' title='bbox 2242 1132 2452 1196; x_wconf 85' lang='lat' dir='ltr'><strong>omnis</strong></span> <span class='ocrx_word' id='word_1_94' title='bbox 2492 1130 2791 1219; x_wconf 76' lang='lat' dir='ltr'><strong>Campa-</strong></span> 
     </span>
    </p>

    <p class='ocr_par' dir='ltr' id='par_1_3' title="bbox 445 1218 2791 1392">
     <span class='ocr_line' id='line_1_12' title="bbox 663 1218 2033 1307; baseline -0.002 -20"><span class='ocrx_word' id='word_1_95' title='bbox 663 1244 895 1287; x_wconf 88' lang='lat' dir='ltr'><strong>norum</strong></span> <span class='ocrx_word' id='word_1_96' title='bbox 925 1220 1270 1285; x_wconf 87' lang='lat' dir='ltr'><strong>multitudo</strong></span> <span class='ocrx_word' id='word_1_97' title='bbox 1295 1218 1763 1307; x_wconf 82' lang='lat' dir='ltr'><strong>gratulabunda</strong></span> <span class='ocrx_word' id='word_1_98' title='bbox 1788 1218 2033 1284; x_wconf 74' lang='lat' dir='ltr'><strong>effudit.</strong></span> 
     </span>
     <span class='ocr_line' id='line_1_13' title="bbox 445 1303 2791 1392; baseline -0.002 -18"><span class='ocrx_word' id='word_1_99' title='bbox 445 1320 530 1381; x_wconf 84' lang='lat'><strong>34</strong></span> <span class='ocrx_word' id='word_1_100' title='bbox 756 1306 1064 1373; x_wconf 77' lang='lat' dir='ltr'><strong>Ceterum</strong></span> <span class='ocrx_word' id='word_1_101' title='bbox 1109 1306 1232 1372; x_wconf 88' lang='lat' dir='ltr'><strong>hoc</strong></span> <span class='ocrx_word' id='word_1_102' title='bbox 1277 1305 1583 1392; x_wconf 82' lang='lat' dir='ltr'><strong>gaudium</strong></span> <span class='ocrx_word' id='word_1_103' title='bbox 1634 1327 1699 1368; x_wconf 91' lang='lat' dir='ltr'><strong>m</strong></span> <span class='ocrx_word' id='word_1_104' title='bbox 1826 1328 1866 1369; x_wconf 91' lang='lat' dir='ltr'><strong>a</strong></span> <span class='ocrx_word' id='word_1_105' title='bbox 1910 1327 2107 1391; x_wconf 89' lang='lat' dir='ltr'><strong>prope</strong></span> <span class='ocrx_word' id='word_1_106' title='bbox 2154 1304 2333 1370; x_wconf 87' lang='lat' dir='ltr'><strong>clade</strong></span> <span class='ocrx_word' id='word_1_107' title='bbox 2384 1303 2459 1369; x_wconf 90' lang='lat' dir='ltr'><strong>in</strong></span> <span class='ocrx_word' id='word_1_108' title='bbox 2510 1304 2791 1370; x_wconf 84' lang='lat' dir='ltr'><strong>Samnio</strong></span> 
     </span>
    </p>
   </div>
   <div class='ocr_carea' id='block_1_3' title="bbox 335 1390 2791 1478">
    <p class='ocr_par' dir='ltr' id='par_1_4' title="bbox 335 1362 2791 1478">
     <span class='ocr_line' id='line_1_14' title="bbox 335 1390 2791 1478; baseline -0.001 -19"><span class='ocrx_word' id='word_1_109' title='bbox 335 1402 557 1453; x_wconf 77' lang='lat' dir='ltr'><strong>Cornelii</strong></span> <span class='ocrx_word' id='word_1_110' title='bbox 663 1394 988 1460; x_wconf 86' lang='lat' dir='ltr'><strong>foedatum</strong></span> <span class='ocrx_word' id='word_1_111' title='bbox 1017 1407 1132 1459; x_wconf 87' lang='lat' dir='ltr'><strong>est.</strong></span> <span class='ocrx_word' id='word_1_112' title='bbox 1209 1392 1380 1456; x_wconf 88' lang='lat' dir='ltr'><strong>Nam</strong></span> <span class='ocrx_word' id='word_1_113' title='bbox 1409 1392 1490 1457; x_wconf 85' lang='lat' dir='ltr'><strong>ab</strong></span> <span class='ocrx_word' id='word_1_114' title='bbox 1524 1391 1695 1457; x_wconf 84' lang='lat' dir='ltr'><strong>Satio</strong></span> <span class='ocrx_word' id='word_1_115' title='bbox 1830 1391 2149 1478; x_wconf 85' lang='lat' dir='ltr'><strong>profectus</strong></span> <span class='ocrx_word' id='word_1_116' title='bbox 2174 1390 2521 1457; x_wconf 86' lang='lat' dir='ltr'><strong>Cornelius</strong></span> <span class='ocrx_word' id='word_1_117' title='bbox 2550 1390 2791 1457; x_wconf 74' lang='lat' dir='ltr'><strong>consul</strong></span> 
     </span>
    </p>
   </div>
   <div class='ocr_carea' id='block_1_4' title="bbox 335 1465 2833 1565">
    <p class='ocr_par' dir='ltr' id='par_1_5' title="bbox 335 1465 2833 1565">
     <span class='ocr_line' id='line_1_15' title="bbox 335 1465 2833 1565; baseline 0.002 -22"><span class='ocrx_word' id='word_1_118' title='bbox 335 1466 550 1517; x_wconf 64' lang='lat' dir='ltr'><strong>consulis</strong></span> <span class='ocrx_word' id='word_1_119' title='bbox 569 1465 620 1515; x_wconf 66' lang='lat'><strong>³¹¹</strong></span> <span class='ocrx_word' id='word_1_120' title='bbox 663 1482 1020 1547; x_wconf 86' lang='lat' dir='ltr'><strong>exercitum</strong></span> <span class='ocrx_word' id='word_1_121' title='bbox 1057 1480 1312 1545; x_wconf 82' lang='lat' dir='ltr'><strong>incaute</strong></span> <span class='ocrx_word' id='word_1_122' title='bbox 1351 1477 1421 1541; x_wconf 90' lang='lat' dir='ltr'><strong>in</strong></span> <span class='ocrx_word' id='word_1_123' title='bbox 1465 1477 1716 1556; x_wconf 83' lang='lat' dir='ltr'><strong>saltum,</strong></span> <span class='ocrx_word' id='word_1_124' title='bbox 1746 1500 1901 1543; x_wconf 89' lang='lat' dir='ltr'><strong>cava</strong></span> <span class='ocrx_word' id='word_1_125' title='bbox 1925 1477 2089 1543; x_wconf 81' lang='lat' dir='ltr'><strong>valle</strong></span> <span class='ocrx_word' id='word_1_126' title='bbox 2130 1477 2443 1564; x_wconf 87' lang='lat' dir='ltr'><strong>pervium,</strong></span> <span class='ocrx_word' id='word_1_127' title='bbox 2474 1478 2789 1565; x_wconf 68' lang='lat' dir='ltr'><strong>circaque</strong></span> <span class='ocrx_word' id='word_1_128' title='bbox 2806 1496 2833 1546; x_wconf 78' lang='lat'>5</span> 
     </span>
    </p>
   </div>
   <div class='ocr_carea' id='block_1_5' title="bbox 336 1531 2791 1651">
    <p class='ocr_par' dir='ltr' id='par_1_6' title="bbox 336 1531 2791 1651">
     <span class='ocr_line' id='line_1_16' title="bbox 336 1531 2791 1651; baseline 0.001 -22"><span class='ocrx_word' id='word_1_129' title='bbox 336 1531 648 1647; x_wconf 43' lang='lat' dir='ltr'><strong>fflsssspffi</strong></span> <span class='ocrx_word' id='word_1_130' title='bbox 665 1567 975 1634; x_wconf 80' lang='lat' dir='ltr'><strong>insessum</strong></span> <span class='ocrx_word' id='word_1_131' title='bbox 1017 1567 1098 1631; x_wconf 87' lang='lat' dir='ltr'><strong>ab</strong></span> <span class='ocrx_word' id='word_1_132' title='bbox 1141 1565 1344 1643; x_wconf 81' lang='lat' dir='ltr'><strong>hoste,</strong></span> <span class='ocrx_word' id='word_1_133' title='bbox 1387 1564 1685 1630; x_wconf 82' lang='lat' dir='ltr'><strong>induxit=</strong></span> <span class='ocrx_word' id='word_1_134' title='bbox 1740 1586 1862 1629; x_wconf 87' lang='lat' dir='ltr'><strong>nec</strong></span> <span class='ocrx_word' id='word_1_135' title='bbox 1904 1564 2099 1651; x_wconf 84' lang='lat' dir='ltr'><strong>prius,</strong></span> <span class='ocrx_word' id='word_1_136' title='bbox 2144 1585 2339 1651; x_wconf 87' lang='lat' dir='ltr'><strong>quam</strong></span> <span class='ocrx_word' id='word_1_137' title='bbox 2382 1565 2593 1651; x_wconf 88' lang='lat' dir='ltr'><strong>recipi</strong></span> <span class='ocrx_word' id='word_1_138' title='bbox 2640 1578 2791 1631; x_wconf 79' lang='lat' dir='ltr'><strong>tuto</strong></span> 
     </span>
    </p>
   </div>
   <div class='ocr_carea' id='block_1_6' title="bbox 664 1650 2835 1803">
    <p class='ocr_par' dir='ltr' id='par_1_7' title="bbox 664 1650 2835 1803">
     <span class='ocr_line' id='line_1_17' title="bbox 664 1650 2835 1803; baseline -0.004 -82"><span class='ocrx_word' id='word_1_139' title='bbox 664 1654 850 1741; x_wconf 81' lang='lat' dir='ltr'><strong>signa</strong></span> <span class='ocrx_word' id='word_1_140' title='bbox 873 1676 1007 1719; x_wconf 88' lang='lat' dir='ltr'><strong>non</strong></span> <span class='ocrx_word' id='word_1_141' title='bbox 1033 1664 1346 1803; x_wconf 54' lang='lat' dir='ltr'><strong>ffirmt,</strong></span> <span class='ocrx_word' id='word_1_142' title='bbox 1369 1650 1816 1715; x_wconf 88' lang='lat' dir='ltr'><strong>imminentem</strong></span> <span class='ocrx_word' id='word_1_143' title='bbox 1844 1650 2040 1737; x_wconf 88' lang='lat' dir='ltr'><strong>capiti</strong></span> <span class='ocrx_word' id='word_1_144' title='bbox 2066 1650 2317 1715; x_wconf 74' lang='lat' dir='ltr'><strong>hostem</strong></span> <span class='ocrx_word' id='word_1_145' title='bbox 2336 1650 2519 1715; x_wconf 84' lang='lat' dir='ltr'><strong>vidit.</strong></span> <span class='ocrx_word' id='word_1_146' title='bbox 2596 1650 2789 1717; x_wconf 87' lang='lat' dir='ltr'><strong>Dum</strong></span> <span class='ocrx_word' id='word_1_147' title='bbox 2804 1662 2835 1712; x_wconf 83' lang='lat'><strong>6</strong></span> 
     </span>
    </p>
   </div>
   <div class='ocr_carea' id='block_1_7' title="bbox 665 1735 2793 1838">
    <p class='ocr_par' dir='ltr' id='par_1_8' title="bbox 665 1735 2793 1838">
     <span class='ocr_line' id='line_1_18' title="bbox 665 1735 2793 1838; baseline -0.001 -34"><span class='ocrx_word' id='word_1_148' title='bbox 665 1739 734 1804; x_wconf 88' lang='lat' dir='ltr'><strong>id</strong></span> <span class='ocrx_word' id='word_1_149' title='bbox 772 1762 985 1804; x_wconf 88' lang='lat' dir='ltr'><strong>morae</strong></span> <span class='ocrx_word' id='word_1_150' title='bbox 1183 1738 1423 1803; x_wconf 88' lang='lat' dir='ltr'><strong>nitibus</strong></span> <span class='ocrx_word' id='word_1_151' title='bbox 1459 1751 1578 1814; x_wconf 89' lang='lat' dir='ltr'><strong>est,</strong></span> <span class='ocrx_word' id='word_1_152' title='bbox 1608 1736 1823 1838; x_wconf 74' lang='lat' dir='ltr'><strong>quoad</strong></span> <span class='ocrx_word' id='word_1_153' title='bbox 1863 1749 2069 1801; x_wconf 90' lang='lat' dir='ltr'><strong>totum</strong></span> <span class='ocrx_word' id='word_1_154' title='bbox 2108 1736 2179 1801; x_wconf 90' lang='lat' dir='ltr'><strong>in</strong></span> <span class='ocrx_word' id='word_1_155' title='bbox 2210 1735 2441 1801; x_wconf 81' lang='lat' dir='ltr'><strong>vallem</strong></span> <span class='ocrx_word' id='word_1_156' title='bbox 2482 1737 2793 1802; x_wconf 86' lang='lat' dir='ltr'><strong>infimam</strong></span> 
     </span>
    </p>
   </div>
   <div class='ocr_carea' id='block_1_8' title="bbox 665 1822 2837 1988">
    <p class='ocr_par' dir='ltr' id='par_1_9' title="bbox 665 1822 2837 1988">
     <span class='ocr_line' id='line_1_19' title="bbox 665 1822 2834 1911; baseline -0.001 -22"><span class='ocrx_word' id='word_1_157' title='bbox 665 1824 1032 1891; x_wconf 85' lang='lat' dir='ltr'><strong>demitteret</strong></span> <span class='ocrx_word' id='word_1_158' title='bbox 1074 1845 1343 1910; x_wconf 83' lang='lat' dir='ltr'><strong>agmen3</strong></span> <span class='ocrx_word' id='word_1_159' title='bbox 1408 1823 1482 1887; x_wconf 89' lang='lat' dir='ltr'><strong>P.</strong></span> <span class='ocrx_word' id='word_1_160' title='bbox 1519 1822 1761 1889; x_wconf 76' lang='lat' dir='ltr'><strong>Decius</strong></span> <span class='ocrx_word' id='word_1_161' title='bbox 1804 1823 2101 1889; x_wconf 84' lang='lat' dir='ltr'><strong>tribunus</strong></span> <span class='ocrx_word' id='word_1_162' title='bbox 2139 1822 2414 1887; x_wconf 89' lang='lat' dir='ltr'><strong>militum</strong></span> <span class='ocrx_word' id='word_1_163' title='bbox 2458 1824 2791 1911; x_wconf 78' lang='lat' dir='ltr'><strong>conspicit</strong></span> <span class='ocrx_word' id='word_1_164' title='bbox 2806 1848 2834 1898; x_wconf 75' lang='lat'><strong>7</strong></span> 
     </span>
     <span class='ocr_line' id='line_1_20' title="bbox 665 1908 2837 1988; baseline 0.002 -13"><span class='ocrx_word' id='word_1_165' title='bbox 665 1932 870 1975; x_wconf 89' lang='lat' dir='ltr'><strong>unum</strong></span> <span class='ocrx_word' id='word_1_166' title='bbox 897 1908 1146 1975; x_wconf 90' lang='lat' dir='ltr'><strong>editum</strong></span> <span class='ocrx_word' id='word_1_167' title='bbox 1173 1909 1244 1973; x_wconf 90' lang='lat' dir='ltr'><strong>in</strong></span> <span class='ocrx_word' id='word_1_168' title='bbox 1271 1908 1438 1974; x_wconf 85' lang='lat' dir='ltr'><strong>saltu</strong></span> <span class='ocrx_word' id='word_1_169' title='bbox 1465 1908 1718 1988; x_wconf 82' lang='lat' dir='ltr'><strong>collem,</strong></span> <span class='ocrx_word' id='word_1_170' title='bbox 1742 1909 2185 1975; x_wconf 87' lang='lat' dir='ltr'><strong>imminentem</strong></span> <span class='ocrx_word' id='word_1_171' title='bbox 2214 1909 2499 1974; x_wconf 84' lang='lat' dir='ltr'><strong>hostium</strong></span> <span class='ocrx_word' id='word_1_172' title='bbox 2528 1911 2837 1987; x_wconf 58' lang='lat' dir='ltr'><strong>ensa-im</strong></span> 
     </span>
    </p>
   </div>
   <div class='ocr_carea' id='block_1_9' title="bbox 665 1994 2791 2357">
    <p class='ocr_par' dir='ltr' id='par_1_10' title="bbox 665 1994 2791 2357">
     <span class='ocr_line' id='line_1_21' title="bbox 665 1994 2785 2083; baseline -0.001 -20"><span class='ocrx_word' id='word_1_173' title='bbox 665 1996 846 2063; x_wconf 82' lang='lat' dir='ltr'><strong>aditu</strong></span> <span class='ocrx_word' id='word_1_174' title='bbox 885 1996 1156 2062; x_wconf 87' lang='lat' dir='ltr'><strong>arduum</strong></span> <span class='ocrx_word' id='word_1_175' title='bbox 1199 1994 1511 2082; x_wconf 81' lang='lat' dir='ltr'><strong>impedito</strong></span> <span class='ocrx_word' id='word_1_176' title='bbox 1552 1996 1811 2083; x_wconf 81' lang='lat' dir='ltr'><strong>agmini,</strong></span> <span class='ocrx_word' id='word_1_177' title='bbox 1848 1995 2165 2082; x_wconf 85' lang='lat' dir='ltr'><strong>expeditis</strong></span> <span class='ocrx_word' id='word_1_178' title='bbox 2206 1995 2382 2061; x_wconf 89' lang='lat' dir='ltr'><strong>haud</strong></span> <span class='ocrx_word' id='word_1_179' title='bbox 2424 1995 2785 2063; x_wconf 87' lang='lat' dir='ltr'><strong>difficilem.</strong></span> 
     </span>
     <span class='ocr_line' id='line_1_22' title="bbox 667 2081 2791 2168; baseline -0 -20"><span class='ocrx_word' id='word_1_180' title='bbox 667 2082 704 2148; x_wconf 97' lang='lat' dir='ltr'>I</span> <span class='ocrx_word' id='word_1_181' title='bbox 813 2106 894 2149; x_wconf 91' lang='lat' dir='ltr'><strong>ue</strong></span> <span class='ocrx_word' id='word_1_182' title='bbox 924 2081 1171 2150; x_wconf 86' lang='lat' dir='ltr'><strong>consuli</strong></span> <span class='ocrx_word' id='word_1_183' title='bbox 1199 2083 1418 2147; x_wconf 85' lang='lat' dir='ltr'><strong>territo</strong></span> <span class='ocrx_word' id='word_1_184' title='bbox 1447 2081 1666 2160; x_wconf 86' lang='lat' dir='ltr'><strong>animi,</strong></span> <span class='ocrx_word' id='word_1_185' title='bbox 1699 2091 1720 2121; x_wconf 86' lang='lat'>‘</span> <span class='ocrx_word' id='word_1_186' title='bbox 1737 2082 2023 2147; x_wconf 81' lang='lat' dir='ltr'><strong>Videsne</strong></span> <span class='ocrx_word' id='word_1_187' title='bbox 2056 2082 2165 2159; x_wconf 90' lang='lat' dir='ltr'><strong>tu,’</strong></span> <span class='ocrx_word' id='word_1_188' title='bbox 2192 2081 2421 2168; x_wconf 85' lang='lat' dir='ltr'><strong>inquit,</strong></span> <span class='ocrx_word' id='word_1_189' title='bbox 2457 2089 2479 2121; x_wconf 88' lang='lat'>‘</span> <span class='ocrx_word' id='word_1_190' title='bbox 2496 2084 2585 2149; x_wconf 89' lang='lat' dir='ltr'><strong>A.</strong></span> <span class='ocrx_word' id='word_1_191' title='bbox 2614 2082 2791 2151; x_wconf 86' lang='lat' dir='ltr'><strong>Cor-</strong></span> 
     </span>
     <span class='ocr_line' id='line_1_23' title="bbox 670 2167 2789 2257; baseline 0 -22"><span class='ocrx_word' id='word_1_192' title='bbox 670 2178 691 2210; x_wconf 90' lang='lat'>‘</span> <span class='ocrx_word' id='word_1_193' title='bbox 711 2194 794 2237; x_wconf 90' lang='lat' dir='ltr'><strong>ne</strong></span> <span class='ocrx_word' id='word_1_194' title='bbox 819 2172 862 2249; x_wconf 89' lang='lat' dir='ltr'><strong>i,</strong></span> <span class='ocrx_word' id='word_1_195' title='bbox 894 2191 1201 2237; x_wconf 84' lang='lat' dir='ltr'><strong>cacumen</strong></span> <span class='ocrx_word' id='word_1_196' title='bbox 1239 2167 1402 2234; x_wconf 90' lang='lat' dir='ltr'><strong>illud</strong></span> <span class='ocrx_word' id='word_1_197' title='bbox 1437 2190 1630 2256; x_wconf 84' lang='lat' dir='ltr'><strong>supra</strong></span> <span class='ocrx_word' id='word_1_198' title='bbox 1666 2169 1915 2234; x_wconf 78' lang='lat' dir='ltr'><strong>hostem</strong></span> <span class='ocrx_word' id='word_1_199' title='bbox 1930 2170 1961 2233; x_wconf 80' lang='lat' dir='ltr'>P</span> <span class='ocrx_word' id='word_1_200' title='bbox 2048 2168 2193 2233; x_wconf 86' lang='lat' dir='ltr'><strong>Arx</strong></span> <span class='ocrx_word' id='word_1_201' title='bbox 2224 2168 2333 2233; x_wconf 85' lang='lat' dir='ltr'><strong>illa</strong></span> <span class='ocrx_word' id='word_1_202' title='bbox 2362 2182 2463 2233; x_wconf 89' lang='lat' dir='ltr'><strong>est</strong></span> <span class='ocrx_word' id='word_1_203' title='bbox 2500 2170 2646 2257; x_wconf 86' lang='lat' dir='ltr'><strong>spei</strong></span> <span class='ocrx_word' id='word_1_204' title='bbox 2682 2192 2789 2235; x_wconf 88' lang='lat' dir='ltr'><strong>sa-</strong></span> 
     </span>
     <span class='ocr_line' id='line_1_24' title="bbox 669 2254 2786 2357; baseline 0 -36"><span class='ocrx_word' id='word_1_205' title='bbox 669 2266 690 2297; x_wconf 86' lang='lat'>‘</span> <span class='ocrx_word' id='word_1_206' title='bbox 710 2258 988 2344; x_wconf 88' lang='lat' dir='ltr'><strong>lutisque</strong></span> <span class='ocrx_word' id='word_1_207' title='bbox 1031 2269 1301 2357; x_wconf 70' lang='lat' dir='ltr'><strong>nostrae,</strong></span> <span class='ocrx_word' id='word_1_208' title='bbox 1337 2254 1392 2320; x_wconf 89' lang='lat' dir='ltr'><strong>si</strong></span> <span class='ocrx_word' id='word_1_209' title='bbox 1431 2277 1593 2333; x_wconf 90' lang='lat' dir='ltr'><strong>eam,</strong></span> <span class='ocrx_word' id='word_1_210' title='bbox 1625 2277 1820 2342; x_wconf 89' lang='lat' dir='ltr'><strong>quam</strong></span> <span class='ocrx_word' id='word_1_211' title='bbox 1862 2255 2037 2321; x_wconf 82' lang='lat' dir='ltr'><strong>caeci</strong></span> <span class='ocrx_word' id='word_1_212' title='bbox 2076 2254 2391 2341; x_wconf 85' lang='lat' dir='ltr'><strong>reliquere</strong></span> <span class='ocrx_word' id='word_1_213' title='bbox 2430 2254 2786 2333; x_wconf 75' lang='lat' dir='ltr'><strong>SamniteS,</strong></span> 
     </span>
    </p>
   </div>
   <div class='ocr_carea' id='block_1_10' title="bbox 669 2340 2833 2444">
    <p class='ocr_par' dir='ltr' id='par_1_11' title="bbox 669 2340 2833 2444">
     <span class='ocr_line' id='line_1_25' title="bbox 669 2340 2833 2444; baseline 0 -36"><span class='ocrx_word' id='word_1_214' title='bbox 669 2351 690 2383; x_wconf 80' lang='lat'><em>⁶</em></span> <span class='ocrx_word' id='word_1_215' title='bbox 710 2344 980 2444; x_wconf 65' lang='lat' dir='ltr'><strong>impigre</strong></span> <span class='ocrx_word' id='word_1_216' title='bbox 1010 2365 1087 2408; x_wconf 89' lang='lat' dir='ltr'><strong>ca</strong></span> <span class='ocrx_word' id='word_1_217' title='bbox 1130 2364 1311 2407; x_wconf 78' lang='lat' dir='ltr'><strong>imus.</strong></span> <span class='ocrx_word' id='word_1_218' title='bbox 1403 2340 1511 2407; x_wconf 91' lang='lat' dir='ltr'><strong>Ne</strong></span> <span class='ocrx_word' id='word_1_219' title='bbox 1549 2353 1621 2405; x_wconf 93' lang='lat' dir='ltr'><strong>tu</strong></span> <span class='ocrx_word' id='word_1_220' title='bbox 1654 2341 1815 2406; x_wconf 87' lang='lat' dir='ltr'><strong>mihi</strong></span> <span class='ocrx_word' id='word_1_221' title='bbox 1853 2341 2017 2430; x_wconf 86' lang='lat' dir='ltr'><strong>plus,</strong></span> <span class='ocrx_word' id='word_1_222' title='bbox 2048 2364 2243 2428; x_wconf 88' lang='lat' dir='ltr'><strong>quam</strong></span> <span class='ocrx_word' id='word_1_223' title='bbox 2278 2341 2467 2407; x_wconf 88' lang='lat' dir='ltr'><strong>unius</strong></span> <span class='ocrx_word' id='word_1_224' title='bbox 2501 2341 2833 2430; x_wconf 79' lang='lat' dir='ltr'><strong>leg-ionis9</strong></span> 
     </span>
    </p>
   </div>
   <div class='ocr_carea' id='block_1_11' title="bbox 671 2426 2792 3380">
    <p class='ocr_par' dir='ltr' id='par_1_12' title="bbox 671 2426 2792 3380">
     <span class='ocr_line' id='line_1_26' title="bbox 671 2426 2789 2532; baseline 0.001 -37"><span class='ocrx_word' id='word_1_225' title='bbox 671 2438 693 2471; x_wconf 89' lang='lat'>‘</span> <span class='ocrx_word' id='word_1_226' title='bbox 711 2451 1030 2532; x_wconf 80' lang='lat' dir='ltr'><strong>pnnclpes</strong></span> <span class='ocrx_word' id='word_1_227' title='bbox 1190 2441 1498 2515; x_wconf 86' lang='lat' dir='ltr'><strong>tatosque,</strong></span> <span class='ocrx_word' id='word_1_228' title='bbox 1544 2426 1837 2493; x_wconf 75' lang='lat' dir='ltr'><strong>dederis:</strong></span> <span class='ocrx_word' id='word_1_229' title='bbox 1884 2450 2033 2493; x_wconf 88' lang='lat' dir='ltr'><strong>cum</strong></span> <span class='ocrx_word' id='word_1_230' title='bbox 2076 2428 2311 2515; x_wconf 84' lang='lat' dir='ltr'><strong>quibus</strong></span> <span class='ocrx_word' id='word_1_231' title='bbox 2354 2428 2468 2493; x_wconf 91' lang='lat' dir='ltr'><strong>ubi</strong></span> <span class='ocrx_word' id='word_1_232' title='bbox 2514 2452 2789 2497; x_wconf 79' lang='lat' dir='ltr'><strong>evasero</strong></span> 
     </span>
     <span class='ocr_line' id='line_1_27' title="bbox 671 2513 2792 2616; baseline 0 -35"><span class='ocrx_word' id='word_1_233' title='bbox 671 2525 694 2560; x_wconf 85' lang='lat'><strong>‘</strong></span> <span class='ocrx_word' id='word_1_234' title='bbox 715 2539 786 2581; x_wconf 87' lang='lat' dir='ltr'><strong>m</strong></span> <span class='ocrx_word' id='word_1_235' title='bbox 813 2538 1153 2595; x_wconf 83' lang='lat' dir='ltr'><strong>summum,</strong></span> <span class='ocrx_word' id='word_1_236' title='bbox 1183 2537 1380 2603; x_wconf 83' lang='lat' dir='ltr'><strong>perge</strong></span> <span class='ocrx_word' id='word_1_237' title='bbox 1418 2514 1572 2580; x_wconf 91' lang='lat' dir='ltr'><strong>hinc</strong></span> <span class='ocrx_word' id='word_1_238' title='bbox 1615 2515 1791 2579; x_wconf 90' lang='lat' dir='ltr'><strong>omni</strong></span> <span class='ocrx_word' id='word_1_239' title='bbox 1830 2513 1993 2581; x_wconf 86' lang='lat' dir='ltr'><strong>liber</strong></span> <span class='ocrx_word' id='word_1_240' title='bbox 2028 2528 2227 2594; x_wconf 85' lang='lat' dir='ltr'><strong>metu,</strong></span> <span class='ocrx_word' id='word_1_241' title='bbox 2258 2528 2451 2616; x_wconf 87' lang='lat' dir='ltr'><strong>teque</strong></span> <span class='ocrx_word' id='word_1_242' title='bbox 2486 2529 2557 2581; x_wconf 87' lang='lat' dir='ltr'><strong>et</strong></span> <span class='ocrx_word' id='word_1_243' title='bbox 2588 2539 2792 2583; x_wconf 88' lang='lat' dir='ltr'><strong>exer-</strong></span> 
     </span>
     <span class='ocr_line' id='line_1_28' title="bbox 673 2600 2791 2702; baseline 0 -33"><span class='ocrx_word' id='word_1_244' title='bbox 673 2610 695 2643; x_wconf 84' lang='lat'>‘</span> <span class='ocrx_word' id='word_1_245' title='bbox 713 2603 913 2669; x_wconf 90' lang='lat' dir='ltr'><strong>citum</strong></span> <span class='ocrx_word' id='word_1_246' title='bbox 941 2625 1136 2670; x_wconf 87' lang='lat' dir='ltr'><strong>serva.</strong></span> <span class='ocrx_word' id='word_1_247' title='bbox 1228 2601 1464 2702; x_wconf 86' lang='lat' dir='ltr'><strong>Neque</strong></span> <span class='ocrx_word' id='word_1_248' title='bbox 1502 2600 1676 2666; x_wconf 85' lang='lat' dir='ltr'><strong>enim</strong></span> <span class='ocrx_word' id='word_1_249' title='bbox 1708 2602 1951 2667; x_wconf 80' lang='lat' dir='ltr'><strong>moveri</strong></span> <span class='ocrx_word' id='word_1_250' title='bbox 1984 2601 2202 2679; x_wconf 86' lang='lat' dir='ltr'><strong>hostis,</strong></span> <span class='ocrx_word' id='word_1_251' title='bbox 2232 2602 2557 2667; x_wconf 75' lang='lat' dir='ltr'><strong>subiectus</strong></span> <span class='ocrx_word' id='word_1_252' title='bbox 2590 2604 2791 2669; x_wconf 84' lang='lat' dir='ltr'><strong>nobis</strong></span> 
     </span>
     <span class='ocr_line' id='line_1_29' title="bbox 673 2686 2791 2788; baseline 0 -33"><span class='ocrx_word' id='word_1_253' title='bbox 673 2699 694 2730; x_wconf 89' lang='lat'>‘</span> <span class='ocrx_word' id='word_1_254' title='bbox 715 2690 798 2755; x_wconf 87' lang='lat' dir='ltr'><strong>ad</strong></span> <span class='ocrx_word' id='word_1_255' title='bbox 839 2712 1063 2755; x_wconf 86' lang='lat' dir='ltr'><strong>omnes</strong></span> <span class='ocrx_word' id='word_1_256' title='bbox 1103 2689 1289 2767; x_wconf 89' lang='lat' dir='ltr'><strong>ictus,</strong></span> <span class='ocrx_word' id='word_1_257' title='bbox 1333 2710 1470 2754; x_wconf 77' lang='lat' dir='ltr'><strong>sine</strong></span> <span class='ocrx_word' id='word_1_258' title='bbox 1516 2710 1631 2753; x_wconf 85' lang='lat' dir='ltr'><strong>sua</strong></span> <span class='ocrx_word' id='word_1_259' title='bbox 1678 2688 1957 2788; x_wconf 88' lang='lat' dir='ltr'><strong>pernicie</strong></span> <span class='ocrx_word' id='word_1_260' title='bbox 2008 2688 2259 2775; x_wconf 85' lang='lat' dir='ltr'><strong>poterit.</strong></span> <span class='ocrx_word' id='word_1_261' title='bbox 2350 2686 2493 2753; x_wconf 87' lang='lat' dir='ltr'><strong>Nos</strong></span> <span class='ocrx_word' id='word_1_262' title='bbox 2536 2688 2791 2755; x_wconf 86' lang='lat' dir='ltr'><strong>deinde</strong></span> 
     </span>
     <span class='ocr_line' id='line_1_30' title="bbox 674 2774 2789 2863; baseline 0.001 -22"><span class='ocrx_word' id='word_1_263' title='bbox 674 2786 696 2817; x_wconf 90' lang='lat'>‘</span> <span class='ocrx_word' id='word_1_264' title='bbox 716 2790 829 2842; x_wconf 88' lang='lat' dir='ltr'><strong>aut</strong></span> <span class='ocrx_word' id='word_1_265' title='bbox 868 2776 1122 2841; x_wconf 84' lang='lat' dir='ltr'><strong>fortuna</strong></span> <span class='ocrx_word' id='word_1_266' title='bbox 1247 2774 1384 2862; x_wconf 90' lang='lat' dir='ltr'><strong>puli</strong></span> <span class='ocrx_word' id='word_1_267' title='bbox 1430 2774 1728 2853; x_wconf 88' lang='lat' dir='ltr'><strong>Romam,</strong></span> <span class='ocrx_word' id='word_1_268' title='bbox 1772 2787 1885 2840; x_wconf 83' lang='lat' dir='ltr'><strong>aut</strong></span> <span class='ocrx_word' id='word_1_269' title='bbox 1926 2786 2142 2839; x_wconf 86' lang='lat' dir='ltr'><strong>nostra</strong></span> <span class='ocrx_word' id='word_1_270' title='bbox 2182 2775 2382 2839; x_wconf 83' lang='lat' dir='ltr'><strong>virtus</strong></span> <span class='ocrx_word' id='word_1_271' title='bbox 2432 2776 2789 2863; x_wconf 59' lang='lat' dir='ltr'><strong>expediet)</strong></span> 
     </span>
     <span class='ocr_line' id='line_1_31' title="bbox 677 2859 2789 2949; baseline 0.001 -22"><span class='ocrx_word' id='word_1_272' title='bbox 677 2860 1096 2927; x_wconf 86' lang='lat' dir='ltr'><strong>Collaudatus</strong></span> <span class='ocrx_word' id='word_1_273' title='bbox 1139 2882 1178 2925; x_wconf 89' lang='lat' dir='ltr'><strong>a</strong></span> <span class='ocrx_word' id='word_1_274' title='bbox 1263 2860 1547 2940; x_wconf 88' lang='lat' dir='ltr'><strong>consule,</strong></span> <span class='ocrx_word' id='word_1_275' title='bbox 1586 2873 1849 2949; x_wconf 78' lang='lat' dir='ltr'><strong>accepto</strong></span> <span class='ocrx_word' id='word_1_276' title='bbox 1889 2859 2227 2949; x_wconf 84' lang='lat' dir='ltr'><strong>praesidio,</strong></span> <span class='ocrx_word' id='word_1_277' title='bbox 2268 2861 2443 2927; x_wconf 80' lang='lat' dir='ltr'><strong>vadit</strong></span> <span class='ocrx_word' id='word_1_278' title='bbox 2486 2862 2789 2929; x_wconf 76' lang='lat' dir='ltr'><strong>occultus</strong></span> 
     </span>
     <span class='ocr_line' id='line_1_32' title="bbox 673 2946 2787 3048; baseline 0.004 -40"><span class='ocrx_word' id='word_1_279' title='bbox 673 2968 788 3033; x_wconf 89' lang='lat' dir='ltr'><strong>per</strong></span> <span class='ocrx_word' id='word_1_280' title='bbox 813 2946 1084 3022; x_wconf 84' lang='lat' dir='ltr'><strong>saltum3</strong></span> <span class='ocrx_word' id='word_1_281' title='bbox 1131 2966 1254 3011; x_wconf 86' lang='lat' dir='ltr'><strong>nee</strong></span> <span class='ocrx_word' id='word_1_282' title='bbox 1280 2946 1457 3033; x_wconf 89' lang='lat' dir='ltr'><strong>prius</strong></span> <span class='ocrx_word' id='word_1_283' title='bbox 1491 2947 1573 3012; x_wconf 88' lang='lat' dir='ltr'><strong>ab</strong></span> <span class='ocrx_word' id='word_1_284' title='bbox 1602 2948 1785 3013; x_wconf 86' lang='lat' dir='ltr'><strong>hoste</strong></span> <span class='ocrx_word' id='word_1_285' title='bbox 1814 2960 1914 3013; x_wconf 86' lang='lat' dir='ltr'><strong>est</strong></span> <span class='ocrx_word' id='word_1_286' title='bbox 1939 2948 2131 3026; x_wconf 82' lang='lat' dir='ltr'><strong>visus,</strong></span> <span class='ocrx_word' id='word_1_287' title='bbox 2161 2970 2357 3048; x_wconf 84' lang='lat' dir='ltr'><strong>quam</strong></span> <span class='ocrx_word' id='word_1_288' title='bbox 2380 2946 2547 3027; x_wconf 86' lang='lat' dir='ltr'><strong>loeo,</strong></span> <span class='ocrx_word' id='word_1_289' title='bbox 2578 2972 2787 3037; x_wconf 87' lang='lat' dir='ltr'><strong>quem</strong></span> 
     </span>
     <span class='ocr_line' id='line_1_33' title="bbox 671 3030 2789 3122; baseline 0.003 -25"><span class='ocrx_word' id='word_1_290' title='bbox 671 3030 948 3120; x_wconf 85' lang='lat' dir='ltr'><strong>petebat,</strong></span> <span class='ocrx_word' id='word_1_291' title='bbox 1014 3032 1564 3118; x_wconf 84' lang='lat' dir='ltr'><strong>appropinquavit.</strong></span> <span class='ocrx_word' id='word_1_292' title='bbox 1679 3033 1841 3099; x_wconf 91' lang='lat' dir='ltr'><strong>Inde</strong></span> <span class='ocrx_word' id='word_1_293' title='bbox 1906 3034 2323 3101; x_wconf 80' lang='lat' dir='ltr'><strong>admiratione</strong></span> <span class='ocrx_word' id='word_1_294' title='bbox 2394 3037 2789 3122; x_wconf 84' lang='lat' dir='ltr'><strong>paventibus</strong></span> 
     </span>
     <span class='ocr_line' id='line_1_34' title="bbox 671 3117 2787 3205; baseline 0.002 -20"><span class='ocrx_word' id='word_1_295' title='bbox 671 3117 938 3196; x_wconf 83' lang='lat' dir='ltr'><strong>cunctis,</strong></span> <span class='ocrx_word' id='word_1_296' title='bbox 974 3139 1176 3205; x_wconf 91' lang='lat' dir='ltr'><strong>quum</strong></span> <span class='ocrx_word' id='word_1_297' title='bbox 1219 3117 1509 3183; x_wconf 89' lang='lat' dir='ltr'><strong>omnium</strong></span> <span class='ocrx_word' id='word_1_298' title='bbox 1555 3118 1625 3183; x_wconf 89' lang='lat' dir='ltr'><strong>in</strong></span> <span class='ocrx_word' id='word_1_299' title='bbox 1670 3142 1740 3185; x_wconf 85' lang='lat' dir='ltr'><strong>se</strong></span> <span class='ocrx_word' id='word_1_300' title='bbox 1782 3120 2071 3186; x_wconf 85' lang='lat' dir='ltr'><strong>vertisset</strong></span> <span class='ocrx_word' id='word_1_301' title='bbox 2114 3120 2349 3199; x_wconf 80' lang='lat' dir='ltr'><strong>oculos,</strong></span> <span class='ocrx_word' id='word_1_302' title='bbox 2390 3134 2461 3185; x_wconf 86' lang='lat' dir='ltr'><strong>et</strong></span> <span class='ocrx_word' id='word_1_303' title='bbox 2645 3122 2787 3189; x_wconf 85' lang='lat' dir='ltr'><strong>&#39;um</strong></span> 
     </span>
     <span class='ocr_line' id='line_1_35' title="bbox 673 3203 2785 3294; baseline 0.001 -22"><span class='ocrx_word' id='word_1_304' title='bbox 673 3204 920 3273; x_wconf 85' lang='lat' dir='ltr'><strong>consuli</strong></span> <span class='ocrx_word' id='word_1_305' title='bbox 947 3203 1128 3271; x_wconf 84' lang='lat' dir='ltr'><strong>dedit</strong></span> <span class='ocrx_word' id='word_1_306' title='bbox 1155 3204 1238 3269; x_wconf 86' lang='lat' dir='ltr'><strong>ad</strong></span> <span class='ocrx_word' id='word_1_307' title='bbox 1267 3203 1755 3271; x_wconf 87' lang='lat' dir='ltr'><strong>subducendum</strong></span> <span class='ocrx_word' id='word_1_308' title='bbox 1784 3228 2017 3293; x_wconf 72' lang='lat' dir='ltr'><strong>agmen</strong></span> <span class='ocrx_word' id='word_1_309' title='bbox 2044 3208 2115 3272; x_wconf 89' lang='lat' dir='ltr'><strong>in</strong></span> <span class='ocrx_word' id='word_1_310' title='bbox 2142 3207 2508 3294; x_wconf 85' lang='lat' dir='ltr'><strong>aequiorem</strong></span> <span class='ocrx_word' id='word_1_311' title='bbox 2562 3230 2785 3289; x_wconf 81' lang='lat' dir='ltr'><strong>ocum,</strong></span> 
     </span>
     <span class='ocr_line' id='line_1_36' title="bbox 672 3292 2787 3380; baseline 0.002 -21"><span class='ocrx_word' id='word_1_312' title='bbox 672 3305 744 3359; x_wconf 88' lang='lat' dir='ltr'><strong>et</strong></span> <span class='ocrx_word' id='word_1_313' title='bbox 789 3292 925 3380; x_wconf 84' lang='lat' dir='ltr'><strong>ipse</strong></span> <span class='ocrx_word' id='word_1_314' title='bbox 975 3293 1047 3359; x_wconf 88' lang='lat' dir='ltr'><strong>in</strong></span> <span class='ocrx_word' id='word_1_315' title='bbox 1095 3314 1347 3359; x_wconf 85' lang='lat' dir='ltr'><strong>summo</strong></span> <span class='ocrx_word' id='word_1_316' title='bbox 1391 3292 1680 3359; x_wconf 86' lang='lat' dir='ltr'><strong>constitit</strong></span> <span class='ocrx_word' id='word_1_317' title='bbox 1719 3293 1974 3359; x_wconf 85' lang='lat' dir='ltr'><strong>vertice.</strong></span> <span class='ocrx_word' id='word_1_318' title='bbox 2068 3292 2403 3373; x_wconf 84' lang='lat' dir='ltr'><strong>Samnites,</strong></span> <span class='ocrx_word' id='word_1_319' title='bbox 2444 3292 2605 3361; x_wconf 89' lang='lat' dir='ltr'><strong>dum</strong></span> <span class='ocrx_word' id='word_1_320' title='bbox 2648 3295 2787 3363; x_wconf 87' lang='lat' dir='ltr'><strong>huc</strong></span> 
     </span>
    </p>
   </div>
   <div class='ocr_carea' id='block_1_12' title="bbox 673 3461 2785 4418">
    <p class='ocr_par' dir='ltr' id='par_1_13' title="bbox 674 3461 2783 3655">
     <span class='ocr_line' id='line_1_37' title="bbox 739 3461 2783 3528; baseline 0.001 -15"><span class='ocrx_word' id='word_1_321' title='bbox 739 3475 768 3527; x_wconf 78' lang='lat'>5</span> <span class='ocrx_word' id='word_1_322' title='bbox 801 3465 870 3513; x_wconf 78' lang='lat' dir='ltr'><strong>In</strong></span> <span class='ocrx_word' id='word_1_323' title='bbox 897 3465 1096 3525; x_wconf 63' lang='lat' dir='ltr'><strong>ealcum,</strong></span> <span class='ocrx_word' id='word_1_324' title='bbox 1119 3479 1242 3515; x_wconf 64' lang='lat' dir='ltr'><strong>aava</strong></span> <span class='ocrx_word' id='word_1_325' title='bbox 1273 3464 1402 3515; x_wconf 77' lang='lat' dir='ltr'><strong>valle</strong></span> <span class='ocrx_word' id='word_1_326' title='bbox 1429 3462 1687 3527; x_wconf 72' lang='lat' dir='ltr'><strong>pervium]</strong></span> <span class='ocrx_word' id='word_1_327' title='bbox 1755 3462 1835 3511; x_wconf 83' lang='lat' dir='ltr'><strong>vel</strong></span> <span class='ocrx_word' id='word_1_328' title='bbox 1856 3476 2011 3511; x_wconf 87' lang='lat' dir='ltr'><strong>unum</strong></span> <span class='ocrx_word' id='word_1_329' title='bbox 2044 3476 2162 3525; x_wconf 83' lang='lat' dir='ltr'><strong>prae</strong></span> <span class='ocrx_word' id='word_1_330' title='bbox 2190 3462 2301 3512; x_wconf 83' lang='lat' dir='ltr'><strong>aliis</strong></span> <span class='ocrx_word' id='word_1_331' title='bbox 2320 3461 2542 3522; x_wconf 69' lang='lat' dir='ltr'><strong>editumg</strong></span> <span class='ocrx_word' id='word_1_332' title='bbox 2574 3462 2649 3513; x_wconf 85' lang='lat' dir='ltr'><strong>sie</strong></span> <span class='ocrx_word' id='word_1_333' title='bbox 2670 3480 2783 3528; x_wconf 75' lang='lat' dir='ltr'><strong>pas-</strong></span> 
     </span>
     <span class='ocr_line' id='line_1_38' title="bbox 675 3526 2781 3601; baseline 0 -24"><span class='ocrx_word' id='word_1_334' title='bbox 675 3526 737 3577; x_wconf 75' lang='lat' dir='ltr'><strong>cf.</strong></span> <span class='ocrx_word' id='word_1_335' title='bbox 769 3528 881 3580; x_wconf 67' lang='lat' dir='ltr'><strong>inst.</strong></span> <span class='ocrx_word' id='word_1_336' title='bbox 913 3526 982 3579; x_wconf 87' lang='lat' dir='ltr'><strong>ix.</strong></span> <span class='ocrx_word' id='word_1_337' title='bbox 1013 3543 1058 3578; x_wconf 68' lang='grc' dir='ltr'><strong>α.</strong></span> <span class='ocrx_word' id='word_1_338' title='bbox 1081 3536 1132 3578; x_wconf 88' lang='lat' dir='ltr'><strong>et</strong></span> <span class='ocrx_word' id='word_1_339' title='bbox 1163 3542 1291 3590; x_wconf 80' lang='lat' dir='ltr'><strong>quae</strong></span> <span class='ocrx_word' id='word_1_340' title='bbox 1323 3528 1391 3576; x_wconf 91' lang='lat' dir='ltr'><strong>ibi</strong></span> <span class='ocrx_word' id='word_1_341' title='bbox 1423 3528 1486 3576; x_wconf 83' lang='lat' dir='ltr'><strong>de</strong></span> <span class='ocrx_word' id='word_1_342' title='bbox 1520 3526 1694 3577; x_wconf 83' lang='lat' dir='ltr'><strong>Furcis</strong></span> <span class='ocrx_word' id='word_1_343' title='bbox 1754 3526 1847 3575; x_wconf 87' lang='lat' dir='ltr'><strong>sim</strong></span> <span class='ocrx_word' id='word_1_344' title='bbox 1887 3542 1975 3601; x_wconf 88' lang='lat' dir='ltr'><strong>per</strong></span> <span class='ocrx_word' id='word_1_345' title='bbox 2004 3542 2137 3576; x_wconf 68' lang='lat' dir='ltr'><strong>mus</strong></span> <span class='ocrx_word' id='word_1_346' title='bbox 2170 3527 2305 3589; x_wconf 83' lang='lat' dir='ltr'><strong>apud</strong></span> <span class='ocrx_word' id='word_1_347' title='bbox 2340 3527 2545 3577; x_wconf 83' lang='lat' dir='ltr'><strong>Latinos</strong></span> <span class='ocrx_word' id='word_1_348' title='bbox 2576 3527 2781 3593; x_wconf 77' lang='lat' dir='ltr'><strong>insignis</strong></span> 
     </span>
     <span class='ocr_line' id='line_1_39' title="bbox 674 3590 2779 3655; baseline 0.001 -14"><span class='ocrx_word' id='word_1_349' title='bbox 674 3592 913 3641; x_wconf 76' lang='lat' dir='ltr'><strong>Caudinis</strong></span> <span class='ocrx_word' id='word_1_350' title='bbox 931 3599 1278 3642; x_wconf 84' lang='lat' dir='ltr'><strong>memorantur.</strong></span> <span class='ocrx_word' id='word_1_351' title='bbox 1754 3590 1933 3653; x_wconf 75' lang='lat' dir='ltr'><strong>aliquis</strong></span> <span class='ocrx_word' id='word_1_352' title='bbox 1981 3590 2277 3653; x_wconf 77' lang='lat' dir='ltr'><strong>designatur.</strong></span> <span class='ocrx_word' id='word_1_353' title='bbox 2320 3591 2381 3641; x_wconf 78' lang='lat' dir='ltr'><strong>cf.</strong></span> <span class='ocrx_word' id='word_1_354' title='bbox 2416 3606 2549 3654; x_wconf 85' lang='lat' dir='ltr'><strong>supr.</strong></span> <span class='ocrx_word' id='word_1_355' title='bbox 2594 3592 2663 3643; x_wconf 83' lang='lat' dir='ltr'><strong>iii.</strong></span> <span class='ocrx_word' id='word_1_356' title='bbox 2701 3604 2779 3655; x_wconf 79' lang='lat'><strong>55.</strong></span> 
     </span>
    </p>

    <p class='ocr_par' dir='ltr' id='par_1_14' title="bbox 673 3653 2785 3974">
     <span class='ocr_line' id='line_1_40' title="bbox 738 3653 2785 3719; baseline 0.002 -17"><span class='ocrx_word' id='word_1_357' title='bbox 738 3653 1687 3715; x_wconf 72' lang='lat' dir='ltr'><strong>6DumidmoraeSoemniti1mses8]</strong></span> <span class='ocrx_word' id='word_1_358' title='bbox 1754 3657 1875 3717; x_wconf 67' lang='lat' dir='ltr'><strong>quia</strong></span> <span class='ocrx_word' id='word_1_359' title='bbox 1914 3656 2133 3705; x_wconf 65' lang='lat' dir='ltr'><strong>nomam</strong></span> <span class='ocrx_word' id='word_1_360' title='bbox 2172 3658 2231 3704; x_wconf 73' lang='lat' dir='ltr'><strong>in</strong></span> <span class='ocrx_word' id='word_1_361' title='bbox 2281 3671 2571 3719; x_wconf 64' lang='lat' dir='ltr'><strong>quenquam</strong></span> <span class='ocrx_word' id='word_1_362' title='bbox 2616 3672 2785 3707; x_wconf 60' lang='lat' dir='ltr'><strong>mun</strong></span> 
     </span>
     <span class='ocr_line' id='line_1_41' title="bbox 673 3717 2282 3783; baseline 0.002 -18"><span class='ocrx_word' id='word_1_363' title='bbox 673 3717 1035 3771; x_wconf 75' lang='lat' dir='ltr'><strong>cunctantibus</strong></span> <span class='ocrx_word' id='word_1_364' title='bbox 1074 3719 1392 3779; x_wconf 81' lang='lat' dir='ltr'><strong>Samnitibus,</strong></span> <span class='ocrx_word' id='word_1_365' title='bbox 1426 3724 1478 3768; x_wconf 84' lang='lat' dir='ltr'><strong>et</strong></span> <span class='ocrx_word' id='word_1_366' title='bbox 1520 3734 1692 3783; x_wconf 78' lang='lat' dir='ltr'><strong>exspe-</strong></span> <span class='ocrx_word' id='word_1_367' title='bbox 1753 3720 2076 3769; x_wconf 57' lang='lat' dir='ltr'><strong>anxiebatur.</strong></span> <span class='ocrx_word' id='word_1_368' title='bbox 2110 3718 2282 3769; x_wconf 70' lang='lat' dir='ltr'><strong>Dom-</strong></span> 
     </span>
     <span class='ocr_line' id='line_1_42' title="bbox 674 3780 2779 3847; baseline 0.002 -18"><span class='ocrx_word' id='word_1_369' title='bbox 674 3780 921 3829; x_wconf 77' lang='lat' dir='ltr'><strong>etantibus</strong></span> <span class='ocrx_word' id='word_1_370' title='bbox 957 3782 1076 3829; x_wconf 86' lang='lat' dir='ltr'><strong>dum</strong></span> <span class='ocrx_word' id='word_1_371' title='bbox 1114 3782 1286 3831; x_wconf 83' lang='lat' dir='ltr'><strong>consul</strong></span> <span class='ocrx_word' id='word_1_372' title='bbox 1321 3788 1484 3831; x_wconf 75' lang='lat' dir='ltr'><strong>totum</strong></span> <span class='ocrx_word' id='word_1_373' title='bbox 1516 3798 1692 3846; x_wconf 77' lang='lat' dir='ltr'><strong>agmen</strong></span> <span class='ocrx_word' id='word_1_374' title='bbox 1818 3798 1852 3847; x_wconf 89' lang='lat'><strong>9</strong></span> <span class='ocrx_word' id='word_1_375' title='bbox 1890 3784 2053 3834; x_wconf 74' lang='lat' dir='ltr'><strong>Unius</strong></span> <span class='ocrx_word' id='word_1_376' title='bbox 2088 3784 2293 3845; x_wconf 62' lang='lat' dir='ltr'><strong>luvionis</strong></span> <span class='ocrx_word' id='word_1_377' title='bbox 2321 3785 2579 3847; x_wconf 64' lang='lat' dir='ltr'><strong>principes</strong></span> <span class='ocrx_word' id='word_1_378' title='bbox 2612 3784 2779 3834; x_wconf 66' lang='lat' dir='ltr'><strong>kasta-</strong></span> 
     </span>
     <span class='ocr_line' id='line_1_43' title="bbox 674 3842 2777 3921; baseline 0.002 -28"><span class='ocrx_word' id='word_1_379' title='bbox 674 3842 946 3894; x_wconf 81' lang='lat' dir='ltr'><strong>demisisset</strong></span> <span class='ocrx_word' id='word_1_380' title='bbox 977 3844 1029 3893; x_wconf 89' lang='lat' dir='ltr'><strong>in</strong></span> <span class='ocrx_word' id='word_1_381' title='bbox 1052 3846 1251 3903; x_wconf 84' lang='lat' dir='ltr'><strong>vallem,</strong></span> <span class='ocrx_word' id='word_1_382' title='bbox 1271 3846 1358 3894; x_wconf 89' lang='lat' dir='ltr'><strong>ubi</strong></span> <span class='ocrx_word' id='word_1_383' title='bbox 1379 3860 1494 3894; x_wconf 89' lang='lat' dir='ltr'><strong>eum</strong></span> <span class='ocrx_word' id='word_1_384' title='bbox 1517 3846 1690 3896; x_wconf 75' lang='lat' dir='ltr'><strong>facilli-</strong></span> <span class='ocrx_word' id='word_1_385' title='bbox 1754 3848 1943 3921; x_wconf 71' lang='lat' dir='ltr'><strong>toequs]</strong></span> <span class='ocrx_word' id='word_1_386' title='bbox 1972 3846 2147 3903; x_wconf 76' lang='lat' dir='ltr'><strong>Quum</strong></span> <span class='ocrx_word' id='word_1_387' title='bbox 2164 3848 2413 3897; x_wconf 69' lang='lat' dir='ltr'><strong>centuriae</strong></span> <span class='ocrx_word' id='word_1_388' title='bbox 2432 3848 2655 3910; x_wconf 80' lang='lat' dir='ltr'><strong>singulae</strong></span> <span class='ocrx_word' id='word_1_389' title='bbox 2676 3849 2777 3897; x_wconf 79' lang='lat' dir='ltr'><strong>iam</strong></span> 
     </span>
     <span class='ocr_line' id='line_1_44' title="bbox 673 3907 2779 3974; baseline 0.002 -17"><span class='ocrx_word' id='word_1_390' title='bbox 673 3924 758 3963; x_wconf 84' lang='lat' dir='ltr'><strong>me</strong></span> <span class='ocrx_word' id='word_1_391' title='bbox 776 3907 1053 3972; x_wconf 75' lang='lat' dir='ltr'><strong>oppressuri</strong></span> <span class='ocrx_word' id='word_1_392' title='bbox 1071 3907 1164 3957; x_wconf 85' lang='lat' dir='ltr'><strong>sibi</strong></span> <span class='ocrx_word' id='word_1_393' title='bbox 1185 3908 1486 3959; x_wconf 78' lang='lat' dir='ltr'><strong>videbantm.</strong></span> <span class='ocrx_word' id='word_1_394' title='bbox 1514 3910 1677 3961; x_wconf 63' lang='lat' dir='ltr'><strong>cmiv·</strong></span> <span class='ocrx_word' id='word_1_395' title='bbox 1755 3910 1926 3973; x_wconf 72' lang='lat' dir='ltr'><strong>viginti</strong></span> <span class='ocrx_word' id='word_1_396' title='bbox 1958 3914 2011 3959; x_wconf 77' lang='lat' dir='ltr'><strong>et</strong></span> <span class='ocrx_word' id='word_1_397' title='bbox 2040 3916 2230 3974; x_wconf 75' lang='lat' dir='ltr'><strong>septem</strong></span> <span class='ocrx_word' id='word_1_398' title='bbox 2260 3910 2459 3971; x_wconf 83' lang='lat' dir='ltr'><strong>milites,</strong></span> <span class='ocrx_word' id='word_1_399' title='bbox 2478 3918 2531 3960; x_wconf 85' lang='lat' dir='ltr'><strong>et</strong></span> <span class='ocrx_word' id='word_1_400' title='bbox 2550 3912 2779 3961; x_wconf 73' lang='lat' dir='ltr'><strong>cohortes</strong></span> 
     </span>
    </p>

    <p class='ocr_par' dir='ltr' id='par_1_15' title="bbox 675 3972 2783 4356">
     <span class='ocr_line' id='line_1_45' title="bbox 745 3972 2783 4037; baseline 0.001 -14"><span class='ocrx_word' id='word_1_401' title='bbox 745 3984 772 4037; x_wconf 83' lang='lat'><strong>7</strong></span> <span class='ocrx_word' id='word_1_402' title='bbox 793 3974 1106 4034; x_wconf 66' lang='lat' dir='ltr'><strong>Dos-uiueret]</strong></span> <span class='ocrx_word' id='word_1_403' title='bbox 1131 3988 1198 4023; x_wconf 81' lang='lat' dir='ltr'><strong>se.</strong></span> <span class='ocrx_word' id='word_1_404' title='bbox 1215 3972 1402 4023; x_wconf 82' lang='lat' dir='ltr'><strong>Gonml</strong></span> <span class='ocrx_word' id='word_1_405' title='bbox 1419 3974 1694 4025; x_wconf 83' lang='lat' dir='ltr'><strong>Cornelius.</strong></span> <span class='ocrx_word' id='word_1_406' title='bbox 1758 3974 2061 4023; x_wconf 72' lang='lat' dir='ltr'><strong>hastatorum</strong></span> <span class='ocrx_word' id='word_1_407' title='bbox 2076 3980 2127 4023; x_wconf 82' lang='lat' dir='ltr'><strong>et</strong></span> <span class='ocrx_word' id='word_1_408' title='bbox 2144 3974 2421 4037; x_wconf 82' lang='lat' dir='ltr'><strong>principum</strong></span> <span class='ocrx_word' id='word_1_409' title='bbox 2438 3975 2651 4025; x_wconf 76' lang='lat' dir='ltr'><strong>tricenas</strong></span> <span class='ocrx_word' id='word_1_410' title='bbox 2664 3991 2783 4025; x_wconf 81' lang='lat' dir='ltr'><strong>een-</strong></span> 
     </span>
     <span class='ocr_line' id='line_1_46' title="bbox 677 4037 2777 4101; baseline 0 -12"><span class='ocrx_word' id='word_1_411' title='bbox 677 4040 1000 4090; x_wconf 67' lang='lat' dir='ltr'><strong>Deus-merent</strong></span> <span class='ocrx_word' id='word_1_412' title='bbox 1023 4037 1178 4088; x_wconf 82' lang='lat' dir='ltr'><strong>Drak.</strong></span> <span class='ocrx_word' id='word_1_413' title='bbox 1203 4042 1255 4087; x_wconf 84' lang='lat' dir='ltr'><strong>et</strong></span> <span class='ocrx_word' id='word_1_414' title='bbox 1274 4037 1450 4101; x_wconf 85' lang='lat' dir='ltr'><strong>reliqui</strong></span> <span class='ocrx_word' id='word_1_415' title='bbox 1471 4038 1585 4087; x_wconf 88' lang='lat' dir='ltr'><strong>edd.</strong></span> <span class='ocrx_word' id='word_1_416' title='bbox 1608 4040 1693 4088; x_wconf 84' lang='lat' dir='ltr'><strong>sed</strong></span> <span class='ocrx_word' id='word_1_417' title='bbox 1756 4037 1910 4087; x_wconf 73' lang='lat' dir='ltr'><strong>tin-ias</strong></span> <span class='ocrx_word' id='word_1_418' title='bbox 1928 4038 2184 4097; x_wconf 69' lang='lat' dir='ltr'><strong>haberent,</strong></span> <span class='ocrx_word' id='word_1_419' title='bbox 2200 4054 2263 4088; x_wconf 84' lang='lat' dir='ltr'><strong>ex</strong></span> <span class='ocrx_word' id='word_1_420' title='bbox 2284 4038 2361 4087; x_wconf 76' lang='lat' dir='ltr'><strong>his</strong></span> <span class='ocrx_word' id='word_1_421' title='bbox 2376 4054 2572 4087; x_wconf 82' lang='lat' dir='ltr'><strong>summa</strong></span> <span class='ocrx_word' id='word_1_422' title='bbox 2590 4054 2777 4089; x_wconf 72' lang='lat' dir='ltr'><strong>mx</strong></span> 
     </span>
     <span class='ocr_line' id='line_1_47' title="bbox 677 4100 2777 4165; baseline 0.002 -14"><span class='ocrx_word' id='word_1_423' title='bbox 677 4103 803 4153; x_wconf 86' lang='lat' dir='ltr'><strong>nihil</strong></span> <span class='ocrx_word' id='word_1_424' title='bbox 825 4102 1022 4153; x_wconf 83' lang='lat' dir='ltr'><strong>stultius</strong></span> <span class='ocrx_word' id='word_1_425' title='bbox 1041 4102 1183 4163; x_wconf 77' lang='lat' dir='ltr'><strong>foret,</strong></span> <span class='ocrx_word' id='word_1_426' title='bbox 1204 4116 1352 4165; x_wconf 81' lang='lat' dir='ltr'><strong>quam</strong></span> <span class='ocrx_word' id='word_1_427' title='bbox 1381 4101 1422 4152; x_wconf 85' lang='lat' dir='ltr'><strong>si</strong></span> <span class='ocrx_word' id='word_1_428' title='bbox 1448 4102 1695 4152; x_wconf 78' lang='lat' dir='ltr'><strong>Samnites</strong></span> <span class='ocrx_word' id='word_1_429' title='bbox 1757 4100 1972 4151; x_wconf 88' lang='lat' dir='ltr'><strong>militum</strong></span> <span class='ocrx_word' id='word_1_430' title='bbox 1996 4103 2361 4163; x_wconf 79' lang='lat' dir='ltr'><strong>conficiebatur,</strong></span> <span class='ocrx_word' id='word_1_431' title='bbox 2380 4104 2447 4153; x_wconf 82' lang='lat' dir='ltr'><strong>ad</strong></span> <span class='ocrx_word' id='word_1_432' title='bbox 2466 4118 2594 4165; x_wconf 85' lang='lat' dir='ltr'><strong>quos</strong></span> <span class='ocrx_word' id='word_1_433' title='bbox 2624 4103 2668 4152; x_wconf 81' lang='lat' dir='ltr'><strong>si</strong></span> <span class='ocrx_word' id='word_1_434' title='bbox 2698 4120 2777 4155; x_wconf 80' lang='lat' dir='ltr'><strong>ae-</strong></span> 
     </span>
     <span class='ocr_line' id='line_1_48' title="bbox 677 4166 2779 4229; baseline 0.001 -14"><span class='ocrx_word' id='word_1_435' title='bbox 677 4180 1004 4229; x_wconf 77' lang='lat' dir='ltr'><strong>agmensuum</strong></span> <span class='ocrx_word' id='word_1_436' title='bbox 1017 4166 1258 4216; x_wconf 79' lang='lat' dir='ltr'><strong>invallem</strong></span> <span class='ocrx_word' id='word_1_437' title='bbox 1270 4166 1494 4216; x_wconf 84' lang='lat' dir='ltr'><strong>infimam</strong></span> <span class='ocrx_word' id='word_1_438' title='bbox 1508 4166 1695 4215; x_wconf 84' lang='lat' dir='ltr'><strong>exloco</strong></span> <span class='ocrx_word' id='word_1_439' title='bbox 1758 4166 2013 4216; x_wconf 82' lang='lat' dir='ltr'><strong>cessissent</strong></span> <span class='ocrx_word' id='word_1_440' title='bbox 2032 4180 2103 4216; x_wconf 88' lang='lat' dir='ltr'><strong>1.x</strong></span> <span class='ocrx_word' id='word_1_441' title='bbox 2124 4166 2433 4217; x_wconf 81' lang='lat' dir='ltr'><strong>centuriones</strong></span> <span class='ocrx_word' id='word_1_442' title='bbox 2448 4172 2499 4216; x_wconf 77' lang='lat' dir='ltr'><strong>et</strong></span> <span class='ocrx_word' id='word_1_443' title='bbox 2519 4181 2641 4217; x_wconf 81' lang='lat' dir='ltr'><strong>xxx</strong></span> <span class='ocrx_word' id='word_1_444' title='bbox 2664 4183 2779 4217; x_wconf 80' lang='lat' dir='ltr'><strong>vex—</strong></span> 
     </span>
     <span class='ocr_line' id='line_1_49' title="bbox 675 4228 2779 4293; baseline 0.002 -14"><span class='ocrx_word' id='word_1_445' title='bbox 675 4232 924 4293; x_wconf 76' lang='lat' dir='ltr'><strong>superiore</strong></span> <span class='ocrx_word' id='word_1_446' title='bbox 945 4230 1278 4281; x_wconf 83' lang='lat' dir='ltr'><strong>deduxissent.</strong></span> <span class='ocrx_word' id='word_1_447' title='bbox 1337 4231 1510 4287; x_wconf 77' lang='lat' dir='ltr'><strong>Quare</strong></span> <span class='ocrx_word' id='word_1_448' title='bbox 1530 4232 1695 4281; x_wconf 65' lang='lat' dir='ltr'><strong>demu-</strong></span> <span class='ocrx_word' id='word_1_449' title='bbox 1756 4228 1923 4291; x_wconf 83' lang='lat' dir='ltr'><strong>illarii,</strong></span> <span class='ocrx_word' id='word_1_450' title='bbox 1956 4231 2254 4293; x_wconf 83' lang='lat' dir='ltr'><strong>praesidium</strong></span> <span class='ocrx_word' id='word_1_451' title='bbox 2296 4230 2431 4280; x_wconf 81' lang='lat' dir='ltr'><strong>haud</strong></span> <span class='ocrx_word' id='word_1_452' title='bbox 2466 4231 2621 4281; x_wconf 86' lang='lat' dir='ltr'><strong>dubie</strong></span> <span class='ocrx_word' id='word_1_453' title='bbox 2662 4233 2779 4283; x_wconf 65' lang='lat' dir='ltr'><strong>ntis</strong></span> 
     </span>
     <span class='ocr_line' id='line_1_50' title="bbox 676 4292 2777 4356; baseline 0.001 -11"><span class='ocrx_word' id='word_1_454' title='bbox 676 4301 800 4345; x_wconf 73' lang='lat' dir='ltr'><strong>teret</strong></span> <span class='ocrx_word' id='word_1_455' title='bbox 819 4295 1020 4344; x_wconf 87' lang='lat' dir='ltr'><strong>omnino</strong></span> <span class='ocrx_word' id='word_1_456' title='bbox 1039 4308 1116 4343; x_wconf 78' lang='lat' dir='ltr'><strong>res</strong></span> <span class='ocrx_word' id='word_1_457' title='bbox 1137 4293 1246 4356; x_wconf 81' lang='lat' dir='ltr'><strong>ipsa</strong></span> <span class='ocrx_word' id='word_1_458' title='bbox 1265 4294 1468 4355; x_wconf 75' lang='lat' dir='ltr'><strong>flagitat.</strong></span> <span class='ocrx_word' id='word_1_459' title='bbox 1757 4292 1977 4343; x_wconf 79' lang='lat' dir='ltr'><strong>validum</strong></span> <span class='ocrx_word' id='word_1_460' title='bbox 2008 4295 2073 4344; x_wconf 84' lang='lat' dir='ltr'><strong>ad</strong></span> <span class='ocrx_word' id='word_1_461' title='bbox 2105 4296 2285 4346; x_wconf 81' lang='lat' dir='ltr'><strong>collem</strong></span> <span class='ocrx_word' id='word_1_462' title='bbox 2316 4295 2641 4345; x_wconf 81' lang='lat' dir='ltr'><strong>obtinendum</strong></span> <span class='ocrx_word' id='word_1_463' title='bbox 2676 4296 2777 4347; x_wconf 80' lang='lat' dir='ltr'><strong>De-</strong></span> 
     </span>
    </p>

    <p class='ocr_par' dir='ltr' id='par_1_16' title="bbox 742 4355 2101 4418">
     <span class='ocr_line' id='line_1_51' title="bbox 742 4355 2101 4418; baseline 0.004 -13"><span class='ocrx_word' id='word_1_464' title='bbox 742 4358 773 4405; x_wconf 89' lang='lat'>8</span> <span class='ocrx_word' id='word_1_465' title='bbox 814 4359 1003 4418; x_wconf 78' lang='lat' dir='ltr'><strong>Unum]</strong></span> <span class='ocrx_word' id='word_1_466' title='bbox 1056 4356 1106 4408; x_wconf 83' lang='lat' dir='ltr'><strong>h.</strong></span> <span class='ocrx_word' id='word_1_467' title='bbox 1137 4372 1180 4406; x_wconf 91' lang='lat' dir='ltr'><strong>e.</strong></span> <span class='ocrx_word' id='word_1_468' title='bbox 1217 4356 1421 4407; x_wconf 82' lang='lat' dir='ltr'><strong>Editum</strong></span> <span class='ocrx_word' id='word_1_469' title='bbox 1459 4355 1695 4418; x_wconf 72' lang='lat' dir='ltr'><strong>aliquem,</strong></span> <span class='ocrx_word' id='word_1_470' title='bbox 1758 4357 1862 4409; x_wconf 82' lang='lat' dir='ltr'><strong>cius</strong></span> <span class='ocrx_word' id='word_1_471' title='bbox 1882 4358 2101 4410; x_wconf 78' lang='lat' dir='ltr'><strong>haberet.</strong></span> 
     </span>
    </p>
   </div>
   <div class='ocr_carea' id='block_1_13' title="bbox 2886 10 2938 302">
    <p class='ocr_par' dir='ltr' id='par_1_17' title="bbox 2886 10 2938 302">
     <span class='ocr_line' id='line_1_52' title="bbox 2886 10 2938 302; baseline 0 0"><span class='ocrx_word' id='word_1_472' title='bbox 2886 10 2938 302; x_wconf 71' lang='grc' dir='ltr'>ἱ</span> 
     </span>
    </p>
   </div>
   <div class='ocr_carea' id='block_1_14' title="bbox 2957 3031 2960 3121">
    <p class='ocr_par' dir='ltr' id='par_1_18' title="bbox 2957 3031 2960 3121">
     <span class='ocr_line' id='line_1_53' title="bbox 2957 3031 2960 3121; baseline 0 0"><span class='ocrx_word' id='word_1_473' title='bbox 2957 3031 2960 3121; x_wconf 59' lang='lat'>1</span> 
     </span>
    </p>
   </div>
   <div class='ocr_carea' id='block_1_15' title="bbox 2959 2658 2962 2748">
    <p class='ocr_par' dir='ltr' id='par_1_19' title="bbox 2959 2612 2962 2748">
     <span class='ocr_line' id='line_1_54' title="bbox 2959 2658 2962 2748; baseline 0 0"><span class='ocrx_word' id='word_1_474' title='bbox 2959 2658 2962 2748; x_wconf 62' lang='grc' dir='ltr'>ι</span> 
     </span>
    </p>
   </div>
  </div>
 </body>
</html>
