3000 4784
354 377 561 441 U.c.4

350 444 414 493 A.
448 445 561 507 C.3

360 1238 570 1289 Luceria

360 1308 519 1367 capta.

676 232 803 296 516
1440 223 1665 291 ΤΙΤΙ
1723 220 1996 289 L1v11

565 394 641 442 34.
680 374 701 405 ‘
722 366 1055 451 desperata
1080 360 1268 428 venia
1299 360 1514 426 hostes
1557 383 1774 426 caecos
1819 360 1888 424 in
1931 356 2242 447 supplicia
2277 382 2500 426 eorum
2541 376 2794 448 ageret,

570 446 642 496 ¹⁸·
682 461 701 491 ‘
722 451 987 539 perdere
1032 449 1226 537 priua,
1314 470 1461 512 uam
1506 447 1733 535 perire,
1775 447 2104 532 optantes!
2193 446 2490 513 Laudare
2539 471 2624 513 ea
2671 450 2789 512 mi-

678 539 840 615 lites,
871 537 1216 635 laetarique
1248 558 1289 601 o
1330 536 1499 599 viam
1529 534 1690 597 itum
1721 533 1848 597 irae
1879 554 2027 597 suae
2058 555 2215 611 esse,
2241 556 2314 598 ac
2335 534 2541 612 fateri,
2565 536 2800 599 omnia

678 622 981 712 patienda
1006 634 1238 709 potius,
1270 644 1462 709 quam
1502 619 1876 707 proderetur
1909 617 2077 683 salus
2117 632 2214 685 tot
2249 621 2622 708 principum
2657 620 2804 685 Ro-

682 732 907 774 manae
936 709 1299 774 iuventutis·

770 795 1051 861 Dimissa
1088 794 1414 871 concione,
1452 792 1786 859 consilium
1823 792 2131 871 habitum,
2161 794 2547 859 omnibusne
2585 796 2802 883 copiis

684 882 1021 963 Luceriam
1050 893 1429 967 premerent,
1454 902 1536 944 an
1567 878 1764 944 altero
1785 879 2067 943 exercitu
2091 893 2160 944 et
2179 880 2342 945 duce
2369 878 2576 967 Apuli
2597 882 2798 957 circa,

682 991 839 1056 gens
868 967 1100 1032 dubiae
1120 966 1203 1031 ad
1230 966 1299 1030 id
1315 966 1676 1043 volumnia,
1697 976 2108 1030 tentarentur.
2201 964 2520 1031 Publilius
2539 966 2798 1043 consul,

685 1054 767 1119 ad
819 1053 1273 1141 peragrandam
1332 1052 1650 1139 profectus
1704 1050 2028 1138 Apuliam,
2075 1052 2321 1139 aliquot
2370 1052 2800 1139 expeditione

685 1163 816 1206 una
841 1140 1111 1228 populos
1139 1152 1251 1204 aut
1276 1138 1341 1202 vi
1370 1138 1638 1225 subegit,
1667 1150 1782 1201 aut
1815 1137 2286 1203 conditionibus
2315 1138 2384 1203 in
2412 1138 2800 1204 societatem

686 1228 947 1329 accepit.
1038 1226 1292 1313 Papirio
1330 1247 1608 1312 quoque,
1640 1224 1752 1310 qui
1795 1224 2078 1289 obsessor
2106 1224 2416 1289 Luceriae
2445 1226 2797 1302 restiterat,

686 1315 863 1379 brevi
898 1314 980 1378 ad
1009 1335 1185 1400 spem
1230 1323 1496 1376 eventus
1531 1310 1875 1397 respondit.
1967 1308 2037 1374 N
2039 1333 2161 1388 am,
2193 1311 2444 1375 insessis
2487 1312 2798 1376 omnibus

688 1401 825 1477 viis,
855 1422 972 1487 per
998 1422 1154 1485 quas
1190 1408 1576 1463 commeatus
1619 1419 1700 1461 ex
1749 1396 2008 1461 Samnio
2051 1396 2589 1475 subvehebantur‚
2619 1398 2796 1462 firme

688 1487 915 1551 domiti
958 1485 1290 1562 Samnites,
1335 1483 1449 1571 qui
1492 1482 1800 1547 Luceriae
1844 1483 1912 1546 in
1955 1484 2267 1570 praesidio
2311 1496 2510 1560 erant,
2543 1483 2800 1571 legatos

687 1574 912 1638 misere
949 1572 1031 1637 ad
1074 1570 1397 1637 consulem
1446 1570 1830 1645 Romanum,
1861 1583 1954 1645 ut,
1985 1570 2253 1658 receptis
2295 1593 2334 1634 e
2379 1570 2646 1649 ustibus,
2679 1572 2798 1671 qui

688 1682 877 1723 causa
918 1657 1069 1723 belli
1112 1672 1339 1735 essent,
1386 1657 1710 1721 absisteret
1751 1654 2098 1720 obsidione.
2191 1654 2315 1720 His
2413 1656 2662 1757 apitius
2706 1672 2800 1721 ita

688 1744 1046 1832 respondit:
1099 1752 1118 1783 ⁶
1140 1744 1455 1808 Debuisse
1500 1765 1610 1807 eos
1654 1740 1978 1817 Pontium,
2018 1740 2331 1807 Herennii
2377 1742 2605 1821 filium,
2657 1767 2800 1831 quo

687 1839 711 1867 ‘
731 1841 985 1895 auctore
1036 1829 1361 1893 Romanos
1406 1828 1526 1893 sub
1576 1828 1796 1915 iugum
1843 1827 2178 1905 misissent,
2225 1828 2578 1907 consulere,
2625 1830 2796 1930 quid

690 1924 712 1955 ‘
729 1916 909 1980 victis
931 1914 1302 2002 patiendum
1327 1926 1631 1980 censeret.
1724 1912 2051 1992 Ceterum,
2076 1914 2375 2000 quoniam
2399 1915 2479 1980 ab
2495 1914 2798 1981 hosubus

687 2010 713 2040 ⁴
734 2002 802 2066 in
842 2025 909 2067 se
940 2024 1145 2089 aequa
1188 2001 1398 2078 statui,
1428 2022 1623 2088 quam
1653 2000 1720 2064 in
1759 2022 1827 2064 se
1862 2000 1983 2087 ipsi
2011 2000 2194 2078 ferre,
2226 2000 2586 2079 maluerint,
2617 2024 2798 2067 nun-

690 2096 714 2127 ‘
736 2088 889 2155 tiare
936 2088 1290 2153 Luceriam’
1335 2088 1534 2165 iussit,
1569 2096 1588 2127 ⁶
1605 2108 1794 2164 arma,
1839 2086 2128 2164 sarcinaS,
2161 2088 2464 2165 iumenta,
2494 2088 2796 2154 multitu-

364 2185 469 2261 qu
484 2184 657 2261 ‘iugum
692 2184 714 2214 ‘
730 2174 949 2241 dinem
960 2197 1212 2240 omnem
1233 2173 1553 2239 imbellem
1563 2173 1731 2237 intra
1746 2172 2002 2238 moenia
2015 2172 2474 2261 relinquerent:
2513 2174 2792 2241 militem

362 2264 497 2298 ”¹¹⁸⁰
520 2250 657 2300 Sam-
688 2273 712 2301 ‘
732 2286 800 2329 se
845 2286 991 2327 cum
1036 2260 1300 2349 singulis
1336 2259 1728 2325 vestimentis
1769 2259 1888 2323 sub
1930 2258 2150 2361 iugum
2197 2260 2554 2339 missurum,
2595 2260 2794 2327 ulcis-

364 2314 506 2364 niteo.

690 2358 713 2388 ‘
734 2362 984 2414 centem
1004 2347 1261 2425 illatam,
1280 2370 1413 2412 non
1430 2369 1660 2411 novam
1678 2346 2056 2410 inferentem
2077 2346 2530 2434 ignominiam?
2599 2346 2794 2413 Nssul

688 2447 1063 2501 recusatum.
1159 2432 1241 2499 Se
1288 2446 1419 2498 tem
1448 2432 1650 2496 millia
1675 2432 1948 2497 militum
1979 2433 2098 2498 sub
2125 2432 2346 2520 iugum
2371 2434 2580 2511 missa,
2605 2456 2794 2521 prae·

690 2522 899 2610 daque
968 2522 1195 2607 ingens
1240 2456 1562 2583 1Luceriae
1631 2530 1833 2605 capta,
1893 2519 2164 2606 receptis
2231 2518 2526 2584 omnibus
2589 2521 2792 2607 siguis

690 2608 1025 2695 armisque,
1071 2630 1234 2695 quae
1286 2604 1369 2671 ad
1416 2602 1738 2669 Caudium
1786 2604 2157 2682 amiserant3
2215 2617 2299 2683 et,
2347 2606 2524 2706 quod
2571 2609 2796 2672 omnia

690 2696 1025 2782 superabat
1052 2693 1303 2782 gaudia,
1334 2691 1656 2795 equitibus
1693 2690 2097 2778 recuperatis,
2127 2714 2288 2778 quos
2315 2714 2382 2779 p1
2473 2714 2588 2757 ora
2739 2695 2794 2758 is

688 2781 1137 2847 custodiendos
1180 2780 1516 2845 Luceriam
1566 2776 1883 2843 Samnites
1927 2776 2255 2843 dederant.
2420 2778 2550 2843 aud
2613 2802 2792 2845 erme

687 2866 813 2931 alia
840 2867 1191 2931 mutatione
1221 2866 1429 2930 subita
1456 2880 1666 2929 rerum
1706 2862 1933 2928 clarior
1958 2864 2218 2930 victoria
2253 2864 2474 2965 populi
2507 2864 2790 2931 Romani

686 2965 818 3017 est:
865 2951 1181 3037 siquidem
1210 2952 1399 3015 etiam
1418 2950 1626 3037 (quod
1648 2948 2025 3037 quibusdam
2055 2951 2126 3015 in
2143 2950 2474 3025 armahbus
2495 2952 2792 3039 invenio)

689 3035 980 3114 Pontius,
1012 3036 1329 3101 Herennii
1357 3036 1545 3114 filius,
1583 3036 1964 3103 Samnitium
1999 3038 2358 3125 imperator,
2389 3050 2466 3103 ut
2500 3040 2792 3127 expiaret

688 3120 1021 3189 consulum
1069 3123 1083 3137 '
1177 3121 1498 3199 ominiam,
1530 3123 1649 3189 sub
1691 3124 1913 3211 iugum
1957 3145 2104 3188 cum
2145 3124 2370 3189 ceteris
2412 3138 2512 3189 est
2538 3128 2784 3191 mimus.

696 3210 1003 3276 Ceterum
1039 3209 1061 3274 i
1145 3208 1356 3273 minus
1396 3209 1607 3286 miror,
1639 3210 1975 3275 obscurum
2011 3232 2144 3275 esse
2183 3209 2265 3274 de
2295 3211 2576 3277 hostium
2623 3212 2788 3278 duce

690 3296 911 3362 dedito
940 3298 1255 3383 missoque
1284 3296 1403 3360 sub
1432 3295 1496 3359 iu
1590 3317 1688 3359 m:
1736 3295 1806 3359 id
1835 3296 2034 3383 magis
2063 3296 2347 3362 mirabile
2377 3309 2495 3374 cst,
2529 3300 2786 3387 ambigi,

692 3383 1015 3448 Luciusne
1094 3381 1431 3448 Cornelius
1486 3318 1760 3446 &litator
1829 3404 1975 3447 cum
2045 3382 2121 3447 L.
2154 3382 2411 3470 Papirio
2484 3382 2788 3461 Cursore,

688 3469 989 3557 magistro
1033 3469 1340 3571 equitum,
1372 3490 1477 3532 eas
1517 3489 1617 3531 res
1649 3466 1735 3531 ad
1773 3466 2115 3547 Caudium,
2145 3481 2336 3558 atque
2381 3469 2534 3534 inde
2575 3470 2790 3536 Luce·

686 3557 851 3621 riam
889 3570 1169 3643 gesserit,
1200 3555 1493 3640 ultorque
1533 3553 1764 3618 unicus
1805 3554 2134 3620 Romanae
2170 3556 2581 3642 ignominiae,
2613 3556 2786 3621 haud

686 3642 884 3705 sciam
928 3665 1012 3706 an
1054 3642 1393 3705 iustissimo
1436 3640 1628 3705 trium
1673 3638 1760 3703 bo
1803 3640 1886 3704 ad
1929 3662 2072 3705 eam
2115 3654 2386 3706 aetatem
2429 3642 2784 3708 sectmdum

684 3724 951 3809 Furium
988 3725 1351 3804 Camillum,
1384 3727 1620 3813 triump
1703 3727 1902 3803 verit3
1950 3750 2029 3791 an
2059 3727 2390 3793 consulum
2414 3726 2784 3816 Papiriique

685 3810 1095 3901 praecipuum
1122 3811 1188 3874 id
1207 3813 1404 3876 decus
1420 3812 1519 3877 sit.
1599 3811 1906 3899 Sequitur
1920 3812 2094 3877 hunc
2111 3834 2388 3877 errorem
2405 3812 2570 3879 alius
2589 3838 2782 3893 error,

683 3896 1011 3963 Cursorne
1042 3896 1333 3982 Papirius
1362 3898 1668 3983 proximis
1707 3898 1978 3963 comitiis
2014 3921 2163 3964 cum
2199 3900 2282 3975 Q.
2309 3899 2508 3964 Aulio
2553 3899 2784 3967 Cerre—
2797 3928 2828 3978 9

684 3998 836 4052 tano
892 3985 1141 4063 iterum,
1195 3982 1279 4049 ob
1329 4004 1465 4048 rem
1523 3983 1689 4048 bene
1746 3998 1988 4071 gestam
2039 3985 2348 4051 Luceriae
2405 3986 2784 4055 continuato

742 4242 777 4291 9
810 4228 867 4283 Q.
888 4228 1041 4277 Aulio
1062 4228 1329 4277 Cerretano
1348 4229 1552 4286 iterum]
1599 4227 1697 4275 Au·
1761 4227 2035 4276 observavit
2075 4227 2244 4276 Livius
2282 4228 2379 4279 viii.
2415 4242 2492 4291 37.
2562 4230 2668 4281 Eos
2699 4248 2782 4283 ati-

678 4288 803 4335 iium
836 4288 887 4335 in
906 4289 1202 4348 ‚quibusdam
1237 4291 1497 4339 annalibus
1529 4305 1697 4339 consu·
1763 4291 1900 4338 nales
1931 4290 2014 4338 hic
2043 4292 2278 4352 nequitur,
2299 4292 2416 4340 dum
2439 4295 2650 4344 Aulium
2671 4313 2781 4347 cou-

678 4350 777 4405 lem
819 4364 930 4405 cum
968 4351 1025 4397 C.
1062 4352 1282 4413 Sulpicio
1317 4352 1515 4414 seper-iri
1551 4366 1698 4412 supra
1761 4352 1918 4400 sulem
1941 4356 2120 4402 iterum
2140 4354 2318 4402 scribit.
2351 4356 2516 4406 Cur.
