3000 4784
812 234 1009 303 LIB.
1060 232 1175 303 IV.
1237 236 1459 305 CAP.
1511 242 1613 305 60.
2141 246 2266 307 285

150 377 389 455 altiore,
441 400 581 465 qua
636 379 879 444 nullum
930 394 1065 445 erat
1115 382 1521 467 praesidium,
1571 383 1816 469 ingenti
1867 382 2142 447 clamore
2191 406 2264 448 ac
2289 398 2354 449 U.
2379 400 2436 449 0.
2463 411 2571 465 349.

150 464 430 528 tumultu
494 467 759 531 moenia
814 468 1115 531 invasere.

147 550 399 697 pefecti,
452 554 578 638 qui
636 553 931 617 adversus
978 552 1245 619 Fabium
1292 554 1517 619 urbem
1568 554 1853 618 infimam
1906 556 2266 636 tuebantur,

170 658 357 700 ocum
395 638 650 703 dedere
691 638 886 704 scalas
926 640 1327 718 admovendi,
1360 640 1677 727 plenaque
1718 640 1998 705 hostium
2038 657 2271 708 cuncta

147 734 345 799 erant,
398 738 470 789 et
524 725 797 789 immitis
840 727 951 790 diu
1004 727 1231 791 caedes
1288 728 1524 814 pariter
1569 728 1950 813 fugientium
1998 750 2070 793 ac
2117 730 2270 795 resi-

144 810 459 874 stentium
518 824 909 877 armatorum
958 825 1149 899 atque
1212 812 1552 877 inermium
1597 814 1736 877 fuit.
1856 813 2270 901 Cogebantur

145 894 365 981 itaque
396 896 591 976 victi,
622 900 775 985 quia
802 898 1173 964 cedentibus
1203 899 1336 985 spei
1368 900 1530 963 nihil
1566 914 1717 977 erat,
1748 922 2032 987 pugnam
2061 901 2262 965 inire:

102 1002 125 1033 2
146 1002 345 1065 quum
390 986 889 1070 pronuntiatum
930 998 1214 1071 repente,
1252 1008 1335 1049 ne
1410 986 1508 1049 uis
1545 1000 1800 1072 praeter
1837 1000 2106 1050 armatos
2135 988 2269 1052 vio-

144 1066 404 1146 laretur,
437 1070 765 1158 reliquam
809 1092 1063 1135 omnem
1108 1071 1365 1135 multitu
1412 1072 1582 1135 inem
1627 1066 2046 1136 voluntarium
2090 1074 2271 1136 exuit

146 1155 335 1218 armis
360 1154 385 1219 ε’
430 1178 719 1243 quorum
759 1157 843 1221 ad
880 1156 1012 1220 duo
1052 1156 1252 1221 millia
1288 1169 1357 1220 et
1386 1158 1724 1244 quingenti
1753 1158 1880 1221 vivi
1911 1159 2264 1243 capiuntur.

148 1240 211 1302 A
242 1253 469 1311 cetera
504 1243 749 1329 praeda
777 1242 1009 1306 Fabius
1044 1243 1313 1307 militem
1353 1244 1696 1318 abstinuit3
1745 1244 1950 1308 donec
1989 1243 2111 1307 coll
2231 1267 2266 1308 e

146 1328 491 1393 venirent:
546 1330 629 1393 ab
674 1327 797 1393 illis
836 1352 1091 1415 quoque
1134 1330 1518 1393 exercitibus
1557 1352 1630 1392 ca
1675 1342 1813 1393 tum
1857 1332 2089 1393 Anxur
2113 1267 2268 1393 Ἑ-

146 1412 340 1475 titans
370 1436 543 1491 esse,
576 1414 690 1500 qui
730 1426 973 1479 ceteros
1004 1414 1269 1481 Volscos
1313 1438 1352 1479 a
1392 1416 1598 1501 praesi
1647 1416 1708 1479 io
1753 1416 1889 1479 eius
1927 1414 2052 1478 loci
2091 1438 2269 1479 aver-

150 1497 395 1563 tissent.
502 1500 645 1575 Qui
688 1502 798 1566 ubi
836 1513 1169 1578 venerunt,
1209 1502 1516 1589 oppidum
1555 1512 1768 1565 vetere
1811 1502 2068 1565 fortuna
2109 1524 2268 1601 opu-

148 1580 401 1649 lentum
432 1599 575 1651 tres
604 1588 921 1652 exercitus
949 1587 1309 1689 diripuere=
1359 1612 1561 1689 eaque
1595 1587 1872 1675 primum
1909 1587 2267 1675 benignitas

1226 468 1336 531 Ad
1397 490 1590 554 quem
1651 468 1992 532 tumultum
2053 470 2268 534 obstu—
2285 466 2346 513 Α·
2381 466 2440 514 O.
2463 478 2574 527 403·

150 1668 621 1756 imperatorum
648 1674 903 1774 plebem
926 1674 1220 1738 Patribus
1249 1675 1622 1738 conciliavit.
1687 1674 2004 1738 Additum
2028 1675 2262 1739 deinde
2285 1686 2554 1735 Decretum

150 1758 447 1823 omnium
498 1782 781 1825 maxime
830 1762 1204 1847 tempestivo
1253 1762 1616 1847 principum
1667 1762 1736 1823 in
1787 1761 2263 1825 multitudinem

152 1862 443 1923 munere,
501 1858 581 1911 ut
631 1860 779 1911 ante
832 1848 1221 1911 mentionem
1280 1846 1474 1911 ullam
1525 1847 1728 1935 plebis
1787 1848 2262 1912 tribunorumve

112 1940 137 1985 3
156 1926 545 1997 decerneret
592 1946 867 2010 senatuS,
920 1946 994 1996 ut
1042 1932 1431 2019 stipendium
1481 1933 1661 1997 miles
1713 1934 1794 1997 de
1845 1933 2102 2020 publico
2159 1956 2302 2004 ac-.

155 2012 419 2099 ciperet,
461 2041 669 2106 quum
716 2034 863 2084 ante
910 2018 977 2082 id
1016 2032 1265 2105 tempus
1304 2020 1387 2083 de
1428 2042 1542 2083 suo
1579 2020 1848 2106 quisque
1887 2020 2144 2083 fianctus
2187 2042 2265 2084 eo

161 2118 427 2168 munere
493 2119 675 2169 esset.
772 2104 957 2169 Nihil
1013 2116 1345 2192 acceptum
1402 2128 1686 2191 unquam
1745 2130 1784 2169 a
1839 2105 2025 2191 plebe
2087 2117 2267 2169 tanto

160 2188 397 2268 gaudio
428 2191 723 2255 traditur.
819 2190 1219 2255 Concursum
1260 2192 1312 2255 it
1398 2213 1479 2255 ue
1510 2192 1592 2254 ad
1622 2192 1860 2254 curiam
1892 2212 2046 2267 esse,
2123 2212 2268 2277 ren—

165 2284 459 2361 satasque
525 2278 897 2342 exeuntium
962 2300 1205 2353 manus»,
1268 2292 1333 2342 et
1449 2290 1615 2341 atres
1672 2298 1818 2341 vere
1879 2300 1916 2340 a
1961 2277 2064 2363 pel
2091 2288 2266 2351 atos;

168 2358 471 2427 effectum
502 2386 637 2428 esse
664 2364 1026 2440 fatentibuS,
1058 2378 1133 2427 ut
1162 2386 1351 2427 nemo
1391 2384 1508 2450 pro
1549 2375 1679 2426 tam
1719 2363 1894 2425 muni
1945 2386 2020 2425 ca
2046 2364 2268 2449 patria,

168 2442 369 2512 donec
420 2450 769 2538 quicquam
814 2451 1044 2513 virium
1096 2463 1471 2534 superesset,
1521 2448 1768 2533 corpori
1819 2461 1928 2511 aut
1978 2448 2270 2533 sanguini

127 2549 277 2595 4suo
306 2550 619 2621 parceret.
716 2536 937 2611 Quum
978 2533 1392 2599 commoditas
1427 2535 1691 2609 iuvaret,
1729 2556 1862 2596 rem
1897 2532 2271 2597 familiarem

170 2617 389 2686 saltem
420 2624 829 2711 acquiescere
860 2645 937 2687 eo
968 2635 1274 2708 tempore,
1308 2642 1436 2707 quo
1466 2640 1694 2705 corpus
1723 2618 2049 2682 addictum
2079 2632 2270 2705 atque

174 2706 507 2788 operatu‘m
542 2709 924 2797 reipublicae
966 2721 1169 2783 esset3
1220 2720 1376 2784 tum,
1409 2705 1585 2793 quod
1626 2703 1794 2769 ultro
1832 2706 1950 2769 sibi
1991 2705 2270 2769 oblatum

131 2805 155 2853 5
174 2806 349 2871 esset,
382 2819 518 2861 non
548 2818 588 2859 a
617 2796 885 2860 tribunis
912 2794 1117 2881 plebis
1146 2816 1429 2878 unquam
1460 2792 1790 2880 agitatum,
1822 2814 1952 2856 non
1983 2792 2114 2855 suis
2143 2813 2274 2855 ser-

237 2974 264 3007 2
298 2962 693 3013 pronuntiatum
712 2968 912 3024 repente
928 2996 941 3009 .
960 2996 973 3009 .
994 2997 1006 3009 .
1024 2963 1189 3021 exuit]

176 3020 405 3075 Diditum
462 3032 663 3089 repento
725 3024 1193 3088 pronuntiatumque

179 3098 264 3147 Per
312 3106 579 3151 praecones
624 3092 807 3139 ducum
854 3091 1191 3137 Romanorum

1257 2976 1319 3009 ex
1342 2962 1544 3021 aerario,
1557 2970 1705 3025 atque
1727 2963 1776 3012 in
1799 2964 1928 3012 hanc
1947 2978 2050 3011 rem
2067 2966 2276 3025 vectigal

1256 3026 1357 3087 agri
1380 3026 1568 3089 publici
1590 3029 1941 3088 possessoribus
1970 3026 2271 3089 impositum,

178 3148 242 3196 im
310 3153 435 3203 rium
488 3170 553 3203 ne
624 3155 703 3202 uis
778 3158 939 3201 raeter
980 3157 1193 3199 armatos
1254 3089 1487 3200 53Γίυὲἷὲ
1519 3091 1640 3201 eltebii
1654 3090 2271 3202 qtlvitpgiccizge‘iiigizcltfflffi

181 3166 458 3280 vioplaisetur}
488 3170 687 3281 impglit
716 3170 955 3279 rguquam
994 3228 1194 3265 omnem
1257 3190 1346 3265 ια’
1389 3170 1544 3266 Mihi:
1568 3194 1678 3265 vero
1707 3217 1789 3264 hic
1821 3232 1910 3277 pro
1936 3218 2100 3279 pedite
2126 3216 2271 3264 sumi-

184 3274 389 3330 hostium
428 3282 814 3340 multitudinem,
844 3286 903 3328 ut
936 3281 1107 3329 volens
1144 3284 1195 3327 et
1258 3286 1354 3328 tur.

184 3352 267 3389 sua
283 3352 461 3406 sponte
476 3360 612 3393 arma
634 3352 850 3407 poneret.
875 3344 1035 3393 Can-v.
1070 3346 1194 3393 Pro-
1318 3362 1349 3405 4
1373 3344 1534 3402 Quum
1551 3344 1853 3391 commoditas
1867 3342 2086 3401 iuvaret]
2101 3343 2272 3398 Quum

183 3411 465 3458 nuntiam»
498 3409 735 3468 similiter,
756 3414 813 3456 ut
834 3422 965 3469 supr.
989 3420 1067 3472 49.
1092 3414 1194 3457 ten-
1259 3406 1347 3456 illa
1392 3406 1714 3455 commoditas
1759 3407 1972 3453 multum
2028 3407 2272 3466 placebat,

188 3471 337 3519 mm
358 3476 423 3521 ab
442 3476 501 3522 L.
524 3475 702 3522 Senio.
1260 3472 1393 3533 quod
1430 3484 1506 3519 res
1541 3469 1794 3517 familiaris
1835 3468 2160 3530 acquiesceret
2183 3506 2195 3518 .
2219 3502 2233 3518 .
2257 3506 2272 3519 .

249 3548 275 3594 3
307 3538 615 3598 Stipendium
642 3538 778 3584 miles
801 3536 860 3584 de
888 3536 1085 3596 publico
1116 3550 1193 3583 ao-

186 3596 387 3661 dperet]
420 3599 635 3662 Singulis
655 3598 901 3661 peditibus
922 3606 1121 3646 centum
1142 3598 1193 3646 in

191 3670 400 3731 inensem
432 3663 629 3739 triginta
652 3663 839 3711 diemm
872 3678 1020 3721 asses,
1044 3660 1195 3723 equit-

192 3722 293 3793 }bus
318 3729 531 3787 ducenti,
565 3728 918 3789 pendebantur.
987 3726 1195 3787 Triplex

190 3786 308 3837 illud
328 3792 645 3855 stipendium,
666 3790 797 3852 quod
820 3806 899 3838 an.
926 3802 1033 3850 354.
1053 3788 1120 3837 U.
1136 3789 1193 3837 C.

195 3862 223 3894 a
237 3852 324 3903 Cn.
342 3856 569 3905 Cornelio
587 3857 739 3905 Cosso
761 3853 1007 3916 equitibus
1028 3854 1197 3900 datum

196 3920 280 3974 θεῖ,
308 3918 367 3967 iis
396 3921 574 3979 solum,
607 3919 691 3980 qui
724 3919 864 3979 equis
902 3916 1003 3965 suis
1046 3928 1197 3963 mere-

196 3974 323 4042 bant,
357 3984 648 4032 solvebatur.
724 3982 999 4030 Niebuhr-io
1034 3980 1199 4041 placet

196 4041 385 4095 minime
420 4048 517 4095 hoc
560 4047 717 4108 primo
758 4050 981 4106 tempore
1014 4043 1195 4105 stipen-

198 4102 324 4157 dium
372 4110 610 4158 militibus
653 4112 824 4157 datum
868 4108 1051 4165 fuioee3
1110 4106 1195 4153 sed

198 4176 333 4221 antes
362 4175 559 4235 quidem
594 4186 855 4221 numerum
893 4184 1079 4229 eorum,
1111 4168 1196 4231 qui

202 4231 485 4295 stipendiarii
514 4245 691 4295 essent,
712 4236 907 4283 finitum
926 4235 1077 4282 fuisse
1108 4248 1197 4295 pro

204 4308 390 4349 numero
421 4301 745 4349 aerariorum:
784 4314 917 4347 nunc
948 4313 1063 4346 vero
1094 4310 1196 4344 om-

204 4358 350 4423 nibus,
376 4364 459 4426 qui
492 4362 788 4421 militabant,
820 4362 1064 4423 stipendia
1095 4359 1197 4408 dari

1256 3541 1363 3583 tum
1388 3550 1447 3582 eo
1468 3534 1769 3583 efficiebatur
1800 3533 2080 3594 multiplex,
2101 3532 2152 3580 id
2183 3538 2276 3593 est,

1258 3600 1417 3646 multo
1454 3598 1614 3645 maius
1649 3597 1899 3658 gaudium,
1929 3598 2059 3657 quod
2097 3612 2275 3645 munus

1260 3662 1354 3710 hoc
1376 3664 1507 3710 ultro
1529 3660 1620 3709 sibi
1643 3662 1862 3708 oblatum
1887 3666 2027 3709 esset.
2062 3661 2223 3711 ΟΜΝ.

1331 3738 1358 3787 5
1392 3726 1510 3773 Non
1547 3740 1580 3771 a
1614 3725 1828 3772 tribunis
1859 3726 2018 3787 plebis
2053 3740 2272 3789 unquam

1258 3788 1520 3849 agitatum]
1560 3788 1723 3848 Haec,
1751 3788 1791 3837 si
1825 3802 1854 3835 a
1884 3802 2036 3836 manu
2068 3788 2275 3838 Liviana

1262 3852 1522 3913 prodeunt,
1562 3853 1716 3901 mirae
1758 3852 1899 3901 illum
1943 3854 2159 3901 incuriae
2200 3864 2272 3900 ar·

1260 3921 1431 3977 gaunt,
1466 3916 1550 3976 qui
1587 3916 1687 3965 iam
1725 3932 1856 3979 supr.
1894 3914 1968 3979 36.
2003 3932 2034 3963 a
2069 3916 2275 3963 tribunis

1260 3994 1371 4041 spes
1406 3986 1669 4029 ostentatas
1699 3980 1866 4029 scribit
1894 3984 1950 4028 in
1981 3980 2276 4041 stipendium

1258 4044 1465 4091 militum
1497 4046 1730 4106 croyandi
1762 4048 1893 4094 aeris
1912 4063 1928 4091 .·
1963 4042 2094 4103 quod
2117 4042 2156 4088 si
2180 4051 2275 4087 vox

1258 4107 1349 4155 illa
1378 4124 1598 4183 unquam
1640 4110 1775 4155 mala
1815 4106 2121 4155 librariorum
2161 4116 2278 4175 cura

1259 4170 1518 4231 irrepserit,
1540 4175 1647 4218 tum
1671 4170 1794 4217 nihil
1817 4170 1869 4218 in
1895 4182 2033 4216 mora
2054 4170 2144 4223 cst,
2157 4178 2276 4239 quin

1261 4240 1425 4282 noster
1444 4234 1535 4281 sibi
1558 4238 1779 4291 constet;
1817 4238 1866 4279 et
1886 4228 2174 4279 vertendum
2196 4234 2276 4286 sit,

1262 4312 1365 4345 rem
1395 4298 1491 4344 hoc
1523 4304 1654 4345 anno
1687 4312 1786 4344 non
1823 4300 1970 4342 antea
2007 4306 2038 4337 a
2071 4290 2278 4339 tribunis

1262 4359 1494 4421 agitatam
1519 4360 1679 4406 fuisse.

2283 1749 2522 1798 militibus

2279 1814 2592 1877 stipendium.

2389 2104 2492 2163 60.
