3000 4784
763 230 953 297 LIB.
1002 230 1191 297 VIII.
1260 230 1481 297 CAP.
1533 239 1635 298 33.
2125 238 2256 299 489

104 364 317 431 Inde
352 363 589 431 clamor
616 364 687 431 in
716 378 913 431 totam
944 366 1321 433 concionem
1346 382 1443 431 est
1470 368 1785 455 perlatus:
1833 367 1983 433 alibi
2057 390 2252 445 reces,
2279 383 2347 433 U.
2371 384 2430 433 c.
2454 380 2565 443 430:

106 452 295 517 alibi
336 452 547 518 minae
576 451 1013 518 audiebantur.
1110 453 1245 527 Qui
1270 454 1549 540 proximi
1565 454 1726 520 forte
1757 456 1974 521 tribun
2065 468 2257 521 stete·
2277 450 2340 498 A.
2371 448 2432 499 0·
2459 460 2566 507 3²²·

106 551 315 615 rant,
344 538 496 625 quia
510 538 779 603 subiecti
809 539 1007 605 oculis
1034 540 1429 626 imperatoris
1456 542 1753 606 noscitari
1783 556 2095 629 poterant,
2121 564 2259 607 ora-

108 626 333 702 bant,
366 640 437 689 ut
470 638 758 711 parceret
784 626 1083 713 magistro
1112 627 1423 712 equitum,
1454 651 1586 692 neu
1613 652 1761 695 curn
1791 654 1870 694 eo
1905 630 2260 695 exercitum

113 712 507 777 damnaret.
601 711 909 777 Extrema
945 713 1169 778 concio
1200 726 1267 777 et
1294 713 1463 779 circa
1489 715 1760 780 Fabium
1797 716 2024 803 globus
2053 716 2260 781 incre-

114 800 395 885 pabant
462 797 913 863 inclementem
982 800 1393 865 dictatorem:
1470 824 1591 865 nec
1649 804 1873 890 procul
1945 803 2258 869 seditione

116 886 439 949 aberant.
534 883 639 949 Ne
672 885 951 949 tribunal
979 886 1241 972 quidem
1271 888 1422 951 satis
1449 889 1742 974 quietum
1786 904 1936 955 erat.
2031 888 2261 975 Legati

120 971 636 1036 circumstantes
687 972 905 1036 sellam
958 975 1240 1049 orabant,
1286 987 1359 1037 ut
1406 996 1542 1038 rem
1595 976 1662 1039 in
1713 991 2033 1062 posterum
2087 976 2262 1051 diem

122 1057 465 1134 differret,
511 1072 577 1121 et
618 1059 747 1123 irae
792 1082 943 1123 suae
986 1060 1279 1145 spatium,
1326 1074 1393 1123 et
1435 1061 1700 1125 consilio
1745 1076 1998 1148 tempus
2042 1061 2258 1125 daret:

130 1152 149 1181 ‘
183 1143 373 1208 Satis
421 1144 787 1231 castigatam
838 1146 1329 1210 adolescentiam
1383 1146 1563 1211 Fabii
1617 1170 1786 1213 esse:
1853 1150 2004 1213 satis
2053 1147 2264 1211 defor-

130 1238 150 1267 ‘
172 1243 436 1295 matam
466 1231 829 1297 victoriam:
876 1256 959 1296 ne
982 1233 1065 1296 ad
1096 1245 1455 1297 extremum
1483 1232 1682 1297 finem
1712 1234 2007 1321 supplicii
2039 1233 2266 1297 tende·-

82 1345 106 1376 2
132 1326 153 1353 ‘
178 1331 333 1381 ret:
384 1339 515 1381 neu
544 1317 735 1383 unico
764 1318 1002 1395 iuveni,
1034 1342 1163 1382 neu
1191 1319 1354 1404 patri
1384 1320 1540 1396 eius,
1573 1319 1918 1384 clarissimo
1947 1320 2102 1396 vir0,
2135 1340 2266 1383 neu

136 1412 157 1440 ‘
178 1402 435 1467 Fabiae
463 1404 643 1489 genti
672 1428 813 1469 eam
842 1406 1209 1491 iniungeret
1232 1406 1687 1491 ignominiam?
1780 1406 2002 1480 Quum
2041 1426 2266 1492 pamm

132 1490 475 1575 precibu3‚
500 1512 725 1575 parum
753 1514 941 1556 causa
1014 1492 1369 1569 reficerent,
1396 1492 1669 1557 ‘intueri
1699 1493 2084 1557 saevientem
2115 1514 2268 1555 con-

140 1586 159 1611 ‘
178 1576 472 1640 cionem’
506 1576 829 1643 iubebant.
922 1588 943 1615 ‘
997 1594 1061 1642 ta
1102 1578 1357 1641 irritatis
1402 1578 1676 1643 militum
1723 1580 1950 1643 animis
1993 1577 2268 1643 subdere

140 1670 161 1699 ‘
185 1662 425 1747 ignem
468 1686 543 1727 ac
584 1664 913 1729 materiam
956 1664 1275 1740 seditioni,
1306 1687 1439 1729 non
1482 1688 1618 1731 esse
1663 1667 1910 1742 aetatis,
1941 1688 2072 1729 non
2116 1686 2269 1751 pru-

92 1766 121 1812 3
146 1758 164 1784 ‘
190 1748 467 1813 dentiae
498 1751 652 1813 eiua.
745 1750 1091 1815 Neminem
1122 1750 1189 1814 id
1224 1750 1305 1825 Q.
1341 1751 1558 1829 Fabio,
1590 1774 1862 1841 poenam
1900 1750 2271 1851 deprecanti

146 1844 166 1871 ‘
186 1857 405 1911 suam,
418 1835 573 1901 vitio
590 1859 937 1913 versurum,
952 1837 1067 1901 sed
1084 1837 1397 1914 dictatori,
1410 1838 1464 1901 si
1482 1851 1850 1903 occaecatus
1867 1838 1960 1902 ira
1977 1837 2270 1901 infestam

150 1930 167 1957 ‘
188 1919 681 1985 multitudinem
713 1924 783 1986 in
810 1946 877 1987 se
906 1946 1099 2009 pravo
1129 1925 1473 1988 certamine
1507 1926 1824 1989 movisset.
1915 1924 2268 2001 Postremo,

96 2034 125 2073 4
151 2016 171 2044 ‘
191 2030 285 2071 ne
336 2007 405 2071 id
448 2031 515 2071 se
558 2009 795 2094 gratiae
835 2008 983 2073 dare
1035 2009 1117 2083 Q.
1145 2009 1325 2074 Fabii
1368 2011 1676 2087 crederet,
1719 2034 1784 2075 se
1829 2010 2272 2075 iusiurandum

152 2102 171 2131 ‘
198 2094 366 2159 dare
411 2109 659 2179 paratos
688 2118 859 2171 esse3
908 2118 1037 2159 non
1066 2095 1269 2158 videri
1314 2119 1349 2158 e
1397 2097 1739 2195 republica,
1771 2098 1837 2159 in
1890 2096 1974 2170 Q.
2001 2095 2269 2160 Fabium

157 2190 177 2217 ‘
200 2204 289 2244 eo
326 2194 607 2267 tempore
646 2182 1099 2245 animadverti)
1190 2180 1314 2243 His
1342 2184 1604 2245 vocibus
1632 2204 1832 2267 quum
1869 2182 1937 2243 in
1967 2204 2034 2245 se
2071 2182 2270 2265 magis
2396 2188 2499 2246 33.
2602 2208 2611 2216 ·

152 2267 513 2331 incitarent
556 2267 949 2343 dictatorem,
982 2290 1173 2353 quam
1204 2267 1271 2330 in
1317 2267 1686 2353 magistrum
1724 2267 2015 2353 equitum
2059 2266 2272 2353 placa-

156 2368 335 2429 rent,
368 2353 517 2417 iussi
561 2353 641 2418 de
688 2354 987 2419 tribunali
1032 2353 1416 2419 descendere
1462 2353 1694 2440 legatiz
1745 2367 1829 2431 et,
1861 2353 2114 2417 silentio
2158 2374 2274 2417 ne-

156 2439 321 2523 quic
370 2462 517 2503 uam
558 2464 675 2527 per
716 2464 1095 2527 praeconem
1134 2452 1397 2515 tentat0,
1429 2463 1654 2525 quum,
1690 2462 1841 2539 prae
1887 2440 2156 2525 strepitu
2200 2460 2274 2502 ac

160 2540 307 2589 tum
382 2540 470 2603 tu,
518 2550 637 2591 nec
688 2528 885 2614 ipsius
928 2527 1271 2603 dictatoriS‚
1320 2548 1441 2589 nec
1492 2540 1922 2613 apparitorum
1968 2526 2106 2589 eius
2149 2546 2274 2587 vox

160 2612 535 2689 audii-etun
599 2636 749 2690 nox,
801 2612 977 2677 velut
1027 2614 1097 2676 in
1155 2612 1415 2699 proeli0‚
1465 2612 1797 2677 certamini
1847 2612 2044 2675 finem
2102 2610 2271 2675 fecit.

165 2697 489 2782 Magister
525 2700 835 2785 equitum,
866 2700 1071 2763 iussus
1108 2713 1363 2786 postero
1391 2698 1497 2763 die
1539 2699 1778 2775 adesse,
1810 2719 2012 2784 quum
2055 2719 2276 2761 omnes

166 2784 577 2862 affirmarent,
622 2786 909 2850 infestius
954 2786 1281 2872 Papirium
1332 2808 1722 2862 exarsurum,
1768 2785 2078 2871 agitatum
2125 2805 2278 2847 con-

166 2871 463 2937 tentione
520 2873 657 2959 ipsa
712 2874 1305 2959 exacerbatumque,
1360 2871 1524 2936 clam
1583 2894 1664 2937 ex
1724 2871 1939 2936 castris
2001 2870 2270 2935 Romam
2293 2880 2508 2955 R⁰f¹¹¹²¹¹¹

168 2956 489 3045 profugit:
546 2972 631 3036 et,
676 2972 852 3047 patre
899 2974 1152 3024 auctore
1200 2958 1294 3023 M.
1322 2959 1538 3034 Fabio,
1585 2958 1698 3045 qui
1743 2972 1840 3023 ter
1881 2958 2009 3021 iam
2052 2956 2277 3021 consul
2289 2946 2428 3007 ¹³⁰⁸*-

170 3044 575 3131 dictatorque
620 3046 843 3123 fuerat,
866 3061 1092 3110 vocato
1124 3045 1447 3145 extemplo
1476 3059 1722 3122 senatu,
1754 3068 1954 3131 quum
1998 3043 2276 3108 maxime

173 3146 679 3216 conquereretur
758 3132 929 3218 apud
1002 3133 1224 3196 Patres
1294 3154 1423 3194 vnn
1496 3145 1688 3217 atque
1765 3130 2061 3193 iniuriam
2144 3128 2281 3192 dic-

174 3218 415 3293 tatoria,
493 3230 753 3304 repente
838 3219 1135 3305 strepitus
1208 3230 1353 3281 ante
1429 3218 1670 3279 curiam
1743 3216 2036 3278 lictorum
2111 3235 2282 3275 sum-

177 3305 575 3369 moventium
634 3305 922 3369 auditur:
996 3317 1064 3368 et
1119 3304 1254 3389 ipse
1304 3301 1590 3367 infensus
1647 3300 1882 3375 aderat,
1941 3310 2279 3385 postquam
2299 3320 2529 3381 Sequitur

178 3391 495 3478 comperit
610 3392 923 3456 refectum
980 3412 1061 3453 ex
1121 3388 1354 3464 castris,
1416 3409 1562 3450 cum
1633 3386 1934 3472 expedito
1993 3383 2282 3469 equitatu
2300 3384 2525 3433 dictator.

181 3493 454 3541 secutus,
582 3491 782 3542 terata
849 3475 1084 3540 deinde
1144 3472 1506 3538 contentio:
1585 3486 1652 3536 et
1718 3470 1947 3559 prendi
2015 3470 2284 3533 Fabium

183 3562 477 3651 Papirius
550 3564 747 3628 iussit.
852 3562 984 3627 Ubi
1059 3584 1279 3647 quum,
1346 3558 1836 3646 deprecantibus
1907 3556 2286 3642 primoribus

182 3648 451 3716 Patrum
485 3662 677 3737 atque
706 3650 1003 3714 universo
1031 3661 1274 3724 senata,
1305 3658 1614 3734 perstaret
1642 3644 1711 3707 in
1741 3644 1996 3731 incepto
2027 3642 2287 3707 immitis

186 3737 471 3815 animus3
532 3750 670 3801 tum
714 3749 897 3824 pater
950 3734 1045 3799 M.
1073 3733 1325 3811 Fabius,
1374 3741 1392 3770 ‘
1420 3730 2003 3817 Quandoquidem,'
2053 3730 2284 3817 inquit,
2307 3742 2446 3793 Fabii
2464 3746 2604 3805 pater

191 3831 207 3858 ‘
228 3824 399 3909 apud
444 3836 505 3889 te
547 3846 667 3889 nec
712 3821 1051 3887 auctoritas
1092 3832 1369 3897 senatus,
1399 3840 1520 3883 nec
1565 3831 1736 3885 aetas
1779 3842 1940 3896 mea,
1971 3818 2077 3883 cui
2121 3817 2288 3882 orbi·
2306 3808 2492 3933 3113?
2515 3818 2600 3867 ⁸9·

258 4066 285 4098 α
324 4050 503 4111 Unico]
541 4049 646 4105 Qui
680 4049 861 4096 virtuto
892 4044 1123 4108 singulari
1157 4048 1208 4091 at
1337 4063 1367 4105 4
1401 4046 1482 4093 Ne
1519 4045 1574 4092 id
1603 4060 1654 4093 se
1681 4044 1878 4103 madiae
1907 4040 2028 4111 dau-‚e
2058 4039 2114 4094 Q.
2145 4036 2291 4109 pabit

194 4114 336 4161 unica
358 4120 499 4163 esset.
532 4128 664 4174 supr.
688 4112 755 4160 iii.
782 4124 857 4172 33.
1272 4109 1512 4168 erederet]
1553 4108 1638 4154 Ne
1658 4106 1960 4174 crederet-‘se
1992 4101 2104 4147 ideo
2125 4113 2194 4171 arc
2223 4098 2290 4145 lo-

262 4192 287 4239 3
318 4181 538 4227 Poenam
559 4177 843 4237 deprecanti
866 4175 1031 4233 cuam]
1084 4174 1207 4235 Sup-
1274 4170 1378 4232 qui,
1400 4170 1520 4231 quia
1538 4169 1744 4231 gratiam
1769 4166 1910 4238 Fabn
1937 4165 2170 4211 demereri
2197 4162 2292 4209 vel-

198 4242 395 4302 plicium
429 4243 643 4304 effugere
676 4238 889 4287 conanti.
957 4238 1011 4286 Is
1040 4239 1207 4299 depro-
1277 4236 1419 4291 lent3
1448 4234 1587 4291 se,in
1605 4233 1668 4280 iis
1683 4244 1810 4291 quae
1825 4229 2061 4303 dicerent,
2075 4230 2294 4287 spectare

198 4313 353 4367 catur,
368 4302 451 4369 qui
474 4308 705 4367 precatur
723 4318 787 4351 ne
803 4302 919 4364 quid
944 4301 1208 4360 contingat.
1282 4296 1420 4345 Fabii
1442 4296 1648 4357 gratiam
1671 4300 1722 4341 et
1743 4296 2026 4341 amicitiam.
2063 4290 2223 4339 Cam.

201 4370 356 4420 Can.
