3000 4784
823 193 1013 258 LIB.
1062 194 1183 259 III.
1254 196 1477 264 CAP.
1523 204 1628 263 40.
2159 207 2280 269 189

132 335 157 363 ‘
182 326 487 393 ferenda
522 350 655 393 non
684 327 943 404 fuerint,
972 328 1169 415 questu
1208 329 1484 395 laturum
1523 332 1593 395 in
1635 344 1731 396 tot
1769 332 2070 418 privatis?
2160 333 2280 397 Vi·
2300 342 2367 393 U.
2391 344 2450 393 O.
2477 359 2586 407 305·

134 422 159 451 ‘
188 414 469 490 derent,
498 437 607 490 ne,
637 412 915 478 vetando
962 416 1031 479 in
1078 416 1255 479 curia
1298 416 1495 481 libere
1537 418 1828 481 homines
1868 418 1889 481 l
1977 419 2066 495 ui,
2097 432 2278 485 extra
2297 408 2358 459 A.
2390 407 2450 457 ⁰·
2475 421 2585 469 447·

138 508 163 537 6
190 500 467 564 curiam
512 501 705 565 etiam
758 514 1087 565 moverent
1130 524 1371 566 vocem.
1464 502 1700 589 Neque
1751 526 1818 568 se
1871 504 1934 568 vi
1981 527 2104 581 ere,
2160 507 2276 591 qui

138 594 165 623 ‘
190 586 343 650 sibi
382 587 599 650 minus
635 586 883 672 privato
921 587 1004 651 ad
1048 588 1423 653 concionem
1466 588 1773 677 populum
1804 612 2048 667 vocare,
2081 614 2276 677 quam

138 680 163 709 ‘
192 672 347 735 illis
392 684 685 737 senatum
734 695 771 736 c
855 696 981 750 ere,
1027 671 1233 738 liceat.
1328 674 1462 739 Ubi
1508 675 1764 752 vellent,
1811 676 2272 762 experirentur,

84 784 109 817 ι
142 766 167 795 6
194 771 467 844 quanto
504 758 773 823 ferocior
854 758 992 823 olor
1026 758 1315 824 libertate
1353 783 1469 825 sua
1507 761 1906 839 vindicanda,
1985 786 2134 827 uam
2161 786 2275 827 cu-

142 854 171 883 ‘
194 844 459 994 pissim
496 844 732 995 iugi-sta
768 844 1247 995 (Ιοῐιιίιιεξῐὶοῐιιιίἰ1
1256 859 1437 911 esset.
1530 847 1636 995 Dle
1675 846 1844 997 bleffe
1889 848 1972 913 Sa
2015 849 2274 1000 ippueos

146 940 493 1007 ‘reerre3
706 954 851 995 uam
903 953 1107 995 malus
1250 955 1359 995 um
1450 956 1489 997 ο
1535 956 1644 997 uo
1799 956 1988 999 mano
2165 958 2274 999 um

146 1026 175 1057 ‘
196 1016 319 1094 sit,
362 1039 557 1104 quam
602 954 751 1081 ctilm
796 1017 911 1093 iis,-
936 1018 1069 1103 qui,
1113 1018 1327 1103 legum
1372 955 1776 1083 fgrezdarum
1824 1043 2013 1085 causa
2057 1022 2271 1098 creati,

148 1112 175 1142 ‘
199 1103 389 1166 nihil
436 1104 589 1167 iuris
634 1104 705 1167 in
750 1103 1003 1169 civitate
1050 1104 1457 1190 reliquerint3
1523 1105 1637 1191 qui
1683 1106 1956 1183 comitia,
2005 1108 2116 1193 qui
2159 1130 2274 1171 an-

150 1198 175 1227 ‘
201 1211 387 1253 nuos
438 1189 855 1275 magistratus,
908 1190 1023 1276 qui
1073 1189 1574 1255 vicissitudinem
1624 1190 2048 1289 imperitandi,
2097 1194 2274 1292 quod

152 1284 427 1425 :mmm
468 1275 1043 1448 {1⁸²3ssAEss
1076 1275 2002 1427 Εξῗῗῗωᾞὶὼᾚῖωέὠ
2018 1279 2272 1449 ,ἷξῑὶἘ

155 1457 179 1486 6
204 1448 483 1523 exactis,
664 1449 817 1512 ‘cios
855 1385 1255 1535 maggen-atus
1294 1460 1537 1513 creatos
1551 1472 1573 1525 3-
1619 1461 1858 1535 postea,
1889 1460 2033 1535 post
2071 1472 2273 1515 seces-

156 1542 181 1571 ‘
206 1533 469 1597 sionem
495 1556 541 1619 p
564 1534 719 1610 ebis,
738 1532 1035 1633 plebieos.
1112 1534 1319 1599 Cuius
1345 1534 1441 1598 illi
1460 1535 1655 1621 partis
1685 1536 1934 1612 essent,’
1963 1535 2274 1621 rogitare?

160 1630 183 1659 ‘
210 1618 617 1706 Populares?
658 1619 817 1705 quid
864 1620 1037 1683 enim
1084 1642 1193 1685 eos
1238 1642 1355 1706 per
1390 1620 1700 1707 populum
1827 1622 1944 1687 isse
1962 1622 1993 1685 Ρ
2084 1620 2274 1708 Opti-

160 1714 185 1745 ‘
208 1718 425 1770 maten
439 1706 469 1768 Ρ
503 1706 618 1791 qui
646 1728 815 1770 anno
842 1706 971 1769 iam
999 1728 1117 1793 pro
1228 1719 1520 1771 senatum
1547 1730 1682 1771 non
1836 1707 2083 1784 uerint3
2117 1721 2273 1773 tunc

160 1793 313 1857 ‘ita
352 1791 647 1869 habeant,
686 1804 759 1856 ut
796 1791 879 1855 de
926 1792 1127 1878 repub
1154 1792 1250 1855 ‘ca
1292 1791 1469 1878 loqui
1512 1793 1932 1880 prohibeant?
2021 1793 2127 1859 Ne
2173 1795 2272 1858 ni-

162 1888 187 1917 ‘
212 1878 427 1942 mium
454 1878 525 1942 in
552 1890 731 1942 metu
760 1876 967 1941 alieno
1008 1877 1144 1965 spei
1182 1891 1527 1964 ponerent:
1575 1880 1881 1964 graviora,
1912 1902 2078 1966 quae
2105 1881 2270 1968 pati-

164 1974 191 2005 ‘
212 1976 433 2041 antur,
460 1964 665 2033 videri
692 1963 821 2027 iam
850 1962 1233 2040 hominibus,
1264 1986 1458 2049 quam
1486 1988 1650 2052 quae
1682 1966 2012 2031 metuant!

110 2074 143 2106 2
262 2048 451 2115 Haec
480 2050 863 2115 vociferante
894 2048 1184 2126 HoratiO,
1215 2071 1417 2135 quum
1446 2050 1790 2115 decemviri
1825 2074 1946 2115 nec
1980 2052 2110 2117 irae
2149 2075 2269 2118 nec
2383 2058 2488 2115 40.
2528 2128 2534 2133 ,

166 2136 551 2224 ignoscendi
596 2135 857 2200 modum
902 2136 1271 2222 reperirent,
1302 2158 1441 2213 nec,
1519 2160 1603 2201 uo
1639 2159 1902 2201 evasura
1942 2160 2042 2201 res
2085 2151 2268 2216 esset,

168 2236 551 2299 cernerent3
600 2221 679 2286 C.
717 2220 1000 2299 Claudii,
1030 2221 1143 2307 qui
1185 2235 1447 2321 patruus
1549 2246 1594 2310 p
1639 2222 1686 2285 ii
1728 2222 2074 2288 decemviri
2115 2236 2268 2301 erat,

120 2338 153 2386 3
172 2309 383 2373 oratio
424 2308 549 2373 fuit
591 2309 905 2395 precibus,
950 2330 1143 2393 quam
1190 2309 1414 2396 iurgio,
1460 2246 1701 2385 simiiiis,
1733 2308 1970 2373 orantis
2014 2330 2131 2396 per
2172 2310 2271 2375 sui

172 2396 387 2461 statris
414 2394 819 2483 parentisque
850 2394 989 2459 eius
1018 2392 1269 2471 Manes,
1318 2402 1338 2433 ‘
1358 2408 1433 2458 ut
1460 2394 1664 2459 civilis
1683 2396 1904 2494 potius
1933 2396 2268 2471 societatis,

180 2490 203 2520 ‘
220 2483 294 2545 in
333 2504 461 2567 qna
502 2494 693 2545 natus
737 2492 921 2559 esset,
996 2502 1145 2544 uam
1181 2480 1472 2557 foederis,
1502 2480 1740 2544 nefarie
1787 2480 1898 2544 icti
1945 2502 2093 2543 cum
2140 2480 2271 2544 col-

177 2575 202 2606 ‘
221 2566 401 2655 legis,
430 2567 841 2632 meminisset.
916 2502 1133 2631 flulto
1176 2565 1245 2629 id
1288 2566 1488 2652 magis
1527 2588 1594 2629 ae
1633 2564 1802 2629 illius
1837 2587 2029 2631 causa
2069 2587 2268 2643 orare,

180 2663 202 2693 ‘
225 2675 419 2739 quam
446 2654 849 2741 reipublicae.
916 2651 1207 2739 ,Quippe
1246 2650 1722 2738 rempublicam,
1753 2652 1808 2716 si
1845 2676 1885 2717 a
1911 2650 2270 2717 volentibus

181 2749 204 2778 ‘
226 2753 521 2840 nequeat,
552 2739 633 2803 ab
661 2738 877 2803 invitis
904 2738 1003 2838 ius
1032 2738 1475 2887 expetituram.
1573 2734 1702 2801 Sed
1739 2760 1822 2802 ex
1861 2760 2094 2826 magno
2133 2760 2270 2803 cer-

183 2834 202 2865 ‘
226 2840 463 2890 tamine
813 2836 1077 2888 excitam
1146 2846 1317 2889 erme
1364 2846 1524 2900 iras3
1587 2846 1806 2889 earum
1853 2838 2153 2891 eventum
2199 2847 2267 2889 se

182 2922 205 2952 ‘
226 2913 517 2977 horrere!
676 2933 831 2975 uum
877 2908 1072 2987 aliud,
1107 2922 1550 2997 praeterquam
1589 2910 1670 2975 de
1711 2935 1840 2998 quo
1886 2912 2268 2990 retulissent,

180 2998 523 3063 decemviri
548 2996 760 3063 dicere
788 2996 1218 3085 prohiberent,
1246 2996 1592 3063 Claudium
1622 2998 1756 3062 inte
1870 2998 2069 3063 llandi
2090 3022 2269 3064 vere-

184 3083 415 3150 cundia
461 3084 601 3148 fuit.
696 3083 1092 3148 Sententiam
1150 3083 1345 3169 igitur
1398 3083 1666 3171 peregit,
1719 3108 1811 3148 nu
1858 3108 1968 3149 um
2019 3085 2268 3171 placere

184 3169 793 3236 senatusconsultum
850 3170 1005 3233 fieri.
1101 3168 1471 3255 Omnesque
1529 3170 1622 3233 ita
1677 3170 2088 3257 accipiebant,
2185 3171 2270 3233 ri-

185 3270 357 3322 vatos
393 3278 503 3321 eos
541 3278 582 3319 a
623 3255 899 3320 Claudio
946 3253 1295 3319 iudicatos:
1344 3254 1658 3341 multique
1707 3278 1792 3319 ex
1837 3193 2270 3319 commatibus

185 3342 375 3408 verbo
421 3341 656 3406 assensi
700 3353 867 3405 sunt.
960 3339 1114 3404 Alia
1157 3340 1493 3417 sententia,
1541 3341 1817 3427 asperior
1857 3341 1924 3404 in
1971 3340 2267 3427 speciem,

186 3430 313 3493 vim
360 3428 671 3492 minorem
723 3426 1049 3514 aliquanto
1100 3426 1343 3503 habuit,
1399 3448 1562 3513 quae
1619 3426 1916 3514 patricios
1965 3427 2134 3492 coire
2187 3426 2271 3490 ad

140 3548 173 3591 4
190 3513 583 3602 prodendum
638 3513 1016 3599 interregem
1078 3512 1375 3577 iubebat:
1445 3512 1764 3577 censendo
1823 3514 2016 3589 enim,
2123 3536 2271 3577 uos-

190 3623 435 3689 eunque
464 3600 861 3687 magistratus
888 3622 1043 3676 esse,
1076 3599 1189 3685 qui
1218 3600 1510 3663 senatum
1548 3598 1876 3675 haberent,
1908 3599 2122 3663 iudica
2161 3613 2265 3676 at3

258 3818 277 3851 ι
312 3804 753 3863 Quantosemoior]
791 3804 989 3861 Quanto
1008 3802 1192 3861 sortior
1255 3797 1546 3861 particulam
1567 3801 1720 3862 maffia
1743 3801 1821 3849 vel
1841 3801 2004 3873 polim
2025 3801 2265 3849 omittere.

194 3867 371 3929 reponit
403 3866 635 3925 Bekker„
664 3880 813 3927 quam
847 3865 1107 3913 lectionem
1144 3864 1189 3913 1.
1254 3869 1311 3911 ut
1330 3864 1438 3912 infr.
1462 3862 1540 3913 68.
1573 3880 1623 3913 x.
1649 3862 1725 3913 26.
1759 3864 1895 3912 xxiii.
1919 3879 1996 3927 43.

196 3931 272 3978 Fr.
293 3929 499 3979 Gronov.
526 3928 684 3988 affert,
715 3930 801 3977 sed
822 3929 1041 3989 ferocior
1062 3926 1189 3975 Dr·-
1318 3944 1349 3986 4
1370 3928 1616 3977 Gen-semia
1635 3930 1790 3987 enim]
1825 3929 1875 3976 h.
1893 3943 1937 3976 e.
1961 3926 2268 3977 Sententiam

196 3993 442 4042 kenborch.
466 3991 625 4041 verius
645 3992 853 4041 videtur.
1253 3990 1385 4039 enim
1407 3991 1616 4041 dicendo
1636 4000 1850 4051 senatus,
1871 4006 1955 4039 eos
1973 3991 2145 4053 utique
2163 4006 2266 4039 ma-

258 4072 283 4105 2
302 4060 404 4107 Nee
422 4059 549 4116 irae,
566 4072 655 4107 nec
674 4057 951 4119 &nomenati
970 4056 1187 4115 modum]
1252 4054 1496 4118 gistratm,
1540 4054 1623 4117 qui
1665 4062 1889 4105 senatum
1932 4056 2112 4103 habere
2159 4068 2268 4115 poe-

199 4122 301 4171 Nec
319 4126 555 4183 qnatenus
575 4136 804 4169 exercere
831 4121 941 4179 iras,
962 4136 1053 4169 nec
1076 4134 1191 4181 qua-
1255 4125 1381 4179 eent,
1412 4119 1662 4167 iudicabat
1679 4138 1694 4167 ι
1739 4134 1862 4182 quos
1894 4119 2109 4181 privatos
2141 4116 2266 4163 iudi-

198 4192 327 4235 εοεαε
346 4184 581 4247 patientia
602 4184 673 4232 uti
696 4185 944 4233 deberent.
978 4185 1141 4233 Can.
1255 4184 1398 4231 cahat
1423 4183 1528 4241 ille,
1549 4183 1632 4244 qui
1661 4189 1884 4232 senatum
1917 4182 2010 4229 rite
2043 4184 2268 4228 coactum

259 4263 285 4310 3
312 4250 559 4307 Precibus,
574 4264 719 4312 quam
740 4250 929 4311 iun-960]
960 4248 1097 4298 Solet
1120 4247 1190 4295 in·
1254 4248 1481 4309 negabat,
1524 4252 1576 4293 et
1627 4246 1814 4295 nullius
1863 4242 2268 4293 senatusconsulti

200 4312 374 4361 tercium
428 4312 479 4360 in
533 4312 977 4374 comparationibus
1026 4310 1195 4359 Livius
1254 4308 1464 4359 fidendi
1488 4315 1660 4357 auctor
1680 4314 1797 4358 erat.
