3000 4784
676 225 809 290 586
1438 220 1676 288 TITI·
1723 217 1998 287 L1v11

354 366 508 484 2¹52:
530 379 644 496 ξεῖ
680 371 967 533 {aar
974 355 2794 596 ffiffiffissidqssaapzzdszffiasffi>ffl

463 1923 565 1983 26.

682 555 817 598 rem
846 531 997 598 belh
1086 545 1278 596 trusci
1307 543 1602 618 augerete
1652 539 1672 569 ‘
1687 553 1818 594 non
1848 531 2256 594 suffecturum
2286 529 2520 594 ducem
2551 549 2792 606 unum,

683 630 704 660 ‘
726 641 845 684 nec
874 617 1223 684 exercitum
1246 641 1467 696 unum,
1491 617 1786 682 adversus
1813 629 2116 704 quattuor
2134 614 2418 703 populos.
2512 615 2796 680 Pericu-

684 705 929 770 ‘losum
950 727 1103 782 esse,
1124 705 1253 769 sive
1276 706 1479 769 iuncti
1496 727 1698 770 unum
1725 716 2037 791 premant,
2061 704 2190 768 sive
2212 701 2282 766 id
2301 702 2538 766 diversi
2555 713 2798 790 gerant

684 802 705 832 ‘
726 791 983 868 bellum,
1014 813 1097 856 ne
1134 790 1215 855 ad
1244 791 1459 856 omnia
1486 789 1677 856 simul
1721 791 1896 855 obire
1925 813 2092 854 unus
2125 811 2258 855 non
2285 789 2504 890 possit.
2605 787 2798 853 Duas

686 889 706 918 ‘
728 901 793 943 se
844 878 933 943 ibi
985 877 1045 942 le
1090 877 1267 942 iones
1316 877 1641 942 Romanas
1685 877 2048 964 reliquisse:
2111 889 2178 941 et
2225 898 2438 956 minus
2487 875 2796 976 quinque

686 975 706 1004 ‘
726 963 925 1028 millia
1082 964 1237 1028 ‘tum
1268 964 1558 1051 equitum
1603 987 1684 1028 ue
1713 985 1861 1028 cum
1891 963 2086 1028 Fabio
2113 962 2378 1028 venisse.
2475 961 2627 1027 S1bi
2655 961 2798 1050 pla-

686 1061 707 1092 ‘
726 1073 888 1128 cere,
1000 1099 1019 1115 .
1050 1050 1329 1116 Decium
1386 1073 1581 1115 consu
1607 1072 1709 1115 em
1778 1051 1984 1138 primo
2087 1071 2297 1136 uoque
2355 1063 2664 1135 tempore
2727 1049 2796 1112 in

686 1149 707 1178 ‘
730 1137 1050 1203 Etruriam
1089 1137 1172 1203 ad
1208 1137 1515 1224 collegam
1553 1137 1897 1224 proficisci:
1945 1136 2023 1200 L.
2113 1135 2396 1200 olumnio
2439 1134 2796 1200 Samnium

687 1236 707 1266 ‘
772 1225 1113 1290 rovinciam
1142 1224 1294 1288 dari.
1390 1223 1459 1288 Si
1486 1223 1708 1289 consul
1737 1223 1914 1287 malit
1933 1223 2003 1286 in
2033 1245 2207 1287 suam
2237 1222 2644 1310 provinciam
2677 1222 2794 1298 ire,

687 1323 707 1352 6
728 1248 1147 1377 ξῙοῙιΠιιῃίιιῐιι
1182 1311 1251 1374 in
1283 1309 1601 1374 Etruriam
1642 1310 1725 1375 ad
1752 1309 2075 1374 consulem
2109 1331 2256 1374 cum
2284 1308 2582 1373 exercitu
2619 1309 2798 1372 iusto

690 1408 711 1438 ‘
730 1397 1043 1464 consulari
1098 1397 1446 1484 proficisci!
1556 1395 1777 1472 Quum
1833 1417 2130 1483 magnam
2185 1408 2431 1483 partem
2491 1407 2796 1460 moveret

684 1484 885 1550 oratio
918 1485 1239 1573 praetoris,
1270 1483 1345 1549 P.
1370 1482 1650 1548 Decium
1691 1483 2006 1547 censuisse
2039 1482 2272 1560 serunt,
2313 1494 2390 1546 ut
2421 1483 2656 1546 omnia
2691 1482 2800 1545 in-

684 1585 863 1660 tegra
888 1595 963 1636 ac
990 1571 1188 1636 libera
1227 1569 1309 1645 Q,
1337 1569 1532 1635 Fabio
1567 1583 1980 1646 servarentur,
2010 1568 2216 1634 donec
2243 1569 2347 1633 vel
2378 1569 2546 1655 ipse,
2577 1569 2638 1632 si
2675 1589 2794 1655 per

682 1657 1089 1724 commodum
1104 1656 1487 1757 reipublicae
1509 1669 1739 1744 posset,
1761 1655 2034 1732 Romam
2055 1655 2348 1733 venisset,
2368 1655 2470 1719 vel
2493 1655 2794 1742 aliquem

682 1767 765 1808 ex
810 1744 1031 1844 legatis
1077 1744 1378 1820 misisset3
1442 1767 1482 1806 a
1527 1767 1656 1830 quo
1701 1743 1972 1806 disceret
2021 1757 2294 1819 senatus,
2343 1754 2674 1829 quantum
2719 1743 2791 1805 in

684 1829 939 1894 Etruria
979 1829 1129 1894 belli
1174 1841 1355 1906 esset,
1400 1829 1786 1930 quantisque
1829 1828 2399 1894 administrandum
2440 1829 2678 1915 copiis,
2725 1841 2794 1892 et

682 1927 843 2003 quot
882 1937 1003 2004 per
1043 1914 1237 1979 duces
1282 1928 1463 1980 esset.
1555 1914 1806 1993 Fabms,
1853 1927 1930 1980 ut
1987 1915 2264 1980 Romam
2317 1915 2532 1992 rediit,
2581 1929 2660 1980 et
2718 1915 2788 1979 in

680 2015 906 2068 senatu
934 2014 1001 2067 et
1020 2001 1367 2090 productus
1392 2001 1478 2066 ad
1505 2002 1813 2090 populum
1843 2001 2118 2067 mediam
2147 2000 2500 2066 orationem
2529 2001 2790 2078 habuit,

680 2103 755 2154 ut
772 2111 893 2156 nec
915 2111 1164 2178 augere,
1182 2112 1303 2154 nec
1322 2088 1609 2154 minuere
1627 2088 1948 2154 videretur
1961 2088 2112 2154 belli
2126 2088 2358 2152 samam
2375 2111 2394 2165 3
2441 2088 2790 2176 magisque

681 2178 751 2241 in
780 2177 977 2242 altero
1020 2175 1397 2241 assumendo
1426 2174 1590 2241 duee
1634 2175 1900 2240 aliorum
1939 2174 2268 2262 indulgere
2313 2175 2550 2252 timori,
2581 2197 2786 2262 quam

683 2287 798 2329 suo
825 2276 938 2329 aut
968 2261 1355 2351 reipublicae
1392 2262 1676 2363 periculo
1709 2260 2055 2328 consulere.
2146 2270 2166 2300 ‘
2191 2261 2519 2338 Ceterum,
2553 2262 2612 2326 si
2659 2260 2786 2327 sibi
2803 2281 2834 2333 5

683 2359 707 2388 ‘
726 2351 1077 2416 adiutorem
1108 2348 1260 2414 belli
1292 2371 1660 2436 sociumque
1699 2347 1947 2436 imperii
1988 2347 2231 2425 darent,
2263 2369 2546 2435 quonam
2581 2347 2788 2414 modo

684 2445 705 2476 ‘
724 2459 791 2501 se
814 2436 1098 2501 oblivisci
1125 2436 1199 2500 P.
1226 2434 1414 2500 Decii
1436 2435 1710 2500 consulis
1729 2458 1846 2522 per
1873 2447 1969 2498 tot
1991 2434 2148 2500 colle
2193 2435 2254 2499 ia
2272 2433 2522 2522 experti
2545 2457 2740 2522 posse
2755 2435 2788 2498 Ρ

680 2532 703 2562 6
730 2521 1075 2588 Neminem
1120 2522 1403 2586 omnium
1446 2544 1666 2587 secum
1706 2520 2010 2608 coniungi
2055 2457 2278 2586 malle:
2335 2533 2402 2586 et
2445 2521 2784 2608 copiarum

684 2619 706 2648 ‘
725 2609 875 2674 satis
902 2610 1021 2674 sibi
1052 2631 1199 2674 cum
1227 2608 1302 2673 P.
1324 2607 1551 2687 Decio,
1571 2621 1638 2674 et
1665 2630 1992 2695 nunquam
2015 2608 2288 2672 nimium
2314 2607 2598 2673 hostium
2615 2609 2782 2674 fore.

684 2705 704 2734 ‘
728 2695 845 2761 Sin
874 2695 1115 2784 collega
1142 2695 1301 2783 quid
1328 2693 1502 2760 aliud
1531 2695 1726 2772 malit,
1756 2708 1822 2758 at
1849 2693 1968 2759 sibi
1997 2693 2074 2759 L.
2095 2692 2515 2760 Volumnium
2545 2693 2784 2760 darent

682 2793 704 2821 ‘
724 2783 1119 2855 adiutorem?
1208 2782 1516 2848 Omnium
1559 2803 1771 2846 rerum
1812 2781 2141 2846 arbitrium
2169 2793 2235 2846 et
2277 2803 2318 2844 a
2344 2779 2604 2868 populo,
2633 2797 2710 2847 et
2743 2804 2785 2846 a

679 2881 922 2946 senatu,
952 2881 1021 2933 et
1047 2870 1127 2933 ab
1156 2870 1293 2956 ipso
1314 2868 1574 2956 collega,
1605 2867 1802 2933 Fabio
1922 2867 2214 2932 rmissum
2247 2880 2360 2932 est.
2454 2866 2542 2931 Et
2569 2891 2780 2954 quum

680 2953 755 3018 P.
778 2953 1020 3017 Decius
1048 2976 1117 3018 se
1146 2955 1214 3018 in
1248 2953 1577 3020 Samnium
1596 2954 1696 3020 vel
1715 2953 1788 3018 in
1879 2954 2135 3019 trus-iam
2151 2954 2464 3042 proficisci
2479 2969 2781 3040 paratum

680 3061 815 3104 esse
846 3039 1241 3117 ostendisset,
1265 3053 1443 3105 tanta
1469 3041 1711 3106 laetitia
1729 3065 1802 3106 ac
1829 3039 2166 3128 gratulatio
2181 3041 2321 3118 fuit,
2345 3053 2419 3104 ut
2491 3041 2782 3129 raecipe-

678 3141 859 3192 retur
882 3126 1143 3192 victoria
1180 3126 1425 3205 animis,
1455 3128 1959 3216 triumphusque,
1989 3149 2121 3192 non
2163 3125 2402 3192 bellum
2483 3141 2778 3193 ecretum

678 3214 1047 3280 consulibus
1074 3213 1412 3280 videretur.

766 3299 1033 3366 Invenio
1076 3301 1249 3389 apud
1290 3301 1616 3388 quosdam,
1647 3299 1988 3388 extemp10,
2029 3299 2360 3366 consulatu
2401 3299 2582 3378 inito,
2625 3323 2778 3400 pro-

678 3388 876 3454 sectos
903 3388 973 3451 in
1003 3386 1323 3452 Etruriam
1353 3386 1620 3452 Fabium
1658 3386 2083 3474 Deciumque,
2114 3387 2250 3452 sine
2283 3386 2410 3451 ulla
2441 3399 2776 3452 mentione

680 3474 865 3540 sortis
911 3473 1375 3574 provinciarum
1434 3473 1975 3574 certaminumque
2025 3473 2196 3538 inter
2249 3472 2542 3560 collegas,
2603 3495 2774 3561 quae

680 3582 963 3659 exposui.
1058 3559 1239 3638 Sunt,
1260 3560 1489 3661 quibus
1508 3582 1589 3625 ne
1610 3559 1772 3624 haec
1792 3559 2050 3647 quidem
2080 3559 2426 3624 certamina
2445 3581 2772 3648 exponere

682 3658 830 3710 satis
858 3645 1065 3711 fuerit.
1157 3646 1558 3712 Adiecerunt
1598 3659 1665 3711 et
1693 3645 1894 3734 Appii
1935 3644 2406 3712 criminationes
2439 3645 2522 3711 de
2571 3645 2770 3711 Fabio

679 3731 937 3796 absente
983 3731 1067 3795 ad
1108 3733 1435 3821 populum,
1464 3748 1532 3799 et
1576 3732 1984 3820 pertinaciam
2028 3731 2326 3797 adversus
2369 3744 2766 3820 praesentem

679 3816 1002 3883 consulem
1091 3819 1370 3897 raetoris,
1400 3820 2000 3907 contentionemque
2037 3819 2225 3884 aliam
2267 3818 2435 3884 inter
2470 3817 2764 3906 collegas,

676 3904 984 3970 tendente
1084 3903 1241 3981 ecio,
1260 3917 1334 3968 ut
1354 3927 1504 3969 suae
1533 3907 1802 3993 quisque
1830 3905 2190 3993 provinciae
2207 3918 2441 3970 sortem
2464 3917 2768 3970 tueretur.

684 3991 993 4057 Constare
1024 4013 1124 4056 res
1150 3989 1376 4077 incipit
1402 4011 1485 4055 ex
1515 4013 1594 4056 eo
1623 4005 1926 4080 tempore,
1946 4014 2075 4081 quo
2103 3992 2366 4079 profecti
2395 3991 2584 4057 ambo
2613 4014 2768 4057 con-

680 4078 847 4143 sules
875 4079 958 4144 ad
985 4078 1221 4144 bellum
1250 4090 1417 4164 sunt.

705 4298 716 4308 ⁸
745 4249 773 4297 5
808 4239 1224 4295 Geoerunaet'eibt'
1250 4241 1544 4298 adiutorem]
1584 4239 1686 4301 Op-
1751 4239 1918 4287 medes
1949 4239 2134 4288 socium
2171 4239 2290 4288 belli
2323 4239 2554 4301 Ulyssem
2591 4238 2764 4300 pouit.

679 4303 799 4346 time
819 4299 1011 4346 monuit
1027 4301 1321 4361 Gronovius,
1336 4301 1431 4351 hoc
1452 4317 1513 4350 ex
1533 4302 1686 4350 Hom.
1748 4301 1968 4354 Srnorn.

680 4361 744 4407 Il.
766 4375 815 4408 x.
840 4375 946 4420 24²·
970 4363 1283 4425 desumptum
1311 4379 1431 4426 esse,
1452 4365 1536 4414 ubi
1567 4365 1686 4414 Dio-
1747 4423 1752 4427 ,
