3000 4784
1591 19 1628 66 ί

816 205 1008 272 Lm.
1056 204 1137 271 v.
1201 206 1423 273 cAP.
1478 212 1577 272 13.
2127 215 2256 277 303
2310 184 2334 195 '

146 362 283 405 mm
310 340 715 408 exsultantes
744 342 985 408 tribuni
1012 342 1237 430 plebis,
1268 342 1447 429 quod
1486 342 1766 409 maxime
1793 344 2255 431 rempublicam
2277 360 2344 413 U.
2367 362 2428 413 c.
2453 374 2513 425 25
2521 374 2565 425 5·

144 427 555 513 impediebat,
594 428 677 493 de
718 429 957 495 tributo
996 428 1394 493 remiserunt.
1490 428 1816 494 Collatum
1857 431 2253 511 obedienter,
2273 428 2336 478 A.
2369 427 2430 479 0·
2453 440 2568 491 39⁷·

142 513 533 602 missumque
561 514 647 579 ad
668 516 1021 580 exercitum
1038 527 1153 580 est.
1216 516 1453 581 Anxur
1472 515 1544 579 in
1565 514 1818 581 Volscis
1838 517 2016 582 brevi
2036 541 2258 607 recep-
2377 528 2479 589 13.

144 614 275 663 tum
304 612 421 677 est,
454 601 769 688 neglectis
796 602 903 667 die
931 602 1093 667 festo
1122 601 1425 667 custodiis
1454 601 1646 665 urbia

100 694 129 744 6
224 684 509 774 Insignis
538 710 749 753 annus
789 688 1000 752 hieme
1110 686 1243 752 lida
1276 710 1349 752 ac
1388 688 1612 753 nivosa
1637 687 1780 765 fuit,
1811 688 1976 755 adeo
2005 702 2078 754 ut
2115 690 2254 755 viae

140 773 405 851 clausae,
442 772 703 839 Tiberis
732 774 1029 861 innaviga
1073 773 1175 838 ilis
1202 773 1411 839 fuerit.
1509 773 1790 839 Annona
1817 797 1900 843 ex
1929 788 2080 841 ante
2103 799 2259 841 con-

140 874 319 924 vecta
346 861 541 947 copia
572 860 729 924 nihil
763 860 1049 925 mutavit.
1142 859 1230 924 Et
1260 860 1414 947 quia
1456 860 1532 925 P.
1555 860 1866 939 Licinius,
1897 874 1974 926 ut
2000 876 2258 950 ceperat

140 944 311 1011 haud
340 946 741 1011 tumultuose
772 948 1228 1035 magistratum,
1260 947 1497 1011 maiore
1529 946 1768 1047 gaudio
1806 948 2030 1034 plebis,
2063 970 2258 1035 quam

141 1030 587 1119 indignatione
647 1033 933 1109 Patrum‚
993 1033 1087 1097 ita
1142 1033 1335 1097 etiam
1393 1047 1628 1133 gessit3
1688 1033 1968 1098 dulcedo
2025 1034 2258 1099 invasit

182 1118 449 1184 roximis
500 1119 781 1184 comitiis
842 1120 1239 1184 tribunorum
1296 1118 1574 1183 mihtum
1633 1119 1916 1219 plebeios
1975 1120 2252 1185 creandi.

140 1140 329 1269 {Jnus
373 1204 475 1270 Μ.
512 1204 825 1271 Veturius
876 1228 957 1271 ex
1007 1204 1289 1292 patriciis
1339 1205 1694 1269 candidatis
1741 1206 1953 1269 locum
2006 1206 2251 1270 tenuit:
2277 1220 2345 1269 U.
2370 1220 2428 1268 C.
2455 1218 2564 1282 356·

182 1289 424 1357 lebeios
468 1291 635 1357 alios
674 1292 965 1356 tribunos
1004 1290 1279 1355 militum
1324 1290 1638 1355 consulari
1765 1303 1991 1357 testate
2033 1314 2258 1357 omnes
2275 1284 2336 1332 A.
2368 1284 2427 1333 C·
2454 1284 2566 1358 399·

141 1312 269 1440 Pete
312 1379 651 1443 centuriae
691 1378 934 1455 dixere,
972 1377 1068 1442 M.
1095 1377 1548 1464 Pomponium,
1595 1376 1672 1441 C.
1818 1377 1831 1391 '
1867 1378 2018 1455 'um,
2059 1377 2258 1443 Vole-
2275 1346 2591 1461 ἒέοῩῙ-ῗῖᾞῗ

105 1477 361 1527 nonem
391 1463 774 1541 Publilium,
813 1462 939 1529 Cn.
970 1463 1355 1540 Genucium,
1389 1462 1466 1527 L.
1494 1462 1790 1528 Atilium.

227 1548 517 1615 Tristem
545 1550 848 1627 hiemem,
879 1550 1009 1614 sive
1040 1573 1124 1614 ex
1152 1550 1355 1614 intem
1438 1550 1533 1615 rie
1563 1550 1746 1627 coeli,
1776 1550 2012 1636 raptim
2047 1562 2258 1615 muta-

145 1635 315 1700 tione
358 1637 433 1700 in
478 1637 875 1701 contrarium
918 1635 1105 1715 facta,
1158 1636 1289 1700 sive
1398 1637 1463 1701 ia
1503 1660 1634 1723 qua
1674 1636 1756 1701 de
1802 1659 2010 1713 causa,
2050 1636 2260 1724 gravis

146 1722 583 1809 pestilensque
624 1723 918 1788 omnibus
947 1721 1323 1787 animalibus
1363 1735 1568 1786 aestas
1607 1723 1899 1810 excepit:
1947 1724 2130 1787 cuius
2159 1723 2260 1786 in·
2278 1738 2586 1789 Pestilentia.

104 1820 133 1869 8
146 1808 406 1874 sanabili
436 1809 729 1896 pernicie
760 1808 1021 1896 quando
1058 1830 1180 1873 nec
1219 1830 1409 1873 causa
1436 1832 1558 1873 nec
1603 1809 1750 1873 finis
1793 1809 2256 1885 inveniebatur,

148 1892 287 1959 libri
348 1894 655 1996 Sibyllini
702 1918 787 1961 ex
842 1894 1388 1960 senatusconsulto
1439 1895 1598 1961 aditi
1655 1908 1822 1960 sunt.
1914 1894 2259 1960 Duumviri
2278 1911 2536 1987 nectister-

105 1995 133 2045 9
146 1982 333 2045 sacris
370 1981 715 2059 faciundis,
744 1982 1134 2046 lectisternio
1164 1995 1319 2046 tunc
1402 1981 1638 2045 rimum
1667 1982 1738 2047 in
1766 1982 1922 2047 urbe
1967 1983 2262 2047 Romana
2277 1991 2415 2024 mum
2438 1977 2535 2040 pri-

150 2066 329 2144 sacto,
552 2068 691 2132 dies
733 2080 879 2133 octo
926 2067 1297 2155 Apollinem
1447 2080 1818 2168 tuumque,
1863 2067 2146 2133 Dianam
2193 2078 2262 2131 et
2277 2054 2431 2089 mum.

153 2090 531 2233 Hercuss‘hri,
562 2152 959 2219 Mercurium
988 2168 1180 2241 atque
1224 2153 1608 2241 Neptunum
1639 2155 1862 2231 tribus,
1893 2176 2086 2240 quam
2127 2176 2262 2217 am-

150 2239 426 2325 plissime
458 2254 605 2305 tum
632 2263 673 2305 a
758 2241 919 2308 arari
947 2251 1213 2327 poterat,
1246 2240 1455 2305 stratis
1483 2239 1666 2304 lectis
1738 2239 2039 2305 lacavere.
2119 2237 2262 2302 Pri-

154 2327 343 2391 vatim
364 2349 630 2426 quoque
662 2350 683 2390 1
758 2348 1005 2391 sacrum
1036 2326 1423 2391 celebratum
1446 2337 1561 2391 est.
1717 2338 1824 2389 ota
1850 2326 2006 2389 urbe
2037 2336 2262 2411 paten-

157 2412 321 2477 tibus
350 2414 586 2490 ianmS‚
608 2413 1097 2513 promiscuoque
1122 2436 1243 2477 usu
1270 2434 1481 2476 rerum
1515 2411 1802 2475 omnium
1831 2411 1900 2473 in
1922 2409 2261 2558 progatulo

268 2500 376 2577 'to,
400 2512 592 2565 notos
613 2511 990 2586 ignotosque
1012 2498 1244 2585 passim
1276 2497 1550 2561 advenas
1575 2497 1644 2559 in
1665 2496 2012 2582 hospitium
2083 2506 2261 2559 uctos

216 2596 398 2663 runt3
448 2598 521 2651 et
570 2608 719 2651 cum
762 2584 1037 2649 inimicis
1080 2605 1339 2683 quoque
1382 2582 1662 2668 benigne
1704 2603 1777 2645 ac
1822 2582 2089 2645 comiter
2131 2602 2261 2643 ser-

160 2692 375 2738 mones
389 2672 665 2749 habitos,
688 2672 909 2758 iurgiis
928 2694 1003 2735 ac
1020 2670 1238 2733 litibus
1256 2681 1706 2755 temperatum3
1750 2667 1980 2732 vinctis
2002 2688 2094 2753 qu
2177 2688 2260 2730 ue

160 2756 415 2846 dempta
442 2760 519 2825 in
546 2782 655 2823 eos
684 2758 823 2823 dies
850 2756 1139 2833 vincula3
1186 2754 1481 2843 religioni
1511 2752 1748 2819 deinde
1783 2753 1998 2831 fuisse,
2031 2753 2142 2839 qui
2189 2774 2262 2815 us

162 2865 297 2909 eam
334 2870 375 2910 o
462 2868 531 2909 m
566 2845 659 2909 dii
701 2844 1015 2921 tulissent,
1055 2842 1299 2907 vinciri.
1389 2840 1658 2905 Interim
1695 2839 1780 2903 ad
1818 2838 2017 2904 Veios
2061 2852 2264 2903 terror
2282 2856 2532 2907 Proelium

162 2930 387 3019 multip
410 2954 501 2997 ex
548 2931 671 2997 fuit
687 2955 705 3008 ;
770 2930 971 2995 tribus
1014 2930 1084 2995 in
1126 2950 1329 2993 unum
1371 2926 1556 2992 bellis
1601 2926 1864 2991 collatis.
1960 2924 2260 3012 Namque
2279 2924 2344 2971 ad
2369 2921 2536 2971 Veios

161 3017 405 3097 eodem,
451 3041 582 3105 quo
620 3030 829 3093 antea,
864 3015 1056 3081 modo
1092 3015 1261 3081 circa
1294 3014 1712 3090 munimenta,
1751 3035 1950 3099 quum
1995 3024 2260 3100 repente

166 3100 527 3205 Capenates
566 3104 921 3189 Faliscique
959 3101 1239 3166 subsidio
1276 3100 1618 3177 venissent,
1650 3099 1950 3164 adversus
1985 3111 2111 3162 tres
2150 3120 2264 3163 ex-

162 3206 391 3257 ercitus
420 3190 684 3278 ancipiti
712 3188 953 3277 proelio
980 3200 1337 3275 pugnatum
1366 3198 1479 3251 est.
1571 3186 1750 3249 Ante
1779 3185 1996 3249 omnia
2022 3184 2266 3247 adiuvit

232 3406 263 3457 6
295 3412 474 3461 Hieme
506 3410 697 3473 qando]
756 3406 820 3455 In
860 3404 1011 3454 Dion.
1053 3402 1178 3453 Exc.
1242 3414 1325 3450 am
1364 3402 1553 3447 veteres
1592 3412 1758 3446 essum
1797 3397 2066 3445 secundum
2103 3395 2266 3445 termi-

169 3470 281 3523 Vat.
304 3476 389 3525 xii.
410 3473 621 3537 legimus
647 3472 811 3521 nivem
832 3469 897 3519 ad
920 3468 1179 3517 minimum
1243 3478 1361 3513 nare
1376 3463 1619 3535 solebant,
1631 3467 1694 3535 ut
1705 3461 1812 3509 infr.
1829 3461 1898 3510 ix.
1918 3472 1997 3535 337,
2023 3474 2112 3522 pro
2132 3460 2269 3533 geni-

167 3537 317 3587 altam
338 3544 531 3602 septem
552 3538 705 3600 pedes
724 3534 887 3593 flainus,
908 3534 1073 3596 plures
1094 3532 1180 3580 ho-
1246 3529 1347 3579 tivo
1369 3529 1468 3577 diei
1499 3526 1552 3574 in
1585 3526 1722 3575 libris
1739 3530 1958 3587 antiquis
1975 3526 2054 3575 die
2076 3525 2266 3586 legitur.

168 3600 323 3650 mines
352 3602 664 3665 pecudesque
692 3598 865 3661 frigore
897 3599 1185 3658 absumptos
1248 3592 1424 3641 Dant.
1964 3650 1992 3663 ..

170 3662 328 3726 fissae,
348 3682 540 3716 necnon
561 3666 754 3713 arbores
774 3663 889 3725 gelu
909 3662 1124 3709 adustas.
1309 3671 1341 3721 9
1372 3655 1718 3729 lectisternio]
1776 3652 1929 3710 Quod
1959 3650 2133 3727 ²¹⁸.‘.¹⁰¹¹¹
2167 3651 2269 3700 fere

236 3740 263 3790 7
295 3732 385 3781 On.
412 3731 713 3789 Genucium]
755 3727 1097 3788 Augurinum,
1128 3728 1183 3771 ut
1247 3720 1407 3770 verbis
1436 3735 1469 3767 a
1503 3718 1652 3767 D1on.
1679 3716 1802 3766 Exc.
1828 3717 1947 3766 vat.
1973 3732 2058 3765 ιω.
2095 3726 2136 3778 7.
2159 3732 2266 3765 nar-

174 3806 231 3841 ex
250 3794 439 3858 Fragm.
454 3795 587 3844 Fast.
604 3791 769 3855 Capit.
792 3805 859 3853 ap
894 3794 1017 3847 aret,
1034 3802 1180 3850 quem
1244 3790 1396 3835 ratur.
1446 3780 1583 3831 Libri
1605 3781 1681 3829 illi
1700 3780 1930 3844 Sibyllini
1951 3796 2144 3842 semper
2161 3796 2268 3830 cae-

175 3858 425 3917 patricium
457 3858 605 3907 fixisse
638 3860 837 3905 censent
860 3806 1109 3915 lhurghen.
1130 3855 1183 3899 et
1246 3847 1477 3899 rimonias
1513 3846 1730 3921 Graecas
1763 3846 2268 3919 adhibendas-‘mone-

176 3918 223 3967 N
228 3921 377 3971 iebhr.
454 3924 553 3971 Pro
587 3922 763 3979 Atilio,
798 3918 1063 3969 Servitium
1108 3930 1179 3963 re-
1242 3914 1378 3962 bant.
1454 3910 1518 3961 In
1553 3910 1632 3959 lus
1671 3926 1784 3959 vero
1820 3910 1982 3973 epulis
2016 3909 2127 3956 Dus
2165 3924 2266 3957 ma-

176 3986 287 4045 poni
325 3986 531 4035 Niebhr.
568 3986 695 4045 vult,
731 3982 816 4033 sed
852 3981 1089 4045 Burghes.
1121 3982 1181 4029 L.
1245 3976 1427 4027 iuribus
1462 3974 1582 4023 lecti
1615 3974 1668 4023 in
1701 3974 1792 4023 viis
1827 3975 2184 4047 sternebantur,
2217 3972 2269 4019 in

176 4050 377 4099 Atilium
400 4049 623 4099 Priscum
648 4047 912 4111 legendum
934 4049 1119 4095 monet.
1247 4041 1425 4103 quibus
1458 4054 1628 4089 eorum
1663 4040 2036 4114 exponebantur
2072 4037 2270 4108 simula-

245 4112 274 4162 8
312 4116 567 4175 Per-nicio]
636 4113 773 4163 Olim
827 4126 967 4159 casus
1016 4106 1187 4157 tertius
1252 4120 1349 4156 cra.
1393 4106 1457 4155 cf.
1481 4104 1600 4153 Val.
1621 4104 1762 4153 Max.
1784 4118 1838 4153 u.
1865 4117 1906 4151 1.
1937 4106 1990 4151 et
2018 4099 2128 4147 inst.
2151 4112 2270 4147 xxu.

178 4176 371 4237 quintae
386 4177 727 4227 declinationis
748 4192 847 4225 non
869 4175 1031 4225 solum
1050 4172 1103 4221 in
1122 4172 1188 4245 οξ,
1259 4184 1333 4219 ιο.

180 4241 263 4291 *αἱ
292 4242 341 4291 in
371 4261 399 4295 e
429 4241 805 4301 terminabatur,
823 4238 1069 4303 quomodo
1100 4240 1189 4284 eti-
