3000 4784
867 153 1057 221 LIB.
1106 154 1194 221 IL
1264 156 1487 223 cAP.
1532 161 1636 223 45.
2173 162 2294 225 123

174 290 610 355 tribunorum
662 290 954 355 adversus
1004 314 1206 356 unum
1256 304 1634 357 moratorem
1684 290 1922 378 publici
1973 293 2292 357 commodi
2315 308 2380 359 U.
2405 310 2463 359 C.
2488 321 2598 372 ²74·

174 377 423 441 auxilio
455 378 795 442 delectum
822 378 1109 443 eonsules
1137 378 1390 443 habent.
1482 378 1644 443 Inde
1674 378 1757 443 ad
1787 378 2026 443 Veiens
2053 379 2290 444 bellum
2311 378 2370 424 A.
2405 377 2466 425 0·
2487 378 2599 437 4⁷8·

173 464 455 551 profecti
480 488 501 541 ;
550 488 689 551 quo
720 464 1003 565 undique
1034 488 1117 530 ex
1140 464 1397 529 Etruria
1424 466 1658 529 auxilia
1685 482 2129 543 convenerant,
2159 489 2288 531 non
2311 441 2510 554 ἓξὲξ

176 566 309 613 tam
341 550 745 615 Veientium
898 564 985 616 tia
1024 552 1354 625 concitata,
1430 575 1578 617 uam
1608 552 1784 639 quod
1822 552 1891 616 in
1929 574 2108 639 spem
2136 576 2292 618 ven·

172 650 317 701 tum
346 651 521 715 erat,
559 638 741 703 disco
821 639 881 702 'a
908 640 1209 703 intestina
1245 575 1499 703 dissolvi
1539 661 1673 703 rem
1705 639 2060 703 Romanam
2089 662 2287 739 posse.

174 724 665 812 Principesque
696 726 765 788 in
794 726 1079 790 omnium
1111 724 1399 790 Etruriae
1439 726 1820 813 populorum
1859 726 2142 791 concilim
2169 727 2293 792 fre·

174 811 471 889 mebant,
528 821 549 849 ‘
570 813 889 877 Aeternas
936 836 1087 911 opes
1133 835 1266 877 esse
1316 812 1658 889 RomanaS‚
1705 813 1829 877 nisi
1875 814 2044 878 inter
2091 828 2294 878 semet

178 898 341 997 ‘ipsi
370 898 811 963 seditionibus
840 913 1135 964 saewant.
1206 898 1286 963 Id
1314 922 1517 963 unum
1543 922 1883 977 venenum,
1915 922 2056 964 eam
2083 899 2293 965 labem

130 994 161 1044 6
179 992 197 1019 ‘
214 985 605 1050 civitatibus
635 986 950 1073 opulentis
976 999 1310 1073 repertam,
1342 998 1415 1050 ut
1450 1008 1680 1073 magna
1716 986 1981 1073 imperia
2007 988 2296 1052 mortalia

182 1078 201 1107 ‘
216 1084 455 1137 efflent.
560 1072 703 1137 Diu
740 1084 1162 1137 sustentatum
1200 1072 1268 1136 id
1303 1072 1559 1150 malum,
1589 1074 1819 1160 partim
1850 1074 2112 1138 Patrum
2141 1097 2294 1139 con-

180 1165 201 1193 ‘
216 1157 401 1236 siliis,
457 1160 707 1247 partim
754 1160 1065 1247 patientia
1157 1159 1333 1237 lehis,
1382 1161 1512 1224 iam
1562 1160 1644 1225 ad
1695 1174 1978 1224 extrema
2025 1162 2288 1225 venisse.

182 1252 202 1281 ‘
220 1242 410 1309 Duas
460 1247 763 1311 civitates
806 1269 889 1311 ex
937 1269 1071 1311 una
1134 1258 1337 1311 actas:
1386 1268 1532 1311 suos
1578 1246 1808 1333 cuique
1855 1247 2020 1346 parti
2064 1248 2293 1333 magis-

184 1338 205 1366 ‘
222 1342 449 1411 tratus,
504 1356 657 1398 suas
704 1333 877 1419 leges
928 1356 1081 1398 esse.
1189 1331 1479 1397 Primum
1528 1333 1600 1396 in
1649 1333 1998 1398 delectabus
2055 1335 2290 1398 saevire

184 1425 204 1453 ‘
222 1417 485 1496 solitos;
546 1419 809 1485 eosdem
842 1422 911 1483 in
938 1419 1109 1485 bello
1139 1431 1353 1485 tamen
1380 1420 1659 1507 paruisse
1690 1419 1972 1485 ducibus.
2069 1418 2293 1497 Quali-

190 1511 210 1542 ‘
226 1526 493 1593 cunque
562 1507 738 1571 urbis
808 1520 994 1585 statu,
1060 1518 1357 1571 manente
1431 1506 1766 1593 disciplina
1823 1506 2098 1585 militari,
2158 1507 2292 1571 sisti

188 1598 209 1627 ‘
222 1594 537 1677 potuisse.
618 1594 757 1658 Iam
783 1616 915 1659 non
942 1593 1207 1681 parendi
1238 1594 1700 1680 magistratibus
1727 1616 1968 1659 morem
1997 1593 2066 1657 in
2095 1606 2296 1659 castra

193 1684 213 1714 ‘
228 1700 495 1765 quoque
532 1679 898 1746 Romanum
930 1680 1198 1745 militem
1226 1682 1423 1767 sequi.
1516 1680 1816 1744 Proximo
1854 1680 2022 1745 bello
2060 1682 2129 1744 in
2157 1680 2181 1743 i

193 1771 212 1800 ‘
226 1765 386 1842 acie,
419 1767 495 1830 in
526 1767 671 1854 ipso
700 1768 1064 1844 certamine,
1095 1789 1405 1832 consensu
1442 1768 1759 1833 exercitus
1793 1767 2086 1831 traditam
2193 1780 2290 1832 tro

196 1858 217 1886 ‘
230 1850 577 1917 victoriam
620 1854 803 1919 victis
850 1854 1131 1940 Aequis:
1188 1854 1367 1940 signa
1416 1853 1680 1932 deserta,
1733 1854 2176 1941 imperatorem
2221 1854 2292 1918 in

196 1944 215 1973 ‘
230 1938 366 2003 acie
427 1940 752 2018 relictum,
814 1942 1055 2005 iniussu
1110 1941 1181 2004 in
1230 1954 1432 2005 castra
1479 1940 1773 2005 reditum.
1866 1940 2179 2019 Profecto,
2237 1941 2292 2006 si

200 2031 218 2059 ‘
234 2022 530 2104 instetur,
566 2050 681 2092 suo
708 2026 909 2092 milite
936 2028 1107 2091 vinci
1137 2027 1410 2091 Romam
1525 2050 1639 2091 sse.
1717 2026 1902 2092 Nihil
1931 2027 2105 2092 aliud
2135 2050 2292 2115 opus

202 2116 221 2145 ‘
236 2132 389 2190 esse,
436 2136 641 2201 quam
682 2113 880 2179 indici
923 2113 1296 2200 ostendique
1338 2116 1419 2179 be
1470 2137 1614 2179 umz
1660 2126 1872 2179 cetera
1912 2137 2026 2179 sua
2067 2127 2290 2201 sponte

204 2196 366 2262 ‘fata
390 2214 463 2265 et
490 2200 654 2265 deos
680 2202 1002 2289 gesturos!
1061 2200 1159 2265 Ea
1185 2223 1326 2289 spes
1357 2200 1658 2265 Etruscos
1685 2214 2052 2279 armaverat,
2077 2202 2294 2265 multis

204 2281 268 2345 in
296 2284 506 2352 vicem
540 2288 787 2353 casibus
812 2288 1011 2353 victos
1036 2289 1449 2387 victoresque.

288 2368 617 2439 Consules
658 2396 913 2461 quoque
960 2374 1237 2439 Romani
1286 2373 1449 2438 mhil
1496 2386 1822 2461 praeterea
1865 2372 2058 2452 aliud,
2099 2398 2292 2461 quam
2404 2386 2509 2447 45.

208 2476 343 2521 suas
368 2460 561 2538 vires,
594 2484 708 2525 sua
734 2484 924 2539 arma,
954 2460 1329 2526 horrebant:
1379 2461 1682 2525 memoria
1718 2460 1972 2546 pessimi
2000 2462 2292 2547 proximo

206 2539 369 2609 bello
406 2548 695 2635 exempli
734 2549 1027 2626 terrebat,
1058 2570 1141 2611 ne
1180 2569 1316 2611 rem
1354 2546 1822 2611 committerent
1860 2569 1956 2623 e0,
1988 2548 2114 2611 ubi.
2128 2547 2290 2611 duae

210 2627 391 2695 simul
414 2634 589 2699 acies
613 2634 930 2699 timendae
954 2646 1178 2699 essent.
1240 2632 1466 2720 Itaque
1490 2634 1706 2697 castris
1726 2656 1792 2697 se
1819 2634 2138 2711 tenebant,
2161 2646 2292 2698 tam
2309 2660 2621 2710 Concastri.

210 2718 469 2805 ancipiti
516 2720 801 2807 periculo
846 2722 1085 2787 aversi:
1132 2720 1305 2786 diem
1356 2734 1608 2820 tempus
1652 2744 1733 2785 ue
1778 2720 2038 2785 forsitan
2052 2720 2292 2871 xifpsum
2309 2741 2360 2775 se
2379 2729 2564 2775 tenent.

214 2798 555 2871 leniturum
611 2808 753 2886 iras,
804 2808 1262 2895 sanitatemque
1314 2808 1539 2871 animis
1671 2820 1940 2872 aturum
2119 2808 2294 2873 eiens

215 2884 403 2956 hostis
449 2894 833 2982 Etruscique
879 2918 955 2960 eo
1000 2896 1197 2982 magis
1247 2916 1661 2983 praepropere
1709 2916 1930 2982 agere3
1991 2894 2294 2960 lacessere

217 2973 294 3037 ad
337 3000 661 3068 pugnam:
772 2983 931 3046 rimo
981 2982 1411 3069 obequitando
1461 2982 1677 3046 castris
1719 2982 2290 3069 provocandoque3

214 3076 548 3159 ppstremO,
580 3081 653 3133 ut
680 3005 843 3132 mzil
871 3070 1227 3145 movebant,
1259 3092 1387 3169 qua
1413 3068 1702 3134 consules
1736 3070 1922 3155 ips03,
2000 3092 2083 3133 ua
2111 3090 2290 3133 exer-

181 3160 405 3215 7cltum
468 3154 895 3255 increpando:
960 3164 980 3193 ‘
1012 3154 1491 3219 Simulationem
1550 3156 1882 3219 intestinae
1988 3154 2290 3220 iscordiae

224 3238 241 3267 ‘
254 3240 601 3305 remedium
630 3242 871 3305 timoris
898 3242 1266 3306 inventum:
1314 3254 1381 3305 et
1418 3241 1706 3306 consules
1744 3242 1942 3329 magis
1981 3263 2113 3305 non
2141 3263 2294 3305 con-

224 3324 241 3354 ‘
256 3320 465 3405 fidere,
520 3350 713 3415 quam
763 3350 890 3391 non
951 3327 1229 3404 credere,
1280 3327 1407 3391 suis
1464 3326 1785 3393 militibus.
1877 3328 2136 3393 Novum
2195 3350 2293 3392 se-

226 3410 244 3440 ‘
258 3406 507 3478 ditionis
552 3436 773 3501 genus,
820 3414 1140 3479 silentium
1186 3415 1514 3500 otiumque
1563 3414 1732 3479 inter
1787 3415 2094 3479 armatos?
2179 3416 2291 3479 Ad

218 3488 367 3561 haec
412 3500 481 3565 in
520 3502 863 3566 novitatem
900 3502 1149 3588 generis
1186 3500 1443 3588 originis
1487 3524 1590 3577 ue,
1621 3524 1750 3587 qua
1774 3501 1946 3578 falsa,
1970 3524 2098 3588 qua
2123 3524 2289 3579 vera,

226 3575 437 3651 iacere.
536 3588 736 3666 Haec,
776 3611 977 3675 quum
1021 3588 1140 3652 sub
1178 3588 1201 3652 i
1360 3587 1463 3651 val
1486 3611 1526 3649 o
1563 3610 1648 3674 po
1711 3588 1723 3600 ‘
1805 3610 1884 3652 ue
1921 3602 2289 3687 streperent,

226 3660 385 3735 haud
412 3697 598 3761 aegre
628 3675 916 3739 consules
944 3674 1093 3761 pati.
1186 3610 1315 3739 ffio
1308 3674 1638 3761 imperitae
1669 3697 1734 3737 m
1803 3674 2091 3739 titudinis
2119 3698 2291 3740 nunc

234 3916 245 3926 ,
284 3853 315 3902 6
345 3858 629 3909 &ventibus
649 3862 889 3924 opulentis
908 3896 923 3911 .
942 3896 956 3910 .
973 3896 986 3910 .
1006 3896 1019 3909 .
1041 3876 1221 3923 mayna
1284 3876 1411 3922 quae
1446 3859 1540 3923 ipsi
1578 3862 1808 3924 splendor
1837 3868 1889 3910 et
1919 3876 2038 3924 opes
2073 3860 2180 3911 aevi
2218 3861 2292 3909 sui

229 3925 443 3987 ”prm-ia]
488 3925 682 3973 Harum
706 3940 879 3973 vocum
911 3925 1219 3987 magnificen·
1284 3924 1618 3975 subiiciebant.
1650 3926 1810 3975 Citav-

235 3982 475 4055 tlapan-um
506 4005 623 4039 sane
655 3990 911 4038 convenire
932 3989 1122 4037 videtur
1150 3996 1219 4038 te-
1357 4000 1384 4051 7
1412 3992 1799 4049 &malaciam-m]
1847 4005 1911 4037 sc.
1936 3990 2174 4039 Romanis
2193 4004 2292 4037 non

236 4050 391 4097 nmtati
427 4052 599 4101 virium
639 4054 990 4113 Romanarum,
1026 4053 1115 4102 illo
1158 4054 1221 4101 de
1284 4068 1388 4101 esse
1428 4053 1714 4103 discordiam
1756 4052 2053 4113 intestinam,
2086 4054 2170 4101 sed
2211 4067 2294 4101 eos

234 4120 320 4165 ‘1¹¹0
348 4129 472 4165 nunc
494 4117 662 4165 Livius
692 4118 791 4180 agit
822 4123 1055 4179 tempore.
1122 4118 1217 4166 Sed
1282 4118 1428 4167 modo
1440 4118 1569 4166 hanc
1584 4118 1830 4177 simulare,
1843 4123 1899 4166 ut
1915 4114 2292 4166 eanimulatione

237 4182 433 4229 &nusum
451 4186 624 4231 noster
633 4182 909 4230 Romanam
930 4180 1219 4243 magnitudi-
1283 4186 1449 4243 tegant
1474 4182 1715 4230 timorem.
1781 4183 2020 4231 Consules
2039 4180 2170 4228 enim
2193 4194 2290 4227 cre-

238 4246 336 4285 nem
384 4242 573 4303 intueri,
613 4246 857 4295 interdum
898 4246 962 4295 ad
1007 4246 1218 4309 priorum
1284 4246 1397 4294 dere
1430 4246 1626 4307 quidem
1657 4245 1773 4293 fidei
1803 4244 2058 4302 exercitus,
2079 4243 2164 4292 sed
2192 4258 2290 4291 non

239 4300 489 4365 tempormn
504 4309 890 4359 imbecillitatem
907 4326 967 4359 ea
982 4310 1222 4369 transfert,
1284 4310 1528 4359 confidere
1549 4308 1713 4358 virtuti
1735 4307 1851 4356 eius.
1885 4307 2099 4357 Srmrfl.
