3000 4784
698 216 826 281 274
1477 205 1703 275 T1T1
1756 154 2035 275 mvn⁸

555 386 664 437 339·
704 358 724 391 ‘
741 349 1116 415 adhibeatur
1171 348 1389 411 oratic.
1481 344 1609 409 Pro
1664 346 1921 411 fortuna
1968 342 2117 411 illis'
2152 346 2397 411 animos
2448 368 2622 411 esse:
2684 346 2793 409 ubi

555 452 665 500 4¹3·
705 447 725 477 ⁶
741 436 1018 512 videant,
1047 432 1322 519 collegas
1349 432 1671 519 principes
1698 433 1981 519 agendae
2010 434 2103 498 rei
2131 434 2397 520 gratiam
2428 454 2685 497 omnem
2712 432 2798 495 ad

706 533 726 563 ‘
787 523 996 586 lebem
1053 540 1567 617 praeoccupasse,
1614 540 1735 583 nec
1784 517 1999 584 locum
2044 519 2115 583 in
2164 542 2245 583 ea
2290 518 2591 583 relictum
2634 520 2747 583 sibi
2766 542 2797 594 3

706 619 726 649 ‘
743 546 922 673 liaud
949 617 1202 693 gravate
1233 604 1649 669 acchnaturos
1674 628 1743 669 se
1772 604 1855 668 ad
1882 628 2136 670 causam
2164 618 2439 682 senatus,
2462 627 2581 693 per
2608 626 2801 705 quam

709 706 727 733 ‘
747 694 1038 759 universo
1087 690 1296 756 ordini
1355 712 1503 753 cum
1548 690 1927 776 primoribus
1984 714 2053 756 se
2104 691 2369 755 Patrum
2418 691 2805 755 concihent’
2834 720 2859 753 1

710 778 1230 867 Approbantibus
1273 777 1537 853 cunctis,
1568 789 1635 840 et
1672 790 1821 840 ante
1862 800 2083 842 omnes
2125 775 2209 851 Q..
2248 776 2515 841 Servilio
2562 777 2803 851 Prisce,

709 865 884 953 quod
913 888 1044 928 non
1072 863 1516 947 degenerasset
1544 862 1623 926 ab
1652 863 1846 949 stirpe
1882 861 2173 940 Claudia,
2196 862 2599 927 collaudante
2628 864 2813 925 iuve-

709 974 879 1027 nem,
911 950 1242 1036 negotium
1283 948 1489 1024 datur,
1520 960 1615 1023 ut,
1646 970 1809 1034 quos
1842 950 2115 1037 quisque
2152 962 2367 1035 posset
2404 972 2489 1013 ex
2532 948 2809 1035 collegio

709 1038 1128 1112 tribunorum,
1159 1034 1236 1098 ad
1278 1034 1797 1098 intercessionem
1834 1034 2222 1121 pellicerent.
2314 1034 2519 1099 Misso
2560 1048 2807 1111 senatu,

707 1134 1088 1211 prensantur
1137 1123 1216 1184 ab
1275 1120 1667 1206 principibus
1726 1121 1997 1184 tribunit
2060 1120 2405 1197 suadendo,
2458 1121 2809 1198 monendo,

712 1208 1200 1297 pollicendoque
1227 1219 1478 1292 gratum
1510 1205 1579 1269 id
1604 1205 1869 1305 singulis
1897 1207 2212 1292 privatim,
2236 1222 2487 1292 gratum
2510 1208 2811 1271 universo

713 1296 962 1360 senatui
989 1294 1144 1370 fore,
1163 1316 1276 1356 sex
1305 1291 1388 1356 ad
1415 1292 1927 1356 intercessionem
1960 1314 2416 1379 comparavere.
2510 1292 2817 1357 Postero·
2836 1322 2873 1355 2
2967 1310 2969 1321 ·

714 1405 842 1468 que
886 1381 992 1445 die
1032 1402 1232 1465 quum
1268 1401 1351 1442 ex
1385 1378 1735 1464 composito
1768 1376 2038 1442 relatum
2072 1378 2155 1442 ad
2192 1390 2485 1443 senatum
2522 1391 2697 1443 esset
2732 1379 2813 1442 de

713 1467 1046 1541 seditione,
1162 1486 1308 1528 uam
1377 1462 1717 1527 Maecilius
1786 1462 2205 1550 Metiliusque
2264 1464 2605 1551 largitione
2670 1488 2815 1614 130-

713 1553 856 1617 simi
904 1551 1181 1636 exempi
1224 1549 1589 1625 concirent3
1652 1572 1765 1613 eae
1817 1550 2131 1615 orationes
2173 1573 2212 1614 a
2254 1550 2643 1637 primoribus
2754 1574 2819 1613 a·

717 1652 887 1701 trum
946 1636 1198 1701 habitae
1255 1650 1424 1712 sunt,
1484 1647 1559 1698 ut
1608 1658 1725 1722 pro
1784 1658 1852 1699 se
1912 1636 2181 1723 quisque
2242 1638 2371 1701 iam
2422 1658 2547 1700 nec
2608 1637 2821 1701 consi·

715 1723 874 1787 lium
917 1723 1036 1787 sibi
1083 1735 1418 1808 suppetere
1469 1721 1733 1799 diceret,
1778 1744 1899 1786 nec
1948 1745 2017 1786 se
2064 1722 2259 1787 ullam
2308 1744 2351 1786 o
2432 1745 2500 1785 m
2549 1746 2821 1789 cernere

714 1808 900 1873 aliam
931 1830 1218 1894 usquam,
1249 1820 1693 1893 praeterquam
1732 1809 1802 1871 in
1842 1808 2181 1873 tribunicio
2210 1810 2361 1873 auxi
2390 1809 2468 1873 'o.
2562 1808 2651 1873 In
2678 1810 2821 1874 eius

715 1894 1042 1981 potestatis
1070 1893 1264 1957 fidem
1305 1893 1799 1959 circumventam
1840 1894 2315 1981 rempublicam,
2344 1908 2655 1980 tanquam
2686 1897 2821 1982 pri-

715 1993 932 2045 vatum
975 1979 1253 2066 inopem,
1295 1979 1655 2065 confugere.
1747 1980 2151 2045 Praeclarum
2194 1982 2347 2081 ipsis
2382 1982 2819 2067 potestatique

717 2088 871 2143 esse,
917 2088 1050 2130 non
1093 2064 1176 2129 ad
1218 2065 1583 2130 vexandum
1625 2079 1915 2130 senatum
1960 2066 2465 2153 discordiamque
2511 2066 2821 2131 ordinum

665 2156 668 2160 ’
715 2152 1096 2217 movendam
1169 2151 1267 2215 lus
1295 2152 1364 2215 in
1393 2150 1719 2215 tribunatu
1746 2153 1975 2216 virium
2005 2176 2159 2228 esse,
2185 2176 2377 2240 quam
2407 2152 2491 2217 ad
2518 2153 2825 2218 resisten-

717 2238 872 2302 dum
913 2238 1116 2325 impro
1161 2238 1214 2301 is
1251 2237 1527 2323 collegis,
1622 2236 1936 2303 Fremitus
1964 2238 2201 2303 deinde
2244 2238 2522 2303 universi
2556 2252 2825 2303 senatus

716 2338 910 2400 ortus,
956 2346 1158 2410 quum
1207 2346 1292 2387 ex
1335 2322 1630 2387 omnibus
1672 2325 1955 2409 partibus
1999 2325 2209 2389 curiae
2254 2326 2493 2390 tribuni
2534 2325 2823 2412 appella-

718 2423 970 2474 rentur:
1021 2423 1176 2486 tum,
1223 2408 1475 2473 silentio
1518 2408 1703 2485 facw,
1740 2410 1806 2487 ii,
1890 2411 1958 2474 ui
2000 2412 2354 2510 praeparati
2392 2424 2575 2475 erant
2612 2412 2827 2497 gratia

719 2496 1097 2583 principum,
1119 2517 1312 2581 quam
1335 2494 1725 2581 rogationem
1745 2518 1785 2559 a
1805 2519 1881 2561 co
1928 2518 2061 2583 egis
2078 2497 2539 2585 promulgatam
2558 2511 2825 2562 senatus

719 2596 974 2647 censeat
1024 2582 1460 2646 dissolvendae
1510 2580 1893 2673 reipublicae
1938 2605 2095 2659 esse,
2142 2585 2202 2647 ei
2246 2607 2312 2649 se
2362 2583 2825 2649 intercessuros

719 2668 1080 2733 ostendunt.
1179 2667 1438 2731 Gratiae
1469 2667 1987 2732 intercessoribus
2015 2669 2097 2733 ab
2130 2682 2357 2734 senatu
2396 2682 2593 2734 actae.
2686 2668 2825 2733 La-

721 2767 890 2818 tores
920 2752 1282 2840 rogationiS,
1317 2753 1624 2817 concione
1666 2752 1985 2833 advocata,
2016 2755 2371 2841 proditores
2445 2756 2607 2821 lebis
2636 2777 2823 2821 com-

719 2839 1052 2902 modorum
1084 2860 1158 2901 ac
1197 2861 1408 2902 servos
1448 2839 1873 2904 consularium
1910 2840 2321 2927 appellantes,
2412 2862 2603 2928 laque
2650 2842 2824 2907 truci

719 2923 1002 2987 oratione
1031 2923 1100 2985 in
1132 2922 1292 2987 colle
1433 2924 1688 3002 invecti,
1718 2926 2035 2990 actionem
2066 2927 2147 2992 de
2194 2950 2432 2992 osuere.

496 3020 601 3081 49,
807 3008 960 3071 Duo
1009 3009 1258 3072 assidua
1293 2946 1472 3073 ffila
1519 3009 1863 3096 insequens
1910 3035 2113 3077 annus
2210 3014 2504 3091 abnisset,
2551 3035 2684 3099 quo
2739 3014 2817 3079 P.
2842 3041 2873 3087 ³

397 3104 464 3153 U·
487 3103 547 3152 Ο·
572 3115 682 3163 340·
724 3093 1064 3159 Cornelius
1099 3092 1355 3171 CossuS,
1392 3094 1470 3159 C.
1506 3094 1801 3161 Valerius
1842 3097 2112 3175 Potitus,
2148 3098 2232 3174 Q..
2274 3100 2623 3174 Quinctius
2656 3098 2826 3165 Cin-

392 3166 705 3287 {ogi-1313,
719 3182 1030 3259 cinnatus,
1079 3178 1166 3245 N.
1200 3180 1431 3245 Fabius
1474 3180 1853 3259 Vibulanus,
1896 3184 2137 3248 tribuni
2183 3185 2458 3249 militum
2500 3186 2824 3250 consulari
2842 3218 2873 3259 4
2967 3238 2969 3247 .

391 3292 704 3343 etc.Tr.Mi1.
721 3280 1032 3353 potestate
1062 3267 1356 3343 fuerunt3
1403 3267 1472 3331 ni
1504 3267 1746 3331 Veiens
1776 3269 2013 3334 bellum
2042 3270 2264 3357 religio
2337 3270 2659 3358 rincipum
2688 3272 2825 3337 dis-
2966 3306 2969 3353 i

720 3354 986 3431 tulisset,
1063 3376 1290 3418 uorum
1319 3375 1503 3439 agros
1534 3352 1803 3430 Tiberis,
1834 3377 1911 3419 su
1994 3378 2027 3419 r
2054 3356 2219 3443 ripas
2248 3294 2504 3434 effusus,
2536 3358 2821 3423 maxime
2967 3358 2969 3389 ³

395 3456 576 3569 1330219111
717 3440 918 3504 ruinis
1021 3439 1267 3503 ’larum
1324 3440 1609 3503 vastavit.
1735 3438 1913 3505 Simu
2008 3440 2273 3528 Aequos
2331 3442 2609 3507 triennio
2670 3456 2819 3510 ante

393 3536 470 3569 vlc
511 3556 524 3570 ι

377 374 446 425 U.
469 373 529 424 C.

377 440 439 491 A·
471 439 532 488 Ο.

789 3641 809 3673 1
853 3628 1092 3676 Universa
1111 3626 1272 3674 mdim'
1297 3641 1408 3673 oum
1435 3626 1736 3687 primoribus
1801 3625 1993 3675 videtur
2014 3626 2110 3688 Ap.
2128 3626 2371 3677 Claudius
2388 3626 2501 3676 infr.
2519 3643 2565 3676 v.
2590 3642 2635 3675 α.
2662 3634 2821 3677 muta-

715 3705 768 3737 σε
787 3691 1027 3748 Patr-um]
1065 3704 1130 3737 se.
1149 3689 1268 3737 Non
1290 3694 1484 3737 tantum
1517 3687 1735 3750 primori-
1800 3688 1984 3738 tionem
2006 3692 2271 3751 quandam,
2292 3706 2420 3753 quae
2514 3690 2673 3740 iniciis
2700 3691 2821 3739 obli-

715 3752 807 3799 bus
828 3758 1042 3813 patrum,
1061 3751 1145 3800 sed
1163 3751 1310 3799 etiam
1334 3751 1558 3799 universo
1580 3752 1735 3801 ordini
1801 3768 1897 3813 que
1934 3752 2137 3811 faveret,
2174 3753 2359 3803 fecisse.
2502 3754 2655 3803 Dion.
2692 3755 2820 3804 Exc.

715 3829 768 3863 se
789 3814 1067 3863 concilient.
1104 3814 1276 3862 Diux.
1802 3816 1919 3865 Vat-
1942 3816 2040 3865 xiv.
2062 3814 2197 3864 οὐδὲν
2216 3816 2310 3878 γὰρ
2330 3818 2531 3877 ὄφελος,
2562 3818 2625 3867 ὥς
2658 3816 2821 3879 ἐγένου·

781 3892 810 3925 2
839 3878 937 3927 Sea·
957 3879 1024 3925 ad
1043 3880 1453 3938 immemorum]
1484 3878 1737 3941 Suffragiis
1800 3896 1935 3939 σκον,
1977 3876 2053 3939 ἦν,
2092 3878 2135 3927 εἷ
2174 3880 2251 3928 καὶ
2294 3878 2362 3930 εἷς
2405 3882 2542 3941 σφὸν
2584 3881 2821 3933 ἀπεῖπεν.

716 3940 912 3989 maioris
933 3938 1086 4003 pastis
1106 3940 1409 3989 tribunorum
1427 3942 1737 4003 quaestiones
1802 3942 1854 3991 N
1856 3942 2009 3992 iebhr.
2036 3943 2083 3991 ii.
2106 3959 2155 3992 n.
2178 3942 2291 4009 965.

715 4004 878 4053 adhuc
914 4004 966 4052 in
1006 4003 1212 4066 collegio
1249 4004 1551 4053 tribunorum
1596 4004 1733 4053 finie-
1864 4022 1893 4068 3
1924 4008 2143 4055 Assum
2172 4009 2323 4067 bella]
2380 4007 2569 4057 Vocem
2600 4012 2824 4069 αηέόαα,

717 4070 910 4128 bantur,
931 4068 992 4117 ef.
1014 4082 1145 4129 supr.
1169 4082 1246 4129 42.
1291 4069 1375 4116 ubi
1410 4068 1569 4130 pietas
1593 4078 1733 4132 quae-
1798 4085 1925 4131 quae
1970 4070 2219 4119 Crevierio
2260 4070 2503 4121 eiicienda
2544 4071 2825 4134 videbatur,

715 4140 827 4181 tuor
863 4131 1166 4180 tribunorum
1206 4131 1328 4180 nihil
1368 4132 1563 4181 valebat
1584 4150 1595 4180 :
1646 4133 1733 4181 sed
1798 4132 1983 4181 omittit
2007 4132 2221 4183 Bekker.

715 4195 815 4243 iam
835 4200 952 4244 ante
972 4210 1158 4244 annum
1183 4193 1290 4255 360.
1317 4194 1384 4245 U.
1406 4195 1466 4244 Ο.
1489 4210 1567 4243 res
1586 4195 1731 4245 aliter
1826 4254 1830 4259 ⁵
1858 4214 1889 4257 4
1918 4198 1988 4245 Ν.
2019 4198 2207 4247 Fabius
2246 4199 2545 4259 Vibulanus]
2604 4200 2820 4251 Praeno-

713 4274 766 4306 se
803 4255 1034 4318 habebat,
1064 4260 1260 4320 quando
1297 4258 1578 4307 intercessio
1612 4260 1727 4307 duo-
1792 4274 1907 4307 men
1928 4259 2044 4309 huie
2056 4262 2353 4310 Numerium
2374 4260 2696 4313 tribuendum
2720 4282 2820 4315 ene

712 4338 824 4369 rum
847 4322 1018 4379 valuit,
1039 4321 1146 4369 infr.
1171 4337 1214 4368 v.
1232 4335 1258 4368 α
1265 4332 1308 4380 5.
1327 4336 1401 4383 29.
1451 4320 1729 4369 Niebuhrio
1794 4338 1855 4371 ex
1880 4322 2013 4372 Fast.
2037 4324 2203 4385 Capit.
2226 4330 2433 4373 constat.
