3000 4784
793 237 920 297 242
1574 230 1802 297 ΤΙΤΙ
1861 230 2135 307 LIVII

468 380 535 431 U.
558 380 618 430 c.
644 380 753 443 316.
796 378 817 407 ‘
836 380 1127 435 contacta
1152 368 1369 455 pretiis
1397 368 1580 455 regni
1609 368 1950 446 mercandi,
1973 366 2462 455 publicarentur.
2528 369 2766 437 Iubere
2791 370 2892 435 ita-

462 446 525 495 A.
559 446 619 495 0·
642 444 753 507 436·
796 464 817 494 ‘
837 479 982 542 que,
1015 468 1377 542 quaestores
1404 454 1680 519 vendere
1709 478 1788 519 ea
1815 455 2000 531 bona,
2032 468 2225 542 atque
2265 456 2336 521 in
2369 456 2706 543 publicum
2741 456 2892 521 redi-

572 545 671 605 16.

556 2872 652 2935 17.

794 552 815 581 ‘
834 543 1021 629 gere.’
1108 541 1396 607 Domum
1424 540 1678 619 deinde,
1711 555 1784 606 ut
1818 554 2234 607 monumento
2270 566 2416 607 area
2449 558 2618 609 esset
2647 566 2894 631 oppres-

790 652 893 693 sae
938 628 1209 693 nefariae
1254 630 1407 715 spei,
1440 628 1608 691 dirui
1653 627 1973 714 extemplo
2013 629 2226 693 iussit:
2281 629 2352 693 id
2381 630 2908 717 Aequimaelium

790 738 829 779 a
871 714 1175 815 pellatum
1218 728 1329 779 est.
1441 714 1517 778 L.
1549 714 1878 779 Minucius
1929 715 2088 779 bove
2143 729 2361 781 aurato
2415 731 2600 781 extra
2655 726 2908 803 portam

791 738 1225 887 'lpngeminam
1255 813 1351 865 est
1377 800 1668 877 donatus,
1701 824 1782 865 ne
1827 800 2012 887 plebe
2043 802 2304 887 quidem
2339 802 2558 880 invita,
2592 804 2748 889 quia
2774 802 2890 865 fi·u-

790 900 1079 951 mentum
1124 886 1538 963 Maelianum,
1585 888 1824 951 assibus
1868 888 1938 950 in
1982 888 2227 953 modios
2270 889 2692 966 aestimatum,
2733 889 2908 975 plebi÷

790 973 1017 1039 divisit.
1120 972 1317 1037 Hunc
1364 972 1748 1050 Minucium,
1781 973 1953 1059 apud
1995 975 2304 1059 quosdam
2358 988 2666 1052 auctoreS,
2701 990 2890 1039 tmus-

789 1056 909 1124 is'se
940 1083 979 1125 a
1008 1059 1301 1147 Patribus
1330 1059 1412 1123 ad
1439 1059 1711 1145 plebem,
1745 1060 2152 1125 undecimum
2201 1085 2282 1126 ue
2327 1062 2656 1126 tribunum
2745 1062 2888 1125 lebis

789 1158 1157 1233 cooptatum
1198 1146 1594 1222 seditionem,
1627 1159 1864 1209 motam
1899 1169 1980 1211 ex
2019 1147 2170 1211 Mae
2199 1148 2342 1211 ‘ana
2382 1148 2597 1225 caede,
2743 1170 2884 1223 asse,

790 1233 1063 1298 invenio,
1100 1242 1105 1247 ’
1158 1231 1463 1297 Ceterum
1492 1232 1600 1296 vix
1631 1232 1928 1297 credibile
1970 1246 2082 1309 est,
2121 1257 2458 1299 numerum
2498 1236 2884 1300 tribunorum

789 1318 1011 1385 Patres
1032 1320 1249 1407 augeri
1322 1342 1509 1395 assoS,
1535 1318 1728 1404 idque
1751 1319 2146 1405 potissimum
2171 1320 2536 1407 exemplum
2565 1344 2606 1385 a
2632 1321 2884 1409 patricio

788 1404 1049 1471 homine
1088 1406 1217 1471 intr
1302 1418 1561 1481 uctum3
1609 1426 1728 1469 nec
1757 1404 1988 1469 deinde
2020 1406 2088 1469 id
2117 1406 2368 1493 plebem
2397 1430 2770 1472 concessum
2797 1430 2884 1471 se·

789 1492 917 1557 mel
946 1492 1308 1568 obtinuisse,
1340 1504 1451 1557 aut
1479 1504 1648 1556 certe
1679 1504 1968 1555 tentasse.
2065 1491 2196 1557 Sed
2229 1506 2375 1557 ante
2412 1493 2632 1557 omnia
2669 1494 2908 1559 refellits

786 1577 1012 1643 falsum
1049 1578 1139 1641 im
1222 1578 1235 1591 ‘
1288 1578 1341 1641 is
1376 1578 1634 1643 titulum
1673 1578 1890 1665 paucis
1929 1590 2075 1642 ante
2119 1580 2302 1643 annis
2329 1578 2469 1666 lege
2499 1594 2780 1657 cautum,
2809 1602 2881 1643 ne

786 1663 1057 1727 tribunis
1085 1600 1390 1750 effingam
1420 1676 1715 1750 cooptare
1745 1664 1978 1729 liceret.

880 1748 962 1824 Q„
1000 1748 1335 1826 CaeciliuS,
1383 1749 1465 1825 Q„
1499 1749 1743 1827 IuniuS,
1789 1750 1962 1815 Sext.
1997 1749 2296 1829 Titinius,
2341 1752 2454 1817 soli
2499 1774 2581 1817 ex
2625 1752 2878 1841 collegio

786 1834 1183 1901 tribunorum
1230 1858 1439 1922 neque
1484 1835 1762 1901 tulerant
1803 1837 1884 1901 de
1927 1837 2272 1901 honoribus
2317 1838 2593 1903 Minucii
2641 1840 2874 1927 lege1n;

786 1933 854 1985 et
882 1920 1199 1985 criminari
1226 1944 1399 1985 nunc
1431 1922 1815 2000 Minucium,
1848 1946 2020 1989 nunc
2054 1922 2389 1988 Servilium
2417 1925 2589 2011 apud
2617 1925 2874 2013 plebem,

786 2008 1095 2093 querique
1138 2007 1467 2095 indignam
1512 2031 1736 2074 necem
1767 2008 1990 2074 Maelii
2029 2033 2163 2074 non
2196 2010 2580 2076 destiterant.
2675 2012 2876 2077 Pervi-

784 2106 1011 2159 cerunt
1052 2094 1262 2182 igitur,
1305 2108 1380 2160 ut
1421 2095 1818 2161 tribunorum
1861 2096 2136 2161 militum
2179 2098 2408 2183 potiuS,
2439 2121 2632 2183 quam
2665 2122 2874 2163 consu-

784 2179 939 2259 lum,
985 2180 1241 2246 comitia
1282 2181 1701 2257 haberentur3
1747 2182 1922 2245 haud
1964 2182 2162 2260 dubii,
2209 2184 2368 2282 quin
2411 2205 2522 2247 sex
2565 2184 2726 2249 locis
2771 2188 2907 2271 (t0t6

784 2268 959 2331 enim
1002 2268 1128 2331 iam
1168 2268 1365 2333 creari
1407 2266 1668 2353 licebat)
1696 2280 1763 2332 et
1790 2268 2022 2355 plebeii
2062 2269 2277 2356 aliqui,
2353 2270 2667 2335 rofitendo
2695 2295 2766 2336 se
2797 2272 2871 2335 ul-

784 2365 951 2417 tores
989 2354 1120 2419 fore
1153 2352 1512 2419 Maelianae
1549 2354 1776 2431 caediS,
1809 2368 2184 2421 crearentur.
2335 2356 2487 2433 lebs‚
2519 2380 2867 2445 quanquam

782 2440 1017 2526 agitata
1058 2439 1273 2505 multis
1316 2464 1395 2507 eo
1438 2463 1608 2506 anno
1652 2453 1719 2506 et
1758 2442 1946 2505 variis
1989 2442 2263 2507 motibus
2307 2455 2458 2518 erat,
2496 2465 2616 2507 nec
2652 2444 2866 2531 plures,

830 2549 977 2591 uam
1016 2538 1159 2605 tres,
1198 2528 1482 2593 tribunos
1527 2526 1839 2592 consulari
1880 2539 2190 2613 potestate
2219 2528 2472 2605 creavit,
2503 2542 2572 2593 et
2597 2530 2668 2593 in
2699 2531 2780 2595 iis
2805 2530 2863 2594 L

856 2614 1167 2679 uinctium
1208 2613 1580 2679 Cincinnati
1619 2613 1860 2679 filium:
1909 2636 1992 2679 ex
2033 2615 2214 2678 cuius
2257 2614 2602 2680 dictaturae
2647 2616 2865 2681 invidia

780 2699 1091 2763 tumultus
1118 2702 1552 2785 quaerebatur.
1645 2698 1969 2765 Praelatus
1997 2701 2306 2801 suffragiis
2341 2700 2650 2776 Quinctio
2681 2702 2859 2768 Mam.

783 2783 1116 2860 Aemilius,
1140 2785 1237 2847 vir
1264 2808 1546 2849 summae
1575 2785 1754 2935 ὼῗιι
1736 2786 1915 2850 'tatis
1994 2785 2069 2851 L.
2094 2785 2330 2851 Iuhum
2360 2787 2616 2853 tertium
2647 2800 2857 2855 creant.

866 2868 947 2932 In
986 2869 1215 2934 horum
1255 2870 1621 2957 magistratu
1715 2872 1962 2949 idenae,
1992 2872 2240 2937 colonia
2271 2872 2582 2951 Romana,
2612 2874 2694 2939 ad
2725 2876 2859 2940 Lar-
2905 2914 2907 2929 ·

778 2964 910 3017 tem
955 2953 1371 3019 Tolumnium
1416 2955 1786 3021 Veientium
1839 2980 2054 3045 regem
2107 2982 2181 3023 ae
2225 2958 2532 3025 Veientes
2575 2950 2892 3047 defecere-g

777 3152 1066 3217 contagione
1086 3155 1298 3216 quadam
1324 3154 1493 3205 vitiata
1521 3170 1584 3204 ex
1612 3157 1798 3207 domini
1929 3174 1956 3221 5
1990 3162 2192 3221 Refsllit
2201 3162 2421 3221 salsum]
2475 3163 2538 3211 Id
2562 3165 2737 3227 probat
2761 3165 2852 3214 also

778 3218 977 3278 scelere,
999 3220 1083 3281 qui
1116 3218 1215 3267 illis
1246 3218 1448 3268 mercari
1482 3236 1682 3283 reg-num
1715 3238 1797 3270 vo-
1861 3224 2126 3285 ascriptum
2159 3240 2262 3273 esse
2295 3226 2494 3287 imagini
2521 3228 2734 3276 Minucii
2767 3229 2851 3276 titu-

780 3282 953 3332 luerat.
989 3284 1153 3333 Canv,
1863 3286 1966 3335 lum
2001 3288 2292 3348 tribunatus,
2357 3292 2456 3338 uod
2489 3290 2613 3353 lege,
2645 3285 2744 3354 (sc.‘
2763 3292 2849 3340 Tre-

852 3361 879 3394 2
920 3349 1337 3411 Aequimaelium]
1404 3350 1794 3412 Aequimaelium
1860 3350 2008 3399 bonis
2045 3366 2176 3414 supr.
2213 3352 2280 3401 iii.
2321 3306 2428 3417 ἓξ»)
2463 3360 2667 3403 cautum
2704 3358 2848 3410 fuerat,

776 3410 984 3469 dictum,
1172 3419 1383 3475 aeqitata
1416 3415 1598 3463 Maelii
1631 3414 1798 3463 domus
1861 3428 1925 3463 ne
1947 3421 2040 3464 etc.
2072 3416 2234 3465 Casv.

773 3476 985 3535 publice.
1072 3490 1181 3523 arro
1204 3476 1266 3524 de
1290 3476 1347 3525 L.
1374 3475 1433 3525 L.
1458 3492 1502 3525 v,
1531 3491 1606 3539 32·
1931 3476 1962 3527 6
2008 3481 2094 3527 Tot
2135 3482 2266 3529 enim
2307 3483 2408 3529 iam
2457 3485 2620 3532 creari
2673 3481 2842 3538 licebat]

845 3551 874 3599 3
905 3540 1038 3589 Bove
1070 3542 1272 3599 aurato]
1332 3540 1530 3589 Auratis
1565 3540 1795 3589 nimirum
1861 3541 2046 3591 Mirum
2069 3542 2288 3604 quidem,
2306 3544 2346 3593 si
2369 3560 2446 3593 res
2468 3546 2539 3595 ita
2557 3560 2613 3595 se
2635 3546 2844 3613 habuerit·

776 3602 1017 3651 cornibus.
1097 3603 1195 3652 Sed
1239 3605 1437 3653 turbant
1480 3603 1604 3654 haec
1649 3606 1797 3653 verim
1859 3607 1992 3667 quod
2029 3622 2160 3655 anno
2199 3621 2293 3669 350
2330 3608 2397 3659 U.
2427 3609 2488 3659 Ο.
2523 3610 2708 3659 tribuni
2745 3624 2842 3659 cons.

773 3674 917 3777 5133
928 3670 1529 3791 ῑέἕὲἷὲῗὲἕὲἕὲῧῖἒέ·
1598 3668 1796 3781 {³²11ssAE
1859 3671 2314 3783 Efflassffim
2359 3688 2442 3721 ⁸⁰¹
2495 3674 2616 3723 ¹⁰⁶i⁸
2661 3677 2842 3737 ”fimum

774 3792 997 3852 Minucio
1029 3800 1241 3843 statuam
1275 3796 1483 3857 positam
1515 3801 1652 3843 extra
1684 3810 1791 3858 pon-
1933 3808 1958 3859 7
2005 3800 2272 3847 Veientium
2307 3802 2493 3863 repom]
2553 3800 2840 3851 Tolumnium

772 3860 875 3903 tam
899 3856 1229 3919 Trigeminam
1253 3865 1506 3909 memorat.
1530 3859 1663 3908 xviii.
1680 3876 1726 3920 4.
1741 3864 1792 3909 et
1857 3859 2221 3923 Tyrrhenorum
2283 3880 2446 3927 regem
2501 3864 2648 3914 fuisse
2707 3862 2840 3915 scribit

772 3920 938 3969 xxxiv.
968 3936 1041 3969 11.
1110 3922 1213 3971 Hic
1243 3938 1355 3985 ergo
1388 3923 1545 3971 scribe
1568 3924 1682 3973 boos
1703 3938 1790 3972 au-
1859 3924 2008 3975 Dion.
2043 3926 2094 3975 in
2137 3926 2261 3977 Exc.
2303 3929 2420 3977 Vat.
2467 3928 2553 3978 xii.
2593 3944 2634 3979 2.
2715 3926 2836 3979 Haud

770 3992 895 4043 rato,
916 3992 973 4033 eb
984 3992 1150 4034 statua
1178 3994 1335 4036 extra.
1371 3988 1533 4036 (ἷκεν.
1599 3989 1670 4035 Et
1688 3994 1785 4037 sea—
1849 3988 1949 4036 scio
1982 4005 2046 4037 an
2079 4006 2166 4039 rex
2189 3990 2276 4041 ille
2301 3992 2588 4041 Veientium
2619 3994 2744 4043 idem
2771 4004 2836 4039 rex

770 4054 859 4097 ma
902 4050 1239 4110 reponendum
1284 4056 1451 4099 censet
1484 4050 1694 4101 Niebhr.
1735 4050 1784 4101 ii.
1850 4051 2216 4114 Tyrrhenorum
2271 4056 2434 4115 tuerit,
2480 4056 2554 4105 uti
2607 4072 2712 4107 mos
2755 4058 2836 4105 emt

769 4127 818 4161 n.
842 4126 951 4176 937.
1000 4113 1059 4160 cf.
1086 4114 1192 4163 Liv.
1220 4114 1297 4163 vii.
1324 4126 1399 4175 37.
1847 4118 1983 4179 apud
2009 4118 2240 4167 Etruscos
2271 4134 2360 4183 per
2393 4122 2525 4169 bella
2557 4136 2715 4183 regem
2735 4120 2832 4183 (An-

832 4193 863 4237 4
896 4178 1105 4225 Ass-'bus
1142 4181 1196 4225 in
1232 4180 1409 4226 modios
1448 4180 1780 4239 aestimatum]
1847 4179 2038 4240 gliee‚a
2052 4183 2326 4247 war-leina)
2345 4183 2669 4233 communiter
2689 4197 2830 4236 creares

766 4240 826 4286 cf.
843 4240 949 4289 Cic.
966 4240 1063 4289 Off.
1080 4240 1129 4289 ii.
1151 4252 1222 4301 17.
1258 4241 1383 4288 “Ne
1396 4242 1570 4289 Marco
1584 4241 1782 4301 quidem
1849 4242 1933 4304 qui
1955 4245 2216 4294 duodecim
2247 4249 2446 4310 populis
2468 4247 2686 4299 Etruscis
2709 4250 2828 4309 impe·

767 4302 880 4349 Seio
905 4302 1020 4351 vitio
1042 4304 1213 4351 datum
1242 4308 1317 4351 est
1337 4304 1469 4364 quod
1498 4304 1550 4351 in
1582 4304 1784 4355 caritate
1847 4312 1991 4356 rarat.

764 4378 1005 4422 annonae,
1028 4380 1133 4415 asse
1154 4366 1373 4415 modium
1392 4368 1578 4427 populo
1595 4368 1784 4418 dedit.”
1913 4372 1944 4419 8
1977 4372 2241 4433 Defecere]
2303 4374 2534 4425 Indutiae
2576 4376 2828 4427 veientibus
