<?xml version="1.0" encoding="UTF-8"?>
<!DOCTYPE html PUBLIC "-//W3C//DTD XHTML 1.0 Transitional//EN"
    "http://www.w3.org/TR/xhtml1/DTD/xhtml1-transitional.dtd">
<html xmlns="http://www.w3.org/1999/xhtml" xml:lang="en" lang="en">
 <head>
  <title>
</title>
<meta http-equiv="Content-Type" content="text/html;charset=utf-8" />
  <meta name='ocr-system' content='tesseract 3.04.00' />
  <meta name='ocr-capabilities' content='ocr_page ocr_carea ocr_par ocr_line ocrx_word'/>
</head>
<body>
  <div class='ocr_page' id='page_1' title='image "./tliviipatavinih10unkngoog_0425.png"; bbox 0 0 3000 4784; ppageno 0'>
   <div class='ocr_carea' id='block_1_1' title="bbox 738 203 2212 277">
    <p class='ocr_par' dir='ltr' id='par_1_1' title="bbox 738 203 2212 277">
     <span class='ocr_line' id='line_1_1' title="bbox 738 203 2212 277; baseline 0.005 -9"><span class='ocrx_word' id='word_1_1' title='bbox 738 203 931 271; x_wconf 89' lang='lat' dir='ltr'><strong>LIB.</strong></span> <span class='ocrx_word' id='word_1_2' title='bbox 980 204 1133 273; x_wconf 89' lang='lat' dir='ltr'>VII.</span> <span class='ocrx_word' id='word_1_3' title='bbox 1204 206 1426 277; x_wconf 84' lang='lat' dir='ltr'>CAP.</span> <span class='ocrx_word' id='word_1_4' title='bbox 1480 212 1578 273; x_wconf 88' lang='lat'><strong>12.</strong></span> <span class='ocrx_word' id='word_1_5' title='bbox 2081 214 2212 277; x_wconf 76' lang='lat'><strong>411</strong></span> 
     </span>
    </p>
   </div>
   <div class='ocr_carea' id='block_1_2' title="bbox 90 338 2544 3771">
    <p class='ocr_par' dir='ltr' id='par_1_2' title="bbox 90 338 2542 1549">
     <span class='ocr_line' id='line_1_2' title="bbox 90 338 2516 427; baseline 0.004 -26"><span class='ocrx_word' id='word_1_6' title='bbox 90 338 497 415; x_wconf 65' lang='lat' dir='ltr'><strong>tornatilibus,</strong></span> <span class='ocrx_word' id='word_1_7' title='bbox 526 338 735 426; x_wconf 88' lang='lat' dir='ltr'><strong>primo</strong></span> <span class='ocrx_word' id='word_1_8' title='bbox 764 338 1017 405; x_wconf 89' lang='lat' dir='ltr'><strong>silentio</strong></span> <span class='ocrx_word' id='word_1_9' title='bbox 1060 341 1263 407; x_wconf 88' lang='lat' dir='ltr'><strong>noctis</strong></span> <span class='ocrx_word' id='word_1_10' title='bbox 1297 342 1375 407; x_wconf 89' lang='lat' dir='ltr'><strong>ab</strong></span> <span class='ocrx_word' id='word_1_11' title='bbox 1406 340 1648 407; x_wconf 88' lang='lat' dir='ltr'><strong>Tibure</strong></span> <span class='ocrx_word' id='word_1_12' title='bbox 1689 340 1939 427; x_wconf 78' lang='lat' dir='ltr'><strong>agmine</strong></span> <span class='ocrx_word' id='word_1_13' title='bbox 1985 340 2214 405; x_wconf 85' lang='lat' dir='ltr'><strong>infesto</strong></span> <span class='ocrx_word' id='word_1_14' title='bbox 2233 358 2300 409; x_wconf 88' lang='lat' dir='ltr'><strong>U.</strong></span> <span class='ocrx_word' id='word_1_15' title='bbox 2323 360 2382 409; x_wconf 90' lang='lat' dir='ltr'><strong>c.</strong></span> <span class='ocrx_word' id='word_1_16' title='bbox 2409 358 2516 424; x_wconf 84' lang='lat'><strong>396.</strong></span> 
     </span>
     <span class='ocr_line' id='line_1_3' title="bbox 91 424 2519 503; baseline -0.001 -14"><span class='ocrx_word' id='word_1_17' title='bbox 91 424 401 503; x_wconf 54' lang='lat' dir='ltr'><strong>mosceti,</strong></span> <span class='ocrx_word' id='word_1_18' title='bbox 436 424 521 489; x_wconf 82' lang='lat' dir='ltr'><strong>ad</strong></span> <span class='ocrx_word' id='word_1_19' title='bbox 562 426 785 489; x_wconf 85' lang='lat' dir='ltr'><strong>urbem</strong></span> <span class='ocrx_word' id='word_1_20' title='bbox 828 425 1103 491; x_wconf 82' lang='lat' dir='ltr'><strong>Romam</strong></span> <span class='ocrx_word' id='word_1_21' title='bbox 1145 440 1475 493; x_wconf 79' lang='lat' dir='ltr'><strong>venerunt.</strong></span> <span class='ocrx_word' id='word_1_22' title='bbox 1570 426 1908 491; x_wconf 84' lang='lat' dir='ltr'><strong>Terrorem</strong></span> <span class='ocrx_word' id='word_1_23' title='bbox 1949 448 2018 491; x_wconf 88' lang='lat' dir='ltr'><strong>re</strong></span> <span class='ocrx_word' id='word_1_24' title='bbox 2101 440 2212 491; x_wconf 91' lang='lat' dir='ltr'><strong>nte</strong></span> <span class='ocrx_word' id='word_1_25' title='bbox 2229 424 2292 473; x_wconf 75' lang='lat' dir='ltr'><strong>A.</strong></span> <span class='ocrx_word' id='word_1_26' title='bbox 2325 424 2384 473; x_wconf 84' lang='lat'><strong>0.</strong></span> <span class='ocrx_word' id='word_1_27' title='bbox 2407 424 2519 500; x_wconf 57' lang='lat'><strong>3555·</strong></span> 
     </span>
     <span class='ocr_line' id='line_1_4' title="bbox 90 486 2542 603; baseline 0.002 -30"><span class='ocrx_word' id='word_1_28' title='bbox 90 536 165 575; x_wconf 73' lang='lat' dir='ltr'><strong>ex</strong></span> <span class='ocrx_word' id='word_1_29' title='bbox 200 534 449 577; x_wconf 87' lang='lat' dir='ltr'><strong>somno</strong></span> <span class='ocrx_word' id='word_1_30' title='bbox 476 511 767 577; x_wconf 75' lang='lat' dir='ltr'><strong>excitatis</strong></span> <span class='ocrx_word' id='word_1_31' title='bbox 794 513 1005 579; x_wconf 89' lang='lat' dir='ltr'><strong>subita</strong></span> <span class='ocrx_word' id='word_1_32' title='bbox 1036 536 1135 578; x_wconf 88' lang='lat' dir='ltr'><strong>res</strong></span> <span class='ocrx_word' id='word_1_33' title='bbox 1172 527 1239 577; x_wconf 90' lang='lat' dir='ltr'><strong>et</strong></span> <span class='ocrx_word' id='word_1_34' title='bbox 1274 527 1624 579; x_wconf 89' lang='lat' dir='ltr'><strong>nocturnus</strong></span> <span class='ocrx_word' id='word_1_35' title='bbox 1657 535 1852 599; x_wconf 84' lang='lat' dir='ltr'><strong>pavor</strong></span> <span class='ocrx_word' id='word_1_36' title='bbox 1878 536 2028 600; x_wconf 88' lang='lat' dir='ltr'><strong>prae</strong></span> <span class='ocrx_word' id='word_1_37' title='bbox 2073 513 2207 577; x_wconf 84' lang='lat' dir='ltr'><strong>uit:</strong></span> <span class='ocrx_word' id='word_1_38' title='bbox 2229 486 2542 603; x_wconf 50' lang='lat' dir='ltr'><strong>gffflffiffg&#39;</strong></span> 
     </span>
     <span class='ocr_line' id='line_1_5' title="bbox 90 598 2366 685; baseline 0.002 -24"><span class='ocrx_word' id='word_1_39' title='bbox 90 598 171 662; x_wconf 66' lang='lat' dir='ltr'><strong>td</strong></span> <span class='ocrx_word' id='word_1_40' title='bbox 204 598 345 662; x_wconf 89' lang='lat' dir='ltr'><strong>hoc</strong></span> <span class='ocrx_word' id='word_1_41' title='bbox 378 598 721 663; x_wconf 86' lang='lat' dir='ltr'><strong>multorum</strong></span> <span class='ocrx_word' id='word_1_42' title='bbox 750 598 1017 676; x_wconf 84' lang='lat' dir='ltr'><strong>inscitia,</strong></span> <span class='ocrx_word' id='word_1_43' title='bbox 1041 600 1175 685; x_wconf 90' lang='lat' dir='ltr'><strong>qui,</strong></span> <span class='ocrx_word' id='word_1_44' title='bbox 1199 613 1311 666; x_wconf 90' lang='lat' dir='ltr'><strong>aut</strong></span> <span class='ocrx_word' id='word_1_45' title='bbox 1338 600 1533 677; x_wconf 90' lang='lat' dir='ltr'><strong>unde,</strong></span> <span class='ocrx_word' id='word_1_46' title='bbox 1556 599 1768 664; x_wconf 75' lang='lat' dir='ltr'><strong>hostes</strong></span> <span class='ocrx_word' id='word_1_47' title='bbox 1790 599 2206 665; x_wconf 82' lang='lat' dir='ltr'><strong>advenissent.</strong></span> <span class='ocrx_word' id='word_1_48' title='bbox 2229 615 2366 665; x_wconf 73' lang='lat' dir='ltr'><strong>Cosa.</strong></span> 
     </span>
     <span class='ocr_line' id='line_1_6' title="bbox 90 684 2212 772; baseline 0 -23"><span class='ocrx_word' id='word_1_49' title='bbox 90 684 605 749; x_wconf 65' lang='lat' dir='ltr'><strong>Donclamatum</strong></span> <span class='ocrx_word' id='word_1_50' title='bbox 644 698 858 749; x_wconf 88' lang='lat' dir='ltr'><strong>tamen</strong></span> <span class='ocrx_word' id='word_1_51' title='bbox 898 685 1189 751; x_wconf 85' lang='lat' dir='ltr'><strong>celeriter</strong></span> <span class='ocrx_word' id='word_1_52' title='bbox 1230 687 1313 751; x_wconf 85' lang='lat' dir='ltr'><strong>ad</strong></span> <span class='ocrx_word' id='word_1_53' title='bbox 1357 710 1534 751; x_wconf 88' lang='lat' dir='ltr'><strong>arma</strong></span> <span class='ocrx_word' id='word_1_54' title='bbox 1575 699 1689 762; x_wconf 86' lang='lat' dir='ltr'><strong>est,</strong></span> <span class='ocrx_word' id='word_1_55' title='bbox 1720 698 1790 751; x_wconf 90' lang='lat' dir='ltr'><strong>et</strong></span> <span class='ocrx_word' id='word_1_56' title='bbox 1826 699 2044 772; x_wconf 82' lang='lat' dir='ltr'><strong>portae</strong></span> <span class='ocrx_word' id='word_1_57' title='bbox 2087 700 2212 750; x_wconf 89' lang='lat' dir='ltr'><strong>sta-</strong></span> 
     </span>
     <span class='ocr_line' id='line_1_7' title="bbox 91 771 2540 859; baseline 0.002 -25"><span class='ocrx_word' id='word_1_58' title='bbox 91 772 411 848; x_wconf 73' lang='lat' dir='ltr'><strong>ionibuS,</strong></span> <span class='ocrx_word' id='word_1_59' title='bbox 443 771 737 857; x_wconf 90' lang='lat' dir='ltr'><strong>murique</strong></span> <span class='ocrx_word' id='word_1_60' title='bbox 767 772 1095 857; x_wconf 76' lang='lat' dir='ltr'><strong>praesidiis</strong></span> <span class='ocrx_word' id='word_1_61' title='bbox 1122 773 1392 837; x_wconf 85' lang='lat' dir='ltr'><strong>firmati:</strong></span> <span class='ocrx_word' id='word_1_62' title='bbox 1441 787 1509 838; x_wconf 92' lang='lat' dir='ltr'><strong>et</strong></span> <span class='ocrx_word' id='word_1_63' title='bbox 1543 773 1654 837; x_wconf 91' lang='lat' dir='ltr'><strong>ubi</strong></span> <span class='ocrx_word' id='word_1_64' title='bbox 1692 772 1896 859; x_wconf 86' lang='lat' dir='ltr'><strong>prima</strong></span> <span class='ocrx_word' id='word_1_65' title='bbox 1927 772 2042 837; x_wconf 86' lang='lat' dir='ltr'><strong>lux</strong></span> <span class='ocrx_word' id='word_1_66' title='bbox 2077 794 2212 837; x_wconf 86' lang='lat' dir='ltr'><strong>me·</strong></span> <span class='ocrx_word' id='word_1_67' title='bbox 2229 789 2458 839; x_wconf 72' lang='lat' dir='ltr'><strong>Tiburtes</strong></span> <span class='ocrx_word' id='word_1_68' title='bbox 2475 791 2540 838; x_wconf 67' lang='lat' dir='ltr'><strong>sd</strong></span> 
     </span>
     <span class='ocr_line' id='line_1_8' title="bbox 90 855 2421 946; baseline 0.003 -25"><span class='ocrx_word' id='word_1_69' title='bbox 90 858 397 922; x_wconf 81' lang='lat' dir='ltr'><strong>liocrem</strong></span> <span class='ocrx_word' id='word_1_70' title='bbox 446 857 923 923; x_wconf 84' lang='lat' dir='ltr'><strong>multitudinem</strong></span> <span class='ocrx_word' id='word_1_71' title='bbox 970 870 1117 922; x_wconf 89' lang='lat' dir='ltr'><strong>ante</strong></span> <span class='ocrx_word' id='word_1_72' title='bbox 1169 860 1440 936; x_wconf 89' lang='lat' dir='ltr'><strong>moenia,</strong></span> <span class='ocrx_word' id='word_1_73' title='bbox 1488 882 1700 945; x_wconf 89' lang='lat' dir='ltr'><strong>neque</strong></span> <span class='ocrx_word' id='word_1_74' title='bbox 1752 858 1967 937; x_wconf 89' lang='lat' dir='ltr'><strong>alium,</strong></span> <span class='ocrx_word' id='word_1_75' title='bbox 2017 882 2210 946; x_wconf 89' lang='lat' dir='ltr'><strong>quam</strong></span> <span class='ocrx_word' id='word_1_76' title='bbox 2228 855 2421 927; x_wconf 62' lang='lat' dir='ltr'><strong>Romae</strong></span> 
     </span>
     <span class='ocr_line' id='line_1_9' title="bbox 90 932 2422 1032; baseline 0 -23"><span class='ocrx_word' id='word_1_77' title='bbox 90 945 471 1021; x_wconf 71' lang='lat' dir='ltr'><strong>riburtem,</strong></span> <span class='ocrx_word' id='word_1_78' title='bbox 501 943 751 1009; x_wconf 88' lang='lat' dir='ltr'><strong>hostem</strong></span> <span class='ocrx_word' id='word_1_79' title='bbox 794 943 1093 1022; x_wconf 75' lang='lat' dir='ltr'><strong>ostendit,</strong></span> <span class='ocrx_word' id='word_1_80' title='bbox 1123 945 1372 1011; x_wconf 88' lang='lat' dir='ltr'><strong>duabus</strong></span> <span class='ocrx_word' id='word_1_81' title='bbox 1414 946 1612 1032; x_wconf 87' lang='lat' dir='ltr'><strong>portis</strong></span> <span class='ocrx_word' id='word_1_82' title='bbox 1651 945 1883 1031; x_wconf 80' lang='lat' dir='ltr'><strong>egressi</strong></span> <span class='ocrx_word' id='word_1_83' title='bbox 1921 944 2212 1011; x_wconf 87' lang='lat' dir='ltr'><strong>consules</strong></span> <span class='ocrx_word' id='word_1_84' title='bbox 2226 932 2422 1031; x_wconf 46' lang='lat' dir='ltr'><strong>mama</strong></span> 
     </span>
     <span class='ocr_line' id='line_1_10' title="bbox 90 1030 2210 1118; baseline 0 -23"><span class='ocrx_word' id='word_1_85' title='bbox 90 1031 435 1116; x_wconf 71' lang='lat' dir='ltr'><strong>itrimque</strong></span> <span class='ocrx_word' id='word_1_86' title='bbox 465 1030 667 1095; x_wconf 85' lang='lat' dir='ltr'><strong>aciem</strong></span> <span class='ocrx_word' id='word_1_87' title='bbox 696 1031 1106 1096; x_wconf 85' lang='lat' dir='ltr'><strong>subeuntium</strong></span> <span class='ocrx_word' id='word_1_88' title='bbox 1140 1031 1267 1095; x_wconf 92' lang='lat' dir='ltr'><strong>iam</strong></span> <span class='ocrx_word' id='word_1_89' title='bbox 1310 1054 1522 1095; x_wconf 86' lang='lat' dir='ltr'><strong>muros</strong></span> <span class='ocrx_word' id='word_1_90' title='bbox 1556 1032 2048 1118; x_wconf 83' lang='lat' dir='ltr'><strong>aggrediuntur:</strong></span> <span class='ocrx_word' id='word_1_91' title='bbox 2098 1054 2210 1118; x_wconf 92' lang='lat' dir='ltr'><strong>ap-</strong></span> 
     </span>
     <span class='ocr_line' id='line_1_11' title="bbox 90 1116 2206 1214; baseline 0 -33"><span class='ocrx_word' id='word_1_92' title='bbox 90 1116 473 1214; x_wconf 64' lang='lat' dir='ltr'><strong>paruitque,</strong></span> <span class='ocrx_word' id='word_1_93' title='bbox 519 1116 845 1181; x_wconf 81' lang='lat' dir='ltr'><strong>occasione</strong></span> <span class='ocrx_word' id='word_1_94' title='bbox 890 1117 1107 1204; x_wconf 76' lang='lat' dir='ltr'><strong>magia,</strong></span> <span class='ocrx_word' id='word_1_95' title='bbox 1149 1141 1343 1205; x_wconf 89' lang='lat' dir='ltr'><strong>quam</strong></span> <span class='ocrx_word' id='word_1_96' title='bbox 1385 1119 1640 1194; x_wconf 82' lang='lat' dir='ltr'><strong>virtute,</strong></span> <span class='ocrx_word' id='word_1_97' title='bbox 1685 1117 1877 1182; x_wconf 85' lang='lat' dir='ltr'><strong>fretos</strong></span> <span class='ocrx_word' id='word_1_98' title='bbox 1920 1118 2206 1184; x_wconf 83' lang='lat' dir='ltr'><strong>venisse:</strong></span> 
     </span>
     <span class='ocr_line' id='line_1_12' title="bbox 90 1202 2212 1290; baseline 0 -23"><span class='ocrx_word' id='word_1_99' title='bbox 90 1203 269 1267; x_wconf 60' lang='lat' dir='ltr'><strong>ideo</strong></span> <span class='ocrx_word' id='word_1_100' title='bbox 298 1226 413 1267; x_wconf 77' lang='lat' dir='ltr'><strong>vix</strong></span> <span class='ocrx_word' id='word_1_101' title='bbox 440 1203 717 1290; x_wconf 88' lang='lat' dir='ltr'><strong>primum</strong></span> <span class='ocrx_word' id='word_1_102' title='bbox 746 1203 833 1267; x_wconf 91' lang='lat' dir='ltr'><strong>im</strong></span> <span class='ocrx_word' id='word_1_103' title='bbox 920 1216 1057 1269; x_wconf 91' lang='lat' dir='ltr'><strong>tum</strong></span> <span class='ocrx_word' id='word_1_104' title='bbox 1091 1204 1528 1271; x_wconf 88' lang='lat' dir='ltr'><strong>Romanorum</strong></span> <span class='ocrx_word' id='word_1_105' title='bbox 1561 1204 1933 1268; x_wconf 84' lang='lat' dir='ltr'><strong>sustinuere.</strong></span> <span class='ocrx_word' id='word_1_106' title='bbox 2031 1202 2212 1277; x_wconf 82' lang='lat' dir='ltr'><strong>Quin</strong></span> 
     </span>
     <span class='ocr_line' id='line_1_13' title="bbox 90 1289 2210 1365; baseline -0.001 -11"><span class='ocrx_word' id='word_1_107' title='bbox 90 1291 303 1355; x_wconf 72' lang='lat' dir='ltr'><strong>etiam</strong></span> <span class='ocrx_word' id='word_1_108' title='bbox 361 1289 533 1354; x_wconf 92' lang='lat' dir='ltr'><strong>bono</strong></span> <span class='ocrx_word' id='word_1_109' title='bbox 583 1289 773 1353; x_wconf 81' lang='lat' dir='ltr'><strong>fuisse</strong></span> <span class='ocrx_word' id='word_1_110' title='bbox 894 1291 1137 1355; x_wconf 88' lang='lat' dir='ltr'><strong>omanis</strong></span> <span class='ocrx_word' id='word_1_111' title='bbox 1188 1290 1532 1354; x_wconf 85' lang='lat' dir='ltr'><strong>adventum</strong></span> <span class='ocrx_word' id='word_1_112' title='bbox 1583 1311 1806 1354; x_wconf 89' lang='lat' dir='ltr'><strong>eorum</strong></span> <span class='ocrx_word' id='word_1_113' title='bbox 1864 1289 2210 1365; x_wconf 83' lang='lat' dir='ltr'><strong>constabat,</strong></span> 
     </span>
     <span class='ocr_line' id='line_1_14' title="bbox 90 1374 2212 1462; baseline 0 -21"><span class='ocrx_word' id='word_1_114' title='bbox 90 1377 555 1462; x_wconf 73' lang='lat' dir='ltr'><strong>orientemque</strong></span> <span class='ocrx_word' id='word_1_115' title='bbox 600 1375 727 1440; x_wconf 89' lang='lat' dir='ltr'><strong>iam</strong></span> <span class='ocrx_word' id='word_1_116' title='bbox 765 1374 1145 1441; x_wconf 84' lang='lat' dir='ltr'><strong>seditionem</strong></span> <span class='ocrx_word' id='word_1_117' title='bbox 1184 1376 1351 1441; x_wconf 87' lang='lat' dir='ltr'><strong>inter</strong></span> <span class='ocrx_word' id='word_1_118' title='bbox 1379 1375 1602 1440; x_wconf 88' lang='lat' dir='ltr'><strong>Patres</strong></span> <span class='ocrx_word' id='word_1_119' title='bbox 1635 1388 1706 1439; x_wconf 85' lang='lat' dir='ltr'><strong>et</strong></span> <span class='ocrx_word' id='word_1_120' title='bbox 1740 1374 1992 1461; x_wconf 88' lang='lat' dir='ltr'><strong>plebem</strong></span> <span class='ocrx_word' id='word_1_121' title='bbox 2036 1387 2212 1441; x_wconf 90' lang='lat' dir='ltr'><strong>metu</strong></span> 
     </span>
     <span class='ocr_line' id='line_1_15' title="bbox 90 1460 1260 1549; baseline -0.001 -21"><span class='ocrx_word' id='word_1_122' title='bbox 90 1478 236 1529; x_wconf 86' lang='lat' dir='ltr'><strong>tam</strong></span> <span class='ocrx_word' id='word_1_123' title='bbox 318 1461 619 1548; x_wconf 90' lang='lat' dir='ltr'><strong>ropinqui</strong></span> <span class='ocrx_word' id='word_1_124' title='bbox 646 1460 797 1527; x_wconf 84' lang='lat' dir='ltr'><strong>belli</strong></span> <span class='ocrx_word' id='word_1_125' title='bbox 822 1484 1260 1549; x_wconf 79' lang='lat' dir='ltr'><strong>compressam.</strong></span> 
     </span>
    </p>

    <p class='ocr_par' dir='ltr' id='par_1_3' title="bbox 90 1485 2544 3769">
     <span class='ocr_line' id='line_1_16' title="bbox 188 1485 2211 1636; baseline -0.001 -23"><span class='ocrx_word' id='word_1_126' title='bbox 188 1485 393 1613; x_wconf 66' lang='lat' dir='ltr'><strong>Alius</strong></span> <span class='ocrx_word' id='word_1_127' title='bbox 427 1547 735 1613; x_wconf 85' lang='lat' dir='ltr'><strong>adventus</strong></span> <span class='ocrx_word' id='word_1_128' title='bbox 774 1547 1053 1613; x_wconf 82' lang='lat' dir='ltr'><strong>hostium</strong></span> <span class='ocrx_word' id='word_1_129' title='bbox 1092 1549 1215 1615; x_wconf 87' lang='lat' dir='ltr'><strong>suit</strong></span> <span class='ocrx_word' id='word_1_130' title='bbox 1252 1549 1546 1636; x_wconf 85' lang='lat' dir='ltr'><strong>proximo</strong></span> <span class='ocrx_word' id='word_1_131' title='bbox 1584 1547 1771 1626; x_wconf 82' lang='lat' dir='ltr'><strong>belle,</strong></span> <span class='ocrx_word' id='word_1_132' title='bbox 1803 1548 1986 1634; x_wconf 78' lang='lat' dir='ltr'><strong>agriS‚</strong></span> <span class='ocrx_word' id='word_1_133' title='bbox 2019 1570 2211 1635; x_wconf 86' lang='lat' dir='ltr'><strong>quam</strong></span> 
     </span>
     <span class='ocr_line' id='line_1_17' title="bbox 90 1634 2484 1721; baseline -0 -21"><span class='ocrx_word' id='word_1_134' title='bbox 90 1636 273 1713; x_wconf 87' lang='lat' dir='ltr'><strong>urbi,</strong></span> <span class='ocrx_word' id='word_1_135' title='bbox 338 1634 689 1699; x_wconf 87' lang='lat' dir='ltr'><strong>terribilior.</strong></span> <span class='ocrx_word' id='word_1_136' title='bbox 790 1634 1241 1721; x_wconf 89' lang='lat' dir='ltr'><strong>Populabundi</strong></span> <span class='ocrx_word' id='word_1_137' title='bbox 1302 1635 1797 1721; x_wconf 86' lang='lat' dir='ltr'><strong>Tarquinienses</strong></span> <span class='ocrx_word' id='word_1_138' title='bbox 1857 1636 2018 1699; x_wconf 89' lang='lat' dir='ltr'><strong>fines</strong></span> <span class='ocrx_word' id='word_1_139' title='bbox 2078 1634 2212 1699; x_wconf 89' lang='lat' dir='ltr'><strong>Ro-</strong></span> <span class='ocrx_word' id='word_1_140' title='bbox 2230 1651 2484 1714; x_wconf 75' lang='lat' dir='ltr'><strong>Tarquini-</strong></span> 
     </span>
     <span class='ocr_line' id='line_1_18' title="bbox 90 1718 2544 1809; baseline -0.001 -22"><span class='ocrx_word' id='word_1_141' title='bbox 90 1744 357 1799; x_wconf 85' lang='lat' dir='ltr'><strong>manos‚</strong></span> <span class='ocrx_word' id='word_1_142' title='bbox 390 1721 665 1785; x_wconf 84' lang='lat' dir='ltr'><strong>maxime</strong></span> <span class='ocrx_word' id='word_1_143' title='bbox 702 1744 831 1807; x_wconf 93' lang='lat' dir='ltr'><strong>qua</strong></span> <span class='ocrx_word' id='word_1_144' title='bbox 872 1744 955 1785; x_wconf 87' lang='lat' dir='ltr'><strong>ex</strong></span> <span class='ocrx_word' id='word_1_145' title='bbox 998 1735 1175 1808; x_wconf 82' lang='lat' dir='ltr'><strong>parte</strong></span> <span class='ocrx_word' id='word_1_146' title='bbox 1214 1721 1534 1787; x_wconf 88' lang='lat' dir='ltr'><strong>Etruriam</strong></span> <span class='ocrx_word' id='word_1_147' title='bbox 1578 1722 1888 1798; x_wconf 80' lang='lat' dir='ltr'><strong>adiacent,</strong></span> <span class='ocrx_word' id='word_1_148' title='bbox 1919 1744 2212 1809; x_wconf 81' lang='lat' dir='ltr'><strong>peragra-</strong></span> <span class='ocrx_word' id='word_1_149' title='bbox 2229 1730 2343 1765; x_wconf 72' lang='lat'><strong>0⁰⁸⁰</strong></span> <span class='ocrx_word' id='word_1_150' title='bbox 2363 1718 2464 1765; x_wconf 57' lang='lat'>¹³0¹·</span> <span class='ocrx_word' id='word_1_151' title='bbox 2539 1752 2544 1757; x_wconf 94' lang='lat'><em>·</em></span> 
     </span>
     <span class='ocr_line' id='line_1_19' title="bbox 90 1780 2519 1909; baseline 0 -37"><span class='ocrx_word' id='word_1_152' title='bbox 90 1832 301 1873; x_wconf 78' lang='lat' dir='ltr'><strong>vere:</strong></span> <span class='ocrx_word' id='word_1_153' title='bbox 372 1808 685 1894; x_wconf 88' lang='lat' dir='ltr'><strong>rebusque</strong></span> <span class='ocrx_word' id='word_1_154' title='bbox 743 1808 1173 1895; x_wconf 83' lang='lat' dir='ltr'><strong>nequicquam</strong></span> <span class='ocrx_word' id='word_1_155' title='bbox 1230 1808 1533 1895; x_wconf 84' lang='lat' dir='ltr'><strong>repetitis,</strong></span> <span class='ocrx_word' id='word_1_156' title='bbox 1582 1810 1732 1873; x_wconf 86' lang='lat' dir='ltr'><strong>novi</strong></span> <span class='ocrx_word' id='word_1_157' title='bbox 1791 1808 2080 1873; x_wconf 87' lang='lat' dir='ltr'><strong>consules</strong></span> <span class='ocrx_word' id='word_1_158' title='bbox 2130 1806 2208 1873; x_wconf 88' lang='lat' dir='ltr'><strong>C.</strong></span> <span class='ocrx_word' id='word_1_159' title='bbox 2229 1780 2383 1897; x_wconf 70' lang='lat' dir='ltr'>¹1¹}m0</span> <span class='ocrx_word' id='word_1_160' title='bbox 2409 1860 2469 1909; x_wconf 84' lang='lat'><strong>39</strong></span> <span class='ocrx_word' id='word_1_161' title='bbox 2477 1859 2519 1907; x_wconf 86' lang='lat'><strong>⁷·</strong></span> 
     </span>
     <span class='ocr_line' id='line_1_20' title="bbox 90 1892 2520 1985; baseline 0 -24"><span class='ocrx_word' id='word_1_162' title='bbox 90 1893 351 1961; x_wconf 82' lang='lat' dir='ltr'><strong>Fabius</strong></span> <span class='ocrx_word' id='word_1_163' title='bbox 392 1907 459 1958; x_wconf 90' lang='lat' dir='ltr'><strong>et</strong></span> <span class='ocrx_word' id='word_1_164' title='bbox 504 1892 581 1959; x_wconf 86' lang='lat' dir='ltr'><strong>C.</strong></span> <span class='ocrx_word' id='word_1_165' title='bbox 608 1894 897 1959; x_wconf 89' lang='lat' dir='ltr'><strong>Plautius</strong></span> <span class='ocrx_word' id='word_1_166' title='bbox 942 1894 1118 1959; x_wconf 88' lang='lat' dir='ltr'><strong>iussu</strong></span> <span class='ocrx_word' id='word_1_167' title='bbox 1162 1918 1247 1982; x_wconf 92' lang='lat' dir='ltr'><strong>po</strong></span> <span class='ocrx_word' id='word_1_168' title='bbox 1292 1894 1383 1961; x_wconf 87' lang='lat' dir='ltr'><strong>uli</strong></span> <span class='ocrx_word' id='word_1_169' title='bbox 1429 1894 1668 1959; x_wconf 90' lang='lat' dir='ltr'><strong>bellum</strong></span> <span class='ocrx_word' id='word_1_170' title='bbox 1713 1894 2044 1971; x_wconf 79' lang='lat' dir='ltr'><strong>indixere3</strong></span> <span class='ocrx_word' id='word_1_171' title='bbox 2093 1893 2214 1959; x_wconf 88' lang='lat' dir='ltr'><strong>Fa·</strong></span> <span class='ocrx_word' id='word_1_172' title='bbox 2231 1910 2290 1959; x_wconf 81' lang='lat' dir='ltr'><strong>A.</strong></span> <span class='ocrx_word' id='word_1_173' title='bbox 2326 1910 2384 1961; x_wconf 86' lang='lat' dir='ltr'><strong>c.</strong></span> <span class='ocrx_word' id='word_1_174' title='bbox 2409 1924 2520 1985; x_wconf 64' lang='lat'><strong>355·</strong></span> 
     </span>
     <span class='ocr_line' id='line_1_21' title="bbox 90 1918 2480 2079; baseline 0.001 -33"><span class='ocrx_word' id='word_1_175' title='bbox 90 1983 351 2067; x_wconf 88' lang='lat' dir='ltr'><strong>bioque</strong></span> <span class='ocrx_word' id='word_1_176' title='bbox 410 2002 489 2045; x_wconf 87' lang='lat' dir='ltr'><strong>ea</strong></span> <span class='ocrx_word' id='word_1_177' title='bbox 542 1980 884 2079; x_wconf 87' lang='lat' dir='ltr'><strong>provincia,</strong></span> <span class='ocrx_word' id='word_1_178' title='bbox 942 1980 1195 2045; x_wconf 90' lang='lat' dir='ltr'><strong>Plautio</strong></span> <span class='ocrx_word' id='word_1_179' title='bbox 1246 1918 1524 2045; x_wconf 45' lang='lat' dir='ltr'><strong>{Iernici</strong></span> <span class='ocrx_word' id='word_1_180' title='bbox 1582 2004 1866 2046; x_wconf 84' lang='lat' dir='ltr'><strong>evenere.</strong></span> <span class='ocrx_word' id='word_1_181' title='bbox 1979 1980 2212 2045; x_wconf 82' lang='lat' dir='ltr'><strong>Gallici</strong></span> <span class='ocrx_word' id='word_1_182' title='bbox 2229 1974 2289 2024; x_wconf 75' lang='lat'><strong>0·</strong></span> <span class='ocrx_word' id='word_1_183' title='bbox 2307 1974 2480 2049; x_wconf 64' lang='lat' dir='ltr'><strong>Fabno,</strong></span> 
     </span>
     <span class='ocr_line' id='line_1_22' title="bbox 91 2039 2506 2155; baseline -0 -23"><span class='ocrx_word' id='word_1_184' title='bbox 91 2089 375 2155; x_wconf 90' lang='lat' dir='ltr'><strong>quoque</strong></span> <span class='ocrx_word' id='word_1_185' title='bbox 418 2064 569 2130; x_wconf 90' lang='lat' dir='ltr'><strong>belh</strong></span> <span class='ocrx_word' id='word_1_186' title='bbox 610 2066 780 2131; x_wconf 86' lang='lat' dir='ltr'><strong>fama</strong></span> <span class='ocrx_word' id='word_1_187' title='bbox 826 2067 1316 2132; x_wconf 86' lang='lat' dir='ltr'><strong>increbescebat.</strong></span> <span class='ocrx_word' id='word_1_188' title='bbox 1410 2066 1542 2131; x_wconf 91' lang='lat' dir='ltr'><strong>Sed</strong></span> <span class='ocrx_word' id='word_1_189' title='bbox 1591 2068 1758 2131; x_wconf 88' lang='lat' dir='ltr'><strong>inter</strong></span> <span class='ocrx_word' id='word_1_190' title='bbox 1807 2066 2040 2131; x_wconf 89' lang='lat' dir='ltr'><strong>multos</strong></span> <span class='ocrx_word' id='word_1_191' title='bbox 2087 2078 2212 2131; x_wconf 90' lang='lat' dir='ltr'><strong>ter·</strong></span> <span class='ocrx_word' id='word_1_192' title='bbox 2228 2039 2506 2152; x_wconf 37' lang='lat' dir='ltr'><strong>ghi-launo</strong></span> 
     </span>
     <span class='ocr_line' id='line_1_23' title="bbox 92 2150 2214 2251; baseline -0.002 -32"><span class='ocrx_word' id='word_1_193' title='bbox 92 2176 291 2219; x_wconf 87' lang='lat' dir='ltr'><strong>rores</strong></span> <span class='ocrx_word' id='word_1_194' title='bbox 330 2150 551 2217; x_wconf 87' lang='lat' dir='ltr'><strong>solatio</strong></span> <span class='ocrx_word' id='word_1_195' title='bbox 578 2152 699 2217; x_wconf 87' lang='lat' dir='ltr'><strong>fuit</strong></span> <span class='ocrx_word' id='word_1_196' title='bbox 892 2152 1141 2219; x_wconf 89' lang='lat' dir='ltr'><strong>Latinis</strong></span> <span class='ocrx_word' id='word_1_197' title='bbox 1179 2153 1544 2240; x_wconf 87' lang='lat' dir='ltr'><strong>petentibus</strong></span> <span class='ocrx_word' id='word_1_198' title='bbox 1570 2152 1736 2230; x_wconf 84' lang='lat' dir='ltr'><strong>data,</strong></span> <span class='ocrx_word' id='word_1_199' title='bbox 1766 2166 1834 2217; x_wconf 85' lang='lat' dir='ltr'><strong>et</strong></span> <span class='ocrx_word' id='word_1_200' title='bbox 1863 2174 2093 2251; x_wconf 73' lang='lat' dir='ltr'><strong>magna</strong></span> <span class='ocrx_word' id='word_1_201' title='bbox 2117 2154 2214 2217; x_wconf 84' lang='lat' dir='ltr'><strong>vis</strong></span> 
     </span>
     <span class='ocr_line' id='line_1_24' title="bbox 100 2176 2217 2325; baseline -0.001 -21"><span class='ocrx_word' id='word_1_202' title='bbox 100 2238 396 2304; x_wconf 88' lang='lat' dir='ltr'><strong>militum</strong></span> <span class='ocrx_word' id='word_1_203' title='bbox 424 2239 503 2304; x_wconf 91' lang='lat' dir='ltr'><strong>ab</strong></span> <span class='ocrx_word' id='word_1_204' title='bbox 526 2238 603 2303; x_wconf 90' lang='lat' dir='ltr'><strong>iis</strong></span> <span class='ocrx_word' id='word_1_205' title='bbox 631 2262 713 2303; x_wconf 87' lang='lat' dir='ltr'><strong>ex</strong></span> <span class='ocrx_word' id='word_1_206' title='bbox 735 2176 989 2304; x_wconf 38' lang='lat' dir='ltr'><strong>&amp;silere</strong></span> <span class='ocrx_word' id='word_1_207' title='bbox 1012 2252 1283 2317; x_wconf 83' lang='lat' dir='ltr'><strong>vetusto,</strong></span> <span class='ocrx_word' id='word_1_208' title='bbox 1306 2239 1484 2325; x_wconf 91' lang='lat' dir='ltr'><strong>quod</strong></span> <span class='ocrx_word' id='word_1_209' title='bbox 1507 2238 1722 2303; x_wconf 90' lang='lat' dir='ltr'><strong>multis</strong></span> <span class='ocrx_word' id='word_1_210' title='bbox 1749 2239 2217 2303; x_wconf 76' lang='lat' dir='ltr'><strong>intermiserant</strong></span> 
     </span>
     <span class='ocr_line' id='line_1_25' title="bbox 100 2324 2217 2412; baseline -0.001 -21"><span class='ocrx_word' id='word_1_211' title='bbox 100 2326 323 2402; x_wconf 69' lang='lat' dir='ltr'><strong>exmia,</strong></span> <span class='ocrx_word' id='word_1_212' title='bbox 376 2338 649 2412; x_wconf 86' lang='lat' dir='ltr'><strong>accepta.</strong></span> <span class='ocrx_word' id='word_1_213' title='bbox 748 2324 898 2401; x_wconf 85' lang='lat' dir='ltr'><strong>Quo</strong></span> <span class='ocrx_word' id='word_1_214' title='bbox 990 2326 1259 2391; x_wconf 88' lang='lat' dir='ltr'><strong>raesidio</strong></span> <span class='ocrx_word' id='word_1_215' title='bbox 1311 2348 1512 2412; x_wconf 91' lang='lat' dir='ltr'><strong>quum</strong></span> <span class='ocrx_word' id='word_1_216' title='bbox 1563 2325 1722 2389; x_wconf 82' lang='lat' dir='ltr'><strong>fulta</strong></span> <span class='ocrx_word' id='word_1_217' title='bbox 1769 2346 1868 2389; x_wconf 88' lang='lat' dir='ltr'><strong>res</strong></span> <span class='ocrx_word' id='word_1_218' title='bbox 1922 2324 2217 2389; x_wconf 86' lang='lat' dir='ltr'><strong>Romana</strong></span> 
     </span>
     <span class='ocr_line' id='line_1_26' title="bbox 100 2410 2212 2498; baseline -0.001 -21"><span class='ocrx_word' id='word_1_219' title='bbox 100 2424 305 2488; x_wconf 85' lang='lat' dir='ltr'><strong>esset,</strong></span> <span class='ocrx_word' id='word_1_220' title='bbox 334 2410 533 2475; x_wconf 83' lang='lat' dir='ltr'><strong>levius</strong></span> <span class='ocrx_word' id='word_1_221' title='bbox 560 2411 699 2488; x_wconf 86' lang='lat' dir='ltr'><strong>fuit,</strong></span> <span class='ocrx_word' id='word_1_222' title='bbox 730 2411 906 2498; x_wconf 90' lang='lat' dir='ltr'><strong>quod</strong></span> <span class='ocrx_word' id='word_1_223' title='bbox 1004 2412 1159 2477; x_wconf 88' lang='lat' dir='ltr'><strong>allos</strong></span> <span class='ocrx_word' id='word_1_224' title='bbox 1188 2434 1339 2477; x_wconf 84' lang='lat' dir='ltr'><strong>mox</strong></span> <span class='ocrx_word' id='word_1_225' title='bbox 1362 2412 1702 2476; x_wconf 83' lang='lat' dir='ltr'><strong>Praeneste</strong></span> <span class='ocrx_word' id='word_1_226' title='bbox 1724 2412 1988 2487; x_wconf 84' lang='lat' dir='ltr'><strong>venisse,</strong></span> <span class='ocrx_word' id='word_1_227' title='bbox 2020 2424 2212 2498; x_wconf 89' lang='lat' dir='ltr'><strong>atque</strong></span> 
     </span>
     <span class='ocr_line' id='line_1_27' title="bbox 100 2496 2476 2583; baseline -0.002 -19"><span class='ocrx_word' id='word_1_228' title='bbox 100 2498 273 2565; x_wconf 88' lang='lat' dir='ltr'><strong>inde</strong></span> <span class='ocrx_word' id='word_1_229' title='bbox 324 2497 491 2562; x_wconf 86' lang='lat' dir='ltr'><strong>circa</strong></span> <span class='ocrx_word' id='word_1_230' title='bbox 535 2497 787 2562; x_wconf 90' lang='lat' dir='ltr'><strong>Pedum</strong></span> <span class='ocrx_word' id='word_1_231' title='bbox 836 2498 1214 2576; x_wconf 86' lang='lat' dir='ltr'><strong>consedisse,</strong></span> <span class='ocrx_word' id='word_1_232' title='bbox 1266 2498 1559 2563; x_wconf 89' lang='lat' dir='ltr'><strong>auditum</strong></span> <span class='ocrx_word' id='word_1_233' title='bbox 1609 2509 1723 2563; x_wconf 91' lang='lat' dir='ltr'><strong>est.</strong></span> <span class='ocrx_word' id='word_1_234' title='bbox 1815 2496 2212 2562; x_wconf 86' lang='lat' dir='ltr'><strong>Dictatorem</strong></span> <span class='ocrx_word' id='word_1_235' title='bbox 2229 2521 2476 2583; x_wconf 73' lang='lat' dir='ltr'><strong>Sulpicius</strong></span> 
     </span>
     <span class='ocr_line' id='line_1_28' title="bbox 102 2582 2451 2671; baseline -0.001 -22"><span class='ocrx_word' id='word_1_236' title='bbox 102 2585 250 2649; x_wconf 90' lang='lat' dir='ltr'><strong>dici</strong></span> <span class='ocrx_word' id='word_1_237' title='bbox 284 2582 360 2649; x_wconf 86' lang='lat' dir='ltr'><strong>C.</strong></span> <span class='ocrx_word' id='word_1_238' title='bbox 390 2582 741 2671; x_wconf 86' lang='lat' dir='ltr'><strong>Sulpicium</strong></span> <span class='ocrx_word' id='word_1_239' title='bbox 770 2584 1026 2670; x_wconf 81' lang='lat' dir='ltr'><strong>placuit.</strong></span> <span class='ocrx_word' id='word_1_240' title='bbox 1121 2584 1368 2651; x_wconf 83' lang='lat' dir='ltr'><strong>Consul</strong></span> <span class='ocrx_word' id='word_1_241' title='bbox 1409 2585 1491 2650; x_wconf 84' lang='lat' dir='ltr'><strong>ad</strong></span> <span class='ocrx_word' id='word_1_242' title='bbox 1536 2584 1604 2647; x_wconf 86' lang='lat' dir='ltr'><strong>id</strong></span> <span class='ocrx_word' id='word_1_243' title='bbox 1643 2584 1880 2648; x_wconf 89' lang='lat' dir='ltr'><strong>accitus</strong></span> <span class='ocrx_word' id='word_1_244' title='bbox 1918 2582 1994 2649; x_wconf 88' lang='lat' dir='ltr'><strong>C.</strong></span> <span class='ocrx_word' id='word_1_245' title='bbox 2024 2582 2214 2647; x_wconf 91' lang='lat' dir='ltr'><strong>Plau·</strong></span> <span class='ocrx_word' id='word_1_246' title='bbox 2229 2585 2451 2638; x_wconf 74' lang='lat' dir='ltr'><strong>dictator.</strong></span> 
     </span>
     <span class='ocr_line' id='line_1_29' title="bbox 106 2668 2210 2758; baseline -0.001 -22"><span class='ocrx_word' id='word_1_247' title='bbox 106 2672 249 2736; x_wconf 85' lang='lat' dir='ltr'><strong>tius</strong></span> <span class='ocrx_word' id='word_1_248' title='bbox 278 2670 478 2735; x_wconf 77' lang='lat' dir='ltr'><strong>dixit:</strong></span> <span class='ocrx_word' id='word_1_249' title='bbox 527 2691 593 2734; x_wconf 91' lang='lat' dir='ltr'><strong>m</strong></span> <span class='ocrx_word' id='word_1_250' title='bbox 674 2671 827 2735; x_wconf 88' lang='lat' dir='ltr'><strong>ister</strong></span> <span class='ocrx_word' id='word_1_251' title='bbox 852 2671 1143 2758; x_wconf 90' lang='lat' dir='ltr'><strong>equitum</strong></span> <span class='ocrx_word' id='word_1_252' title='bbox 1172 2671 1465 2737; x_wconf 81' lang='lat' dir='ltr'><strong>dictatori</strong></span> <span class='ocrx_word' id='word_1_253' title='bbox 1498 2670 1754 2735; x_wconf 90' lang='lat' dir='ltr'><strong>additus</strong></span> <span class='ocrx_word' id='word_1_254' title='bbox 1784 2669 1879 2735; x_wconf 94' lang='lat' dir='ltr'><strong>M.</strong></span> <span class='ocrx_word' id='word_1_255' title='bbox 1902 2668 2210 2735; x_wconf 86' lang='lat' dir='ltr'><strong>Valerius.</strong></span> 
     </span>
     <span class='ocr_line' id='line_1_30' title="bbox 109 2756 2216 2834; baseline -0.001 -11"><span class='ocrx_word' id='word_1_256' title='bbox 109 2756 221 2823; x_wconf 85' lang='lat' dir='ltr'><strong>Hi</strong></span> <span class='ocrx_word' id='word_1_257' title='bbox 277 2757 500 2822; x_wconf 89' lang='lat' dir='ltr'><strong>robora</strong></span> <span class='ocrx_word' id='word_1_258' title='bbox 554 2757 641 2821; x_wconf 89' lang='lat' dir='ltr'><strong>mi</strong></span> <span class='ocrx_word' id='word_1_259' title='bbox 671 2758 849 2834; x_wconf 85' lang='lat' dir='ltr'><strong>&#39;tum,</strong></span> <span class='ocrx_word' id='word_1_260' title='bbox 897 2780 981 2823; x_wconf 83' lang='lat' dir='ltr'><strong>ex</strong></span> <span class='ocrx_word' id='word_1_261' title='bbox 1038 2757 1287 2823; x_wconf 88' lang='lat' dir='ltr'><strong>duobus</strong></span> <span class='ocrx_word' id='word_1_262' title='bbox 1344 2756 1776 2823; x_wconf 84' lang='lat' dir='ltr'><strong>consularibus</strong></span> <span class='ocrx_word' id='word_1_263' title='bbox 1835 2756 2216 2821; x_wconf 83' lang='lat' dir='ltr'><strong>exercitibus</strong></span> 
     </span>
     <span class='ocr_line' id='line_1_31' title="bbox 108 2841 2434 2930; baseline 0.001 -21"><span class='ocrx_word' id='word_1_264' title='bbox 108 2844 344 2920; x_wconf 85' lang='lat' dir='ltr'><strong>electa,</strong></span> <span class='ocrx_word' id='word_1_265' title='bbox 394 2843 691 2909; x_wconf 82' lang='lat' dir='ltr'><strong>adversus</strong></span> <span class='ocrx_word' id='word_1_266' title='bbox 746 2842 967 2909; x_wconf 88' lang='lat' dir='ltr'><strong>Gallos</strong></span> <span class='ocrx_word' id='word_1_267' title='bbox 1015 2844 1356 2910; x_wconf 86' lang='lat' dir='ltr'><strong>duxerunt.</strong></span> <span class='ocrx_word' id='word_1_268' title='bbox 1448 2842 1722 2908; x_wconf 89' lang='lat' dir='ltr'><strong>Lentius</strong></span> <span class='ocrx_word' id='word_1_269' title='bbox 1769 2841 1838 2907; x_wconf 88' lang='lat' dir='ltr'><strong>id</strong></span> <span class='ocrx_word' id='word_1_270' title='bbox 1889 2843 2214 2930; x_wconf 85' lang='lat' dir='ltr'><strong>aliquanto</strong></span> <span class='ocrx_word' id='word_1_271' title='bbox 2233 2862 2434 2912; x_wconf 80' lang='lat' dir='ltr'><strong>Bellum</strong></span> 
     </span>
     <span class='ocr_line' id='line_1_32' title="bbox 108 2927 2500 3030; baseline -0 -35"><span class='ocrx_word' id='word_1_272' title='bbox 108 2929 381 3006; x_wconf 87' lang='lat' dir='ltr'><strong>bellum,</strong></span> <span class='ocrx_word' id='word_1_273' title='bbox 421 2952 615 3016; x_wconf 86' lang='lat' dir='ltr'><strong>quam</strong></span> <span class='ocrx_word' id='word_1_274' title='bbox 658 2930 821 3016; x_wconf 86' lang='lat' dir='ltr'><strong>parti</strong></span> <span class='ocrx_word' id='word_1_275' title='bbox 864 2930 1117 3017; x_wconf 89' lang='lat' dir='ltr'><strong>utrique</strong></span> <span class='ocrx_word' id='word_1_276' title='bbox 1162 2930 1468 3030; x_wconf 80' lang='lat' dir='ltr'><strong>placebat,</strong></span> <span class='ocrx_word' id='word_1_277' title='bbox 1509 2929 1646 2995; x_wconf 84' lang='lat' dir='ltr'><strong>fuit.</strong></span> <span class='ocrx_word' id='word_1_278' title='bbox 1743 2930 1966 3005; x_wconf 85' lang='lat' dir='ltr'><strong>Quum</strong></span> <span class='ocrx_word' id='word_1_279' title='bbox 2008 2930 2214 3017; x_wconf 89' lang='lat' dir='ltr'><strong>primo</strong></span> <span class='ocrx_word' id='word_1_280' title='bbox 2231 2927 2500 2977; x_wconf 73' lang='lat' dir='ltr'><strong>Gallicum.</strong></span> 
     </span>
     <span class='ocr_line' id='line_1_33' title="bbox 116 3015 2216 3095; baseline 0 -14"><span class='ocrx_word' id='word_1_281' title='bbox 116 3015 305 3081; x_wconf 83' lang='lat' dir='ltr'><strong>Galli</strong></span> <span class='ocrx_word' id='word_1_282' title='bbox 354 3028 601 3080; x_wconf 89' lang='lat' dir='ltr'><strong>tantum</strong></span> <span class='ocrx_word' id='word_1_283' title='bbox 646 3016 815 3081; x_wconf 89' lang='lat' dir='ltr'><strong>avidi</strong></span> <span class='ocrx_word' id='word_1_284' title='bbox 862 3016 1225 3081; x_wconf 78' lang='lat' dir='ltr'><strong>certaminis</strong></span> <span class='ocrx_word' id='word_1_285' title='bbox 1268 3018 1554 3095; x_wconf 60' lang='lat' dir='ltr'><strong>fuissent,</strong></span> <span class='ocrx_word' id='word_1_286' title='bbox 1603 3016 1837 3082; x_wconf 87' lang='lat' dir='ltr'><strong>deinde</strong></span> <span class='ocrx_word' id='word_1_287' title='bbox 1888 3016 2216 3081; x_wconf 87' lang='lat' dir='ltr'><strong>Romanus</strong></span> 
     </span>
     <span class='ocr_line' id='line_1_34' title="bbox 112 3102 2218 3189; baseline -0.001 -22"><span class='ocrx_word' id='word_1_288' title='bbox 112 3102 327 3179; x_wconf 76' lang='lat' dir='ltr'><strong>mileS,</strong></span> <span class='ocrx_word' id='word_1_289' title='bbox 368 3102 611 3183; x_wconf 81' lang='lat' dir='ltr'><strong>ruendo</strong></span> <span class='ocrx_word' id='word_1_290' title='bbox 654 3102 727 3167; x_wconf 90' lang='lat' dir='ltr'><strong>in</strong></span> <span class='ocrx_word' id='word_1_291' title='bbox 766 3124 943 3167; x_wconf 90' lang='lat' dir='ltr'><strong>arma</strong></span> <span class='ocrx_word' id='word_1_292' title='bbox 982 3126 1055 3167; x_wconf 87' lang='lat' dir='ltr'><strong>ac</strong></span> <span class='ocrx_word' id='word_1_293' title='bbox 1096 3102 1588 3179; x_wconf 87' lang='lat' dir='ltr'><strong>dimicationem,</strong></span> <span class='ocrx_word' id='word_1_294' title='bbox 1630 3104 2028 3189; x_wconf 85' lang='lat' dir='ltr'><strong>aliquantum</strong></span> <span class='ocrx_word' id='word_1_295' title='bbox 2061 3102 2218 3166; x_wconf 83' lang='lat' dir='ltr'><strong>Gal-</strong></span> 
     </span>
     <span class='ocr_line' id='line_1_35' title="bbox 112 3188 2503 3273; baseline -0.001 -19"><span class='ocrx_word' id='word_1_296' title='bbox 112 3190 314 3254; x_wconf 85' lang='lat' dir='ltr'><strong>licam</strong></span> <span class='ocrx_word' id='word_1_297' title='bbox 368 3188 663 3253; x_wconf 87' lang='lat' dir='ltr'><strong>ferociam</strong></span> <span class='ocrx_word' id='word_1_298' title='bbox 719 3189 1003 3253; x_wconf 85' lang='lat' dir='ltr'><strong>vinceret</strong></span> <span class='ocrx_word' id='word_1_299' title='bbox 1029 3212 1049 3265; x_wconf 85' lang='lat'>3</span> <span class='ocrx_word' id='word_1_300' title='bbox 1115 3189 1409 3253; x_wconf 87' lang='lat' dir='ltr'><strong>dictatori</strong></span> <span class='ocrx_word' id='word_1_301' title='bbox 1472 3188 1845 3273; x_wconf 89' lang='lat' dir='ltr'><strong>neutiquam</strong></span> <span class='ocrx_word' id='word_1_302' title='bbox 1909 3188 2214 3273; x_wconf 84' lang='lat' dir='ltr'><strong>placebat,</strong></span> <span class='ocrx_word' id='word_1_303' title='bbox 2237 3202 2503 3251; x_wconf 73' lang='lat' dir='ltr'><strong>metatoris</strong></span> 
     </span>
     <span class='ocr_line' id='line_1_36' title="bbox 116 3266 2496 3363; baseline -0.001 -24"><span class='ocrx_word' id='word_1_304' title='bbox 116 3274 383 3363; x_wconf 87' lang='lat' dir='ltr'><strong>quando</strong></span> <span class='ocrx_word' id='word_1_305' title='bbox 412 3274 587 3339; x_wconf 86' lang='lat' dir='ltr'><strong>nulla</strong></span> <span class='ocrx_word' id='word_1_306' title='bbox 614 3286 869 3362; x_wconf 83' lang='lat' dir='ltr'><strong>cogeret</strong></span> <span class='ocrx_word' id='word_1_307' title='bbox 902 3298 1021 3352; x_wconf 75' lang='lat' dir='ltr'><strong>rea,</strong></span> <span class='ocrx_word' id='word_1_308' title='bbox 1051 3275 1339 3339; x_wconf 85' lang='lat' dir='ltr'><strong>fortunae</strong></span> <span class='ocrx_word' id='word_1_309' title='bbox 1380 3296 1447 3339; x_wconf 89' lang='lat' dir='ltr'><strong>se</strong></span> <span class='ocrx_word' id='word_1_310' title='bbox 1490 3274 1884 3337; x_wconf 88' lang='lat' dir='ltr'><strong>committere</strong></span> <span class='ocrx_word' id='word_1_311' title='bbox 1921 3272 2218 3337; x_wconf 85' lang='lat' dir='ltr'><strong>adversus</strong></span> <span class='ocrx_word' id='word_1_312' title='bbox 2235 3266 2496 3316; x_wconf 75' lang='lat' dir='ltr'><strong>cunctatio.</strong></span> 
     </span>
     <span class='ocr_line' id='line_1_37' title="bbox 116 3358 2222 3461; baseline -0.002 -34"><span class='ocrx_word' id='word_1_313' title='bbox 116 3364 391 3439; x_wconf 75' lang='lat' dir='ltr'><strong>hostem,</strong></span> <span class='ocrx_word' id='word_1_314' title='bbox 422 3384 616 3461; x_wconf 88' lang='lat' dir='ltr'><strong>quem</strong></span> <span class='ocrx_word' id='word_1_315' title='bbox 661 3374 913 3447; x_wconf 89' lang='lat' dir='ltr'><strong>tempus</strong></span> <span class='ocrx_word' id='word_1_316' title='bbox 952 3361 1332 3426; x_wconf 86' lang='lat' dir='ltr'><strong>deteriorem</strong></span> <span class='ocrx_word' id='word_1_317' title='bbox 1370 3360 1440 3423; x_wconf 92' lang='lat' dir='ltr'><strong>in</strong></span> <span class='ocrx_word' id='word_1_318' title='bbox 1478 3360 1616 3424; x_wconf 89' lang='lat' dir='ltr'><strong>dies</strong></span> <span class='ocrx_word' id='word_1_319' title='bbox 1658 3371 1726 3424; x_wconf 89' lang='lat' dir='ltr'><strong>et</strong></span> <span class='ocrx_word' id='word_1_320' title='bbox 1761 3358 1937 3423; x_wconf 90' lang='lat' dir='ltr'><strong>locus</strong></span> <span class='ocrx_word' id='word_1_321' title='bbox 1980 3358 2222 3423; x_wconf 85' lang='lat' dir='ltr'><strong>alienus</strong></span> 
     </span>
     <span class='ocr_line' id='line_1_38' title="bbox 118 3444 2222 3535; baseline -0.002 -22"><span class='ocrx_word' id='word_1_322' title='bbox 118 3450 377 3524; x_wconf 69' lang='lat' dir='ltr'><strong>faceret,</strong></span> <span class='ocrx_word' id='word_1_323' title='bbox 408 3469 543 3512; x_wconf 79' lang='lat' dir='ltr'><strong>sine</strong></span> <span class='ocrx_word' id='word_1_324' title='bbox 586 3460 957 3535; x_wconf 83' lang='lat' dir='ltr'><strong>praeparato</strong></span> <span class='ocrx_word' id='word_1_325' title='bbox 1000 3462 1377 3523; x_wconf 80' lang='lat' dir='ltr'><strong>commeatu,</strong></span> <span class='ocrx_word' id='word_1_326' title='bbox 1414 3445 1551 3511; x_wconf 86' lang='lat' dir='ltr'><strong>sine</strong></span> <span class='ocrx_word' id='word_1_327' title='bbox 1596 3444 1780 3509; x_wconf 86' lang='lat' dir='ltr'><strong>firmo</strong></span> <span class='ocrx_word' id='word_1_328' title='bbox 1823 3445 2222 3509; x_wconf 87' lang='lat' dir='ltr'><strong>munimento</strong></span> 
     </span>
     <span class='ocr_line' id='line_1_39' title="bbox 120 3531 2224 3621; baseline -0.002 -22"><span class='ocrx_word' id='word_1_329' title='bbox 120 3546 511 3599; x_wconf 87' lang='lat' dir='ltr'><strong>morantem:</strong></span> <span class='ocrx_word' id='word_1_330' title='bbox 556 3533 639 3600; x_wconf 83' lang='lat' dir='ltr'><strong>ad</strong></span> <span class='ocrx_word' id='word_1_331' title='bbox 668 3533 789 3599; x_wconf 90' lang='lat' dir='ltr'><strong>hoc</strong></span> <span class='ocrx_word' id='word_1_332' title='bbox 819 3532 897 3597; x_wconf 90' lang='lat' dir='ltr'><strong>iis</strong></span> <span class='ocrx_word' id='word_1_333' title='bbox 925 3534 1153 3597; x_wconf 86' lang='lat' dir='ltr'><strong>animis</strong></span> <span class='ocrx_word' id='word_1_334' title='bbox 1182 3532 1696 3621; x_wconf 85' lang='lat' dir='ltr'><strong>corporibusque,</strong></span> <span class='ocrx_word' id='word_1_335' title='bbox 1721 3554 1995 3617; x_wconf 90' lang='lat' dir='ltr'><strong>quorum</strong></span> <span class='ocrx_word' id='word_1_336' title='bbox 2017 3531 2224 3595; x_wconf 86' lang='lat' dir='ltr'><strong>omnis</strong></span> 
     </span>
     <span class='ocr_line' id='line_1_40' title="bbox 120 3616 2224 3769; baseline -0.003 -82"><span class='ocrx_word' id='word_1_337' title='bbox 120 3622 195 3687; x_wconf 88' lang='lat' dir='ltr'><strong>in</strong></span> <span class='ocrx_word' id='word_1_338' title='bbox 234 3620 597 3719; x_wconf 56' lang='lat' dir='ltr'><strong>impetuyis</strong></span> <span class='ocrx_word' id='word_1_339' title='bbox 630 3632 815 3697; x_wconf 86' lang='lat' dir='ltr'><strong>esset,</strong></span> <span class='ocrx_word' id='word_1_340' title='bbox 834 3642 1039 3769; x_wconf 77' lang='lat' dir='ltr'><strong>¹parva</strong></span> <span class='ocrx_word' id='word_1_341' title='bbox 1075 3620 1299 3685; x_wconf 82' lang='lat' dir='ltr'><strong>eadem</strong></span> <span class='ocrx_word' id='word_1_342' title='bbox 1338 3620 1774 3705; x_wconf 81' lang='lat' dir='ltr'><strong>languesceret</strong></span> <span class='ocrx_word' id='word_1_343' title='bbox 1813 3640 2006 3683; x_wconf 88' lang='lat' dir='ltr'><strong>mora.</strong></span> <span class='ocrx_word' id='word_1_344' title='bbox 2100 3616 2224 3681; x_wconf 86' lang='lat' dir='ltr'><strong>His</strong></span> 
     </span>
    </p>

    <p class='ocr_par' dir='ltr' id='par_1_4' title="bbox 858 3729 968 3771">
     <span class='ocr_line' id='line_1_41' title="bbox 858 3729 968 3771; baseline -0.018 0"><span class='ocrx_word' id='word_1_345' title='bbox 858 3729 968 3771; x_wconf 91' lang='lat' dir='ltr'><strong>um</strong></span> 
     </span>
    </p>
   </div>
   <div class='ocr_carea' id='block_1_3' title="bbox 124 3703 2224 3793">
    <p class='ocr_par' dir='ltr' id='par_1_5' title="bbox 124 3703 2224 3793">
     <span class='ocr_line' id='line_1_42' title="bbox 124 3703 2224 3793; baseline -0 -21"><span class='ocrx_word' id='word_1_346' title='bbox 124 3704 403 3772; x_wconf 76' lang='lat' dir='ltr'><strong>consiliis</strong></span> <span class='ocrx_word' id='word_1_347' title='bbox 430 3705 701 3771; x_wconf 77' lang='lat' dir='ltr'><strong>dictator</strong></span> <span class='ocrx_word' id='word_1_348' title='bbox 728 3705 833 3772; x_wconf 89' lang='lat' dir='ltr'><strong>bel</strong></span> <span class='ocrx_word' id='word_1_349' title='bbox 1003 3706 1307 3785; x_wconf 85' lang='lat' dir='ltr'><strong>trahebat,</strong></span> <span class='ocrx_word' id='word_1_350' title='bbox 1338 3727 1724 3793; x_wconf 83' lang='lat' dir='ltr'><strong>gravemque</strong></span> <span class='ocrx_word' id='word_1_351' title='bbox 1755 3703 2043 3771; x_wconf 79' lang='lat' dir='ltr'><strong>edixerat</strong></span> <span class='ocrx_word' id='word_1_352' title='bbox 2070 3728 2224 3793; x_wconf 84' lang='lat' dir='ltr'><strong>poe-</strong></span> 
     </span>
    </p>
   </div>
   <div class='ocr_carea' id='block_1_4' title="bbox 126 3957 2230 4403">
    <p class='ocr_par' dir='ltr' id='par_1_6' title="bbox 126 3957 2230 4403">
     <span class='ocr_line' id='line_1_43' title="bbox 182 3957 2225 4034; baseline -0.002 -26"><span class='ocrx_word' id='word_1_353' title='bbox 182 3976 216 4025; x_wconf 87' lang='lat'>9</span> <span class='ocrx_word' id='word_1_354' title='bbox 230 3960 431 4010; x_wconf 72' lang='lat' dir='ltr'><strong>Foedere</strong></span> <span class='ocrx_word' id='word_1_355' title='bbox 446 3960 656 4019; x_wconf 72' lang='lat' dir='ltr'><strong>vetusto]</strong></span> <span class='ocrx_word' id='word_1_356' title='bbox 671 3959 822 4017; x_wconf 79' lang='lat' dir='ltr'><strong>Quod</strong></span> <span class='ocrx_word' id='word_1_357' title='bbox 836 3958 959 4034; x_wconf 72' lang='lat' dir='ltr'><strong>asp.</strong></span> <span class='ocrx_word' id='word_1_358' title='bbox 970 3957 1140 4009; x_wconf 76' lang='lat' dir='ltr'><strong>Cassio</strong></span> <span class='ocrx_word' id='word_1_359' title='bbox 1204 3958 1345 4009; x_wconf 73' lang='lat' dir='ltr'><strong>annis</strong></span> <span class='ocrx_word' id='word_1_360' title='bbox 1386 3957 1696 4009; x_wconf 79' lang='lat' dir='ltr'><strong>centuriones</strong></span> <span class='ocrx_word' id='word_1_361' title='bbox 1739 3958 1996 4007; x_wconf 78' lang='lat' dir='ltr'><strong>Romanus</strong></span> <span class='ocrx_word' id='word_1_362' title='bbox 2036 3962 2088 4005; x_wconf 80' lang='lat' dir='ltr'><strong>et</strong></span> <span class='ocrx_word' id='word_1_363' title='bbox 2133 3958 2225 4005; x_wconf 75' lang='lat' dir='ltr'><strong>La-</strong></span> 
     </span>
     <span class='ocr_line' id='line_1_44' title="bbox 126 4020 2227 4085; baseline -0.004 -8"><span class='ocrx_word' id='word_1_364' title='bbox 126 4042 211 4077; x_wconf 82' lang='lat' dir='ltr'><strong>an.</strong></span> <span class='ocrx_word' id='word_1_365' title='bbox 237 4022 339 4073; x_wconf 81' lang='lat'>261.</span> <span class='ocrx_word' id='word_1_366' title='bbox 358 4024 425 4074; x_wconf 91' lang='lat' dir='ltr'><strong>U.</strong></span> <span class='ocrx_word' id='word_1_367' title='bbox 439 4024 498 4073; x_wconf 83' lang='grc' dir='ltr'><strong>Ο.</strong></span> <span class='ocrx_word' id='word_1_368' title='bbox 515 4023 669 4071; x_wconf 86' lang='lat' dir='ltr'><strong>ictum</strong></span> <span class='ocrx_word' id='word_1_369' title='bbox 690 4024 873 4081; x_wconf 56' lang='lat' dir='ltr'><strong>fustan</strong></span> <span class='ocrx_word' id='word_1_370' title='bbox 902 4038 1002 4071; x_wconf 76' lang='lat' dir='ltr'><strong>iam</strong></span> <span class='ocrx_word' id='word_1_371' title='bbox 1029 4038 1141 4071; x_wconf 82' lang='lat' dir='ltr'><strong>vero</strong></span> <span class='ocrx_word' id='word_1_372' title='bbox 1205 4022 1337 4072; x_wconf 81' lang='lat' dir='ltr'><strong>tinus</strong></span> <span class='ocrx_word' id='word_1_373' title='bbox 1370 4024 1554 4085; x_wconf 84' lang='lat' dir='ltr'><strong>primos</strong></span> <span class='ocrx_word' id='word_1_374' title='bbox 1579 4022 1771 4071; x_wconf 82' lang='lat' dir='ltr'><strong>ordines</strong></span> <span class='ocrx_word' id='word_1_375' title='bbox 1800 4022 2050 4071; x_wconf 80' lang='lat' dir='ltr'><strong>ducerent.</strong></span> <span class='ocrx_word' id='word_1_376' title='bbox 2111 4020 2227 4069; x_wconf 85' lang='grc' dir='ltr'><strong>Ηοο</strong></span> 
     </span>
     <span class='ocr_line' id='line_1_45' title="bbox 128 4082 2228 4149; baseline -0.003 -11"><span class='ocrx_word' id='word_1_377' title='bbox 128 4088 257 4138; x_wconf 81' lang='lat' dir='ltr'><strong>illud</strong></span> <span class='ocrx_word' id='word_1_378' title='bbox 276 4086 445 4136; x_wconf 75' lang='lat' dir='ltr'><strong>foedus</strong></span> <span class='ocrx_word' id='word_1_379' title='bbox 466 4086 606 4135; x_wconf 75' lang='lat' dir='ltr'><strong>novis</strong></span> <span class='ocrx_word' id='word_1_380' title='bbox 626 4086 985 4137; x_wconf 79' lang='lat' dir='ltr'><strong>conditionibus</strong></span> <span class='ocrx_word' id='word_1_381' title='bbox 1006 4086 1141 4135; x_wconf 81' lang='lat' dir='ltr'><strong>addi-</strong></span> <span class='ocrx_word' id='word_1_382' title='bbox 1206 4102 1322 4136; x_wconf 80' lang='lat' dir='ltr'><strong>vero</strong></span> <span class='ocrx_word' id='word_1_383' title='bbox 1337 4086 1536 4149; x_wconf 76' lang='lat' dir='ltr'><strong>respicit</strong></span> <span class='ocrx_word' id='word_1_384' title='bbox 1551 4092 1716 4135; x_wconf 84' lang='lat' dir='ltr'><strong>noster</strong></span> <span class='ocrx_word' id='word_1_385' title='bbox 1729 4086 1838 4133; x_wconf 85' lang='lat' dir='ltr'><strong>infr.</strong></span> <span class='ocrx_word' id='word_1_386' title='bbox 1855 4082 1950 4131; x_wconf 81' lang='lat' dir='ltr'><strong>viii.</strong></span> <span class='ocrx_word' id='word_1_387' title='bbox 1968 4098 2014 4145; x_wconf 84' lang='lat'><strong>9.</strong></span> <span class='ocrx_word' id='word_1_388' title='bbox 2032 4083 2228 4143; x_wconf 69' lang='lat' dir='ltr'><strong>quando</strong></span> 
     </span>
     <span class='ocr_line' id='line_1_46' title="bbox 128 4146 2227 4213; baseline -0.005 -10"><span class='ocrx_word' id='word_1_389' title='bbox 128 4154 195 4203; x_wconf 83' lang='lat' dir='ltr'><strong>tis</strong></span> <span class='ocrx_word' id='word_1_390' title='bbox 232 4156 513 4201; x_wconf 78' lang='lat' dir='ltr'><strong>renovatum</strong></span> <span class='ocrx_word' id='word_1_391' title='bbox 550 4150 699 4199; x_wconf 72' lang='lat' dir='ltr'><strong>fuisse</strong></span> <span class='ocrx_word' id='word_1_392' title='bbox 738 4151 946 4199; x_wconf 82' lang='lat' dir='ltr'><strong>Niebhr.</strong></span> <span class='ocrx_word' id='word_1_393' title='bbox 984 4150 1053 4199; x_wconf 87' lang='lat' dir='ltr'><strong>iii.</strong></span> <span class='ocrx_word' id='word_1_394' title='bbox 1092 4166 1141 4199; x_wconf 85' lang='lat' dir='ltr'><strong>n.</strong></span> <span class='ocrx_word' id='word_1_395' title='bbox 1207 4150 1441 4213; x_wconf 82' lang='lat' dir='ltr'><strong>primipih‘</strong></span> <span class='ocrx_word' id='word_1_396' title='bbox 1474 4148 1784 4199; x_wconf 76' lang='lat' dir='ltr'><strong>centuriones</strong></span> <span class='ocrx_word' id='word_1_397' title='bbox 1805 4148 2038 4195; x_wconf 82' lang='lat' dir='ltr'><strong>Latinum</strong></span> <span class='ocrx_word' id='word_1_398' title='bbox 2057 4150 2108 4193; x_wconf 85' lang='lat' dir='ltr'><strong>et</strong></span> <span class='ocrx_word' id='word_1_399' title='bbox 2127 4146 2227 4193; x_wconf 77' lang='lat' dir='ltr'><strong>Ro-</strong></span> 
     </span>
     <span class='ocr_line' id='line_1_47' title="bbox 136 4208 2230 4277; baseline -0.007 -8"><span class='ocrx_word' id='word_1_400' title='bbox 136 4214 243 4269; x_wconf 84' lang='lat'>168.</span> <span class='ocrx_word' id='word_1_401' title='bbox 272 4215 531 4275; x_wconf 69' lang='lat' dir='ltr'><strong>existimat,</strong></span> <span class='ocrx_word' id='word_1_402' title='bbox 567 4216 743 4277; x_wconf 81' lang='lat' dir='ltr'><strong>quibus</strong></span> <span class='ocrx_word' id='word_1_403' title='bbox 775 4214 1017 4263; x_wconf 80' lang='lat' dir='ltr'><strong>sancitum</strong></span> <span class='ocrx_word' id='word_1_404' title='bbox 1054 4220 1144 4273; x_wconf 75' lang='lat' dir='ltr'><strong>est,</strong></span> <span class='ocrx_word' id='word_1_405' title='bbox 1206 4229 1409 4263; x_wconf 64' lang='lat' dir='ltr'><strong>uranum</strong></span> <span class='ocrx_word' id='word_1_406' title='bbox 1432 4214 1561 4261; x_wconf 84' lang='lat' dir='ltr'><strong>inter</strong></span> <span class='ocrx_word' id='word_1_407' title='bbox 1585 4228 1638 4261; x_wconf 78' lang='lat' dir='ltr'><strong>se</strong></span> <span class='ocrx_word' id='word_1_408' title='bbox 1659 4210 1936 4261; x_wconf 76' lang='lat' dir='ltr'><strong>notissimos</strong></span> <span class='ocrx_word' id='word_1_409' title='bbox 1964 4223 2068 4257; x_wconf 73' lang='lat' dir='ltr'><strong>ense</strong></span> <span class='ocrx_word' id='word_1_410' title='bbox 2091 4208 2230 4268; x_wconf 75' lang='lat' dir='ltr'><strong>dicit,</strong></span> 
     </span>
     <span class='ocr_line' id='line_1_48' title="bbox 132 4274 2202 4343; baseline -0.003 -14"><span class='ocrx_word' id='word_1_411' title='bbox 132 4286 191 4329; x_wconf 84' lang='lat' dir='ltr'><strong>ut</strong></span> <span class='ocrx_word' id='word_1_412' title='bbox 222 4278 375 4327; x_wconf 77' lang='lat' dir='ltr'><strong>sociae</strong></span> <span class='ocrx_word' id='word_1_413' title='bbox 402 4278 533 4328; x_wconf 77' lang='lat' dir='ltr'><strong>acies</strong></span> <span class='ocrx_word' id='word_1_414' title='bbox 564 4278 910 4341; x_wconf 80' lang='lat' dir='ltr'><strong>manipulatim</strong></span> <span class='ocrx_word' id='word_1_415' title='bbox 944 4294 1043 4327; x_wconf 83' lang='lat' dir='ltr'><strong>una</strong></span> <span class='ocrx_word' id='word_1_416' title='bbox 1075 4278 1145 4327; x_wconf 87' lang='lat' dir='ltr'><strong>in·</strong></span> <span class='ocrx_word' id='word_1_417' title='bbox 1210 4280 1331 4343; x_wconf 75' lang='lat' dir='ltr'><strong>quia</strong></span> <span class='ocrx_word' id='word_1_418' title='bbox 1344 4293 1495 4341; x_wconf 68' lang='lat' dir='ltr'><strong>pares</strong></span> <span class='ocrx_word' id='word_1_419' title='bbox 1515 4292 1702 4339; x_wconf 73' lang='lat' dir='ltr'><strong>semper</strong></span> <span class='ocrx_word' id='word_1_420' title='bbox 1724 4276 1918 4325; x_wconf 72' lang='lat' dir='ltr'><strong>ordines</strong></span> <span class='ocrx_word' id='word_1_421' title='bbox 1939 4274 2202 4323; x_wconf 62' lang='lat' dir='ltr'><strong>duxerant.</strong></span> 
     </span>
     <span class='ocr_line' id='line_1_49' title="bbox 136 4340 1148 4403; baseline -0.004 -10"><span class='ocrx_word' id='word_1_422' title='bbox 136 4348 442 4403; x_wconf 77' lang='lat' dir='ltr'><strong>struerentur,</strong></span> <span class='ocrx_word' id='word_1_423' title='bbox 489 4342 559 4391; x_wconf 82' lang='lat' dir='ltr'><strong>ita</strong></span> <span class='ocrx_word' id='word_1_424' title='bbox 612 4348 781 4391; x_wconf 83' lang='lat' dir='ltr'><strong>tamen</strong></span> <span class='ocrx_word' id='word_1_425' title='bbox 834 4347 893 4391; x_wconf 87' lang='lat' dir='ltr'><strong>ut</strong></span> <span class='ocrx_word' id='word_1_426' title='bbox 946 4340 1148 4392; x_wconf 74' lang='lat' dir='ltr'><strong>alternis</strong></span> 
     </span>
    </p>
   </div>
  </div>
 </body>
</html>
