3000 4784
779 234 969 303 LIB.
1030 234 1117 303 II.
1178 236 1399 303 CAP.
1456 242 1560 301 54.
2109 239 2228 299 133

146 370 477 435 arcendam
506 372 783 437 hostium
810 373 961 449 vim,
991 396 1071 437 ea
1102 386 1304 459 porta,
1334 373 1438 437 cui
1466 373 1652 459 signa
1687 372 1964 458 primum
1995 369 2226 434 intule-
2251 378 2317 429 U.
2342 379 2400 428 C.
2425 388 2534 439 279·

150 470 255 531 rat,
292 471 643 557 caperetur.
732 458 911 523 Intra
948 459 1185 524 vallum
1228 458 1463 523 deinde
1507 458 1734 525 caedes
1773 458 1992 544 magis,
2033 478 2229 541 quam
2247 444 2308 515 *3⁴-
2342 443 2402 492 c·
2425 454 2542 503 473·

150 543 469 627 proelium,
500 568 655 609 esse.
746 544 1091 611 Tumultus
1120 570 1157 611 e
1186 546 1403 611 castris
1430 559 1499 610 et
1537 546 1606 609 in
1637 545 1860 609 urbem
1899 556 2226 630 penetrat3

148 641 456 729 tanquam·
470 632 657 697 Veiis
684 633 902 718 captiS,
932 632 1022 697 ita
1046 632 1263 719 pavidi
1295 632 1602 698 Veientes
1618 630 1701 695 ad
1729 653 1902 695 arma
1929 640 2227 693 currunt:

148 738 279 801 pars
310 715 566 781 Sabinis
592 731 748 783 eunt
782 718 1097 795 subsidi03
1144 740 1289 805 pars
1318 718 1661 794 Romanoe,
1693 730 1828 782 toto
1856 717 2101 803 impetu
2131 716 2230 779 in-

151 817 343 867 tentos
382 802 453 867 in
488 817 709 883 castra,
745 805 1138 870 adoriuntur.
1229 804 1585 891 Paullisper
1623 803 1823 869 aversi
1866 802 2227 888 turbatique

148 902 303 953 sunt.
392 889 654 955 Deinde
702 906 768 957 et
810 892 933 979 ipsi
980 906 1250 979 utroque
1298 891 1491 955 versis
1536 890 1732 976 signis
1776 890 2114 955 resistunt:
2162 900 2229 951 et

148 998 349 1060 eques,
410 977 493 1039 ab
564 977 821 1043 consule
888 978 1223 1055 immissus,
1295 977 1540 1041 Tuscos
1607 976 1817 1040 fimdjt
1882 976 2223 1061 fugatque:

148 1060 487 1149 eademque
518 1063 677 1129 hora
702 1064 833 1131 duo
860 1065 1196 1141 exercitus,
1226 1064 1391 1129 duae
1422 1063 1895 1149 potentissimae
1925 1074 1992 1126 et
2027 1059 2229 1125 maxi-

150 1170 277 1211 mae
304 1149 617 1215 finitimae
728 1164 869 1216 ntes
898 1164 1225 1237 superatae
1254 1163 1419 1215 sunt.

226 1234 397 1299 Dum
417 1236 579 1301 haec
596 1174 723 1301 age
713 1237 905 1303 Veios
925 1251 1255 1324 geruntur,
1280 1235 1499 1301 Volsci
1522 1235 1868 1322 Aequique
1897 1235 1968 1297 in
1995 1234 2230 1299 Latino

150 1342 287 1418 agro
474 1337 663 1387 erant
688 1338 907 1401 castra,
1026 1323 1355 1411 pulatique
1386 1322 1546 1393 fines
1573 1334 1773 1385 erant.
1865 1320 1995 1384 Eos
2021 1342 2138 1406 per
2163 1342 2230 1383 se

150 1428 282 1505 lpsi·
312 1493 327 1506 ⁶
394 1408 538 1485 tini,
570 1411 907 1497 assumptis
1016 1411 1265 1486 erniciS‚
1296 1410 1432 1473 sine
1466 1408 1762 1473 Romano
1789 1420 1902 1471 aut
1929 1406 2092 1471 duce
2121 1418 2234 1469 aut

150 1492 391 1570 amnho,
450 1496 673 1561 castris
728 1510 1063 1565 exuerunt.
1156 1496 1231 1561 In
1318 1496 1415 1559 nti
1472 1494 1726 1581 praeda,
1831 1505 2034 1557 taeter
2090 1514 2232 1555 suas
2253 1500 2450 1551 Bellum
2523 1561 2536 1573 ο

152 1594 537 1667 recuperatas
565 1605 685 1660 res,
796 1584 895 1649 titi
916 1596 1085 1648 sunt.
1254 1584 1413 1647 issus
1435 1596 1648 1646 tamen
1671 1581 1750 1645 ab
1847 1602 1994 1643 oma
2013 1578 2231 1643 consul
2251 1564 2562 1639 cum-volgsms

100 1702 109 1712 ·
154 1665 213 1728 in
260 1666 523 1733 Volscos
575 1668 655 1733 C.
774 1670 997 1739 antius.
1100 1669 1268 1746 Moe,
1312 1669 1525 1745 crede,
1569 1690 1702 1733 non
1743 1667 2051 1767 placebat,
2097 1666 2232 1729 sine
2251 1634 2300 1677 οἱ
2325 1629 2521 1689 Aeqms.

158 1750 435 1819 Romano
463 1754 634 1821 duce
674 1756 961 1821 exercitu
1007 1778 1088 1821 ue
1116 1757 1319 1821 socios
1349 1756 1620 1843 propriis
1658 1754 1898 1824 viribus
1925 1751 2234 1817 consiliis·-

152 1861 267 1924 que
296 1840 459 1905 bella
532 1864 741 1941 erere.
833 1841 901 1907 N
994 1865 1105 1906 um
1138 1865 1343 1929 genus
1371 1841 1744 1907 calamitatis
1779 1838 2234 1905 contumeliae-

156 1948 267 2010 que
288 1950 418 2026 non
554 1941 689 1995 tum
706 1930 775 1992 in
806 1928 1075 1995 Volscos
1102 1942 1223 1993 est:
1270 1952 1392 1993 nec
1421 1940 1638 1993 tamen
1658 1926 1924 2014 perpelli
1945 1938 2233 2012 potuere,

156 2024 221 2075 ut
244 2035 373 2079 acle
402 2014 805 2084 dimicarent.

232 2097 315 2200 L..
337 2099 571 2201 Furius
593 2102 743 2171 inde
774 2115 841 2167 et
874 2101 951 2169 C.
977 2101 1261 2167 Manlius
1282 2102 1589 2167 consules,
1653 2099 1903 2165 Manlio
1929 2099 2235 2167 Veientes

158 2205 463 2269 provmcla
484 2188 723 2253 evenit.
794 2188 948 2253 Non
978 2202 1191 2253 tamen
1220 2188 1541 2253 bellatum.
1619 2186 1914 2255 Indutiae
1937 2185 2006 2249 in
2035 2206 2236 2249 annos
2259 2193 2323 2241 U.
2347 2193 2406 2241 C·
2433 2194 2544 2241 280.

127 2292 143 2325 ¹
160 2272 565 2361 quadraginta
606 2276 967 2361 petentibus
1008 2275 1213 2353 datae,
1260 2275 1580 2339 frumento
1627 2272 2072 2360 stipendioque
2117 2271 2238 2334 im-

160 2372 378 2441 perato.

162 2442 335 2509 domi.
423 2448 735 2535 Agrariae
787 2448 943 2535 legis
1000 2448 1351 2513 tribuniciis
1410 2446 1678 2511 stimulis
1700 2532 1712 2545 .
1735 2444 1914 2532 plebs
1969 2444 2236 2507 furebat.

166 2526 479 2611 Consules,
538 2534 699 2597 nihil
752 2533 1042 2601 Menenii
1100 2534 1528 2609 damnatione,
1581 2531 1744 2596 nihil

1800 2529 2082 2617 periculo
2127 2528 2241 2592 de-

166 2618 345 2683 territi
384 2620 657 2697 Servilii,
699 2644 945 2685 summa
980 2622 1044 2685 vi
1087 2620 1403 2685 resistunt.
1496 2619 1831 2683 Abeuntes
1875 2615 2240 2701 magistratu

126 2718 149 2751 ²
169 2700 279 2767 Cn.
316 2704 649 2772 Genucius
678 2708 967 2773 tribunus
996 2706 1199 2795 plebis
1228 2706 1509 2793 arripuit.

242 2788 313 2854 L.
365 2793 687 2858 Aemilius
742 2807 811 2858 et
870 2794 1098 2882 Opiter
1151 2792 1479 2881 Virginius
1538 2790 1934 2867 consulatum
1995 2788 2236 2852 ineunt.
2260 2802 2328 2851 U.
2351 2800 2410 2849 0.
2437 2800 2546 2848 281.

166 2872 497 2962 Vopiscum
551 2879 789 2945 Iulium

165 2965 469 3030 consulem
502 2966 775 3031 invenio·

130 3049 249 3159 3rei
290 3051 371 3115 ad
416 3053 731 3141 populum
778 3052 1006 3154 Ij'urius
1052 3068 1119 3118 et

128 3182 153 3221 4
169 3156 285 3199 non
338 3139 593 3225 plebem
650 3162 870 3227 magis,
930 3162 1123 3228 quam
1194 3140 1473 3204 iuniores
1531 3139 1810 3203 Pam.

232 3368 249 3403 ¹
286 3358 649 3436 Quadrayt'nta]
690 3363 891 3412 Scilicet
910 3378 1067 3412 annos
1084 3364 1165 3411 de-

170 3431 267 3467 cem
302 3437 561 3485 mensium,
592 3426 775 3490 quippe
810 3429 907 3477 hae
947 3428 1168 3476 indutiae

171 3494 273 3531 ann.
304 3500 408 3549 307.
436 3490 505 3540 U.
528 3491 587 3540 C.
620 3491 719 3540 iam
754 3490 985 3541 exierant.
1054 3491 1169 3539 Hoc

172 3550 376 3609 “¹³9⁰oe
426 3560 619 3617 septem
672 3556 787 3605 illos
830 3557 1005 3619 Pagos,
1048 3570 1171 3616 quos

164 3609 407 3665 Porsenna
436 3619 679 3669 Romanis
715 3620 975 3683 eripuerat,
1007 3634 1171 3667 rursus

174 3688 237 3749 ΕΣ,
270 3677 487 3731 Etruscis
536 3688 759 3748 receptos
802 3684 948 3734 fixisse
1002 3688 1169 3733 censet

177 3736 365 3793 Niebhr.
387 3745 437 3796 ii.
461 3763 510 3810 p.
535 3760 643 3811 205.
676 3764 805 3811 supr.
834 3764 907 3811 13.

240 3818 265 3852 ²
304 3810 561 3875 Arripuit]
618 3814 753 3862 Reos
788 3812 920 3861 fecit.
968 3813 1029 3861 cf.
1062 3810 1169 3861 Cic.

178 3880 261 3951 Pfq
292 3870 459 3924 Plane.
494 3890 571 3926 υ.
622 3877 803 3926 Noster
838 3876 947 3926 infr.
984 3876 1052 3925 iii.
1093 3877 1168 3937 58.

177 3932 318 3985 Luxus
334 3952 443 3989 vero
464 3940 678 3990 criminis
698 3943 935 3991 abeuntes
948 3940 1172 3988 consules

179 4004 377 4074 accusati
414 4005 592 4054 fixerint
623 4022 655 4055 a
688 4004 930 4065 Genucio,
950 4005 1001 4053 id
1034 4018 1169 4065 prae-

182 4064 435 4117 termmum
466 4085 499 4119 a
532 4070 673 4120 Livio
706 4069 907 4132 exponit
932 4068 1081 4118 Dion.
1104 4066 1169 4117 ix.

184 4126 252 4185 38.
284 4128 445 4182 Dosa.
998 4128 1003 4133 “

244 4204 271 4252 3
288 4196 400 4246 Non
414 4200 599 4261 plebem
617 4200 797 4261 mauis]
826 4198 936 4247 Hos
957 4196 1179 4245 consules

184 4256 251 4302 a<l-
268 4259 451 4318 plebem
479 4265 697 4315 tributim
728 4268 1045 4312 convocatam
1074 4274 1181 4309 reos

184 4318 326 4372 factm
345 4326 484 4379 suine
513 4334 677 4379 censet
701 4328 905 4377 Niebhr.
928 4325 977 4373 ii.
996 4342 1045 4387 p.
1070 4336 1179 4385 207.

188 4394 247 4431 ⁸⁰-
277 4392 401 4449 quod
435 4394 669 4458 agrariam
704 4392 863 4455 legem
896 4388 1079 4439 irritam
1114 4388 1179 4441 fe-

890 2903 961 2945 ro
1006 2880 1302 2967 VirgInio
1358 2880 1427 2945 in
1474 2877 1854 2967 quibusdam
1911 2874 2242 2941 annalibus

912 2990 987 3033 oc
1010 2990 1179 3033 anno
1166 2966 1646 3117 §quoscunque
1670 2962 1962 3029 consules
1989 2962 2242 3043 habuit)

1244 3053 1449 3127 aulius
1497 3064 1896 3117 circumeunt
1941 3048 2242 3116 sordidati

1935 3135 2240 3213 suadent,

1230 3360 1409 3410 cissent
1440 3366 1491 3408 et
1528 3357 1708 3407 idcirco
1741 3355 1874 3419 plebi
1907 3356 2140 3403 damnum
2175 3352 2246 3402 in-

1230 3424 1469 3474 tulissent.
1538 3422 1666 3471 Iuris
1687 3420 1818 3469 enim
1840 3425 1944 3469 erat
1968 3418 2153 3477 Italici,
2173 3426 2248 3475 ut,

1232 3489 1407 3551 quibus
1437 3486 1605 3535 damni
1637 3484 1812 3533 iniuria
1843 3484 1974 3531 facta
2005 3482 2192 3540 fuisset,
2212 3482 2245 3529 ii

1230 3550 1465 3601 iudicium
1478 3550 1529 3598 in
1543 3548 1714 3597 noxios
1728 3551 2026 3604 exercerent„
2033 3552 2084 3594 et
2095 3546 2243 3593 Dion.

1231 3616 1297 3666 ix.
1336 3615 1415 3678 46.
1450 3621 1614 3676 patres
1649 3612 1748 3661 iam
1787 3611 1922 3673 plebi
1959 3610 2246 3658 concessisse

1231 3680 1411 3739 scribit,
1442 3684 1499 3727 ut
1531 3679 1594 3727 de
1631 3676 1817 3724 iniuriis
1851 3673 2164 3736 patriciorum
2196 3674 2246 3721 in

1234 3745 1431 3807 plebem
1466 3741 1635 3800 illatis,
1667 3741 1774 3802 ipsa
1805 3737 2127 3801 cognitionem
2163 3738 2246 3785 ha-

1234 3811 1383 3857 beret.

1297 3891 1328 3934 4
1360 3874 1589 3922 Iuniam
1608 3870 1847 3927 Puerum]
1891 3868 2004 3915 Hoc
2037 3872 2126 3925 est,
2161 3865 2248 3913 mi-

1234 3951 1407 3985 norum
1449 3935 1672 3998 gentium
1715 3939 1906 3995 patres:
1957 3932 2044 3983 sed
2082 3944 2248 3991 quam-

1234 4004 1399 4050 obrem
1422 4016 1522 4049 non
1544 4000 1716 4061 liquet,
1737 3998 1776 4047 si
1800 3997 1947 4055 modo
1965 3996 2031 4043 ad
2055 3995 2250 4056 plebem

1234 4064 1449 4114 accusati
1480 4062 1676 4113 fuerint.
1744 4060 1896 4118 Quod
1929 4058 1969 4109 si
2000 4060 2064 4106 ad
2097 4074 2250 4119 popu-

1240 4132 1341 4179 lum
1362 4130 1674 4179 centuriatim
1701 4131 2010 4175 convocatum
2033 4121 2256 4169 consules

1240 4195 1310 4243 rei
1331 4194 1447 4243 facti
1468 4198 1646 4250 esent,
1667 4197 1774 4239 tum
1807 4188 2020 4251 plebem,
2041 4192 2255 4255 tum-pa-

1242 4265 1342 4307 tres
1382 4258 1666 4307 sollicitasse
1715 4254 1774 4301 iis
1817 4264 1992 4313 operae
2046 4254 2257 4308 pretium

1242 4324 1426 4383 fuisset,
1446 4323 1532 4370 sed
1554 4320 1754 4369 forsitan
1778 4314 1904 4365 Livii
1929 4312 2072 4358 verba
2093 4311 2142 4357 in
2169 4310 2260 4357 hac

1244 4402 1295 4439 re
1316 4388 1380 4435 ad
1403 4386 1620 4444 calculos
1639 4381 1786 4433 nimis
1803 4377 2006 4439 exiguos
2027 4390 2124 4423 non
2145 4380 2260 4421 sunt

2358 2108 2458 2168 54.

2256 2258 2315 2305 A.
2349 2258 2408 2305 O.
2433 2266 2546 2318 47²·

2257 2321 2312 2369 L.
2341 2321 2506 2378 Furio,

498 2360 657 2426 Paci
716 2376 1014 2427 externae
1072 2361 1405 2427 confestim
1464 2361 1871 2425 continuatur
1926 2357 2240 2422 discordia
2255 2386 2313 2434 ο,
2341 2384 2532 2432 Manlio

2256 2450 2394 2497 Coss.

2259 2513 2449 2560 Romae

2256 2574 2539 2625 discordiae.

2259 2866 2319 2914 Α,
2354 2866 2412 2915 C.
2436 2876 2548 2925 471.

2261 2931 2318 2979 L.
2337 2927 2547 2977 Aemilio

2263 2996 2367 3042 111.
2393 2992 2534 3054 opit.

2263 3056 2483 3121 Virginio

2259 3124 2397 3174 Coss.
