<?xml version="1.0" encoding="UTF-8"?>
<!DOCTYPE html PUBLIC "-//W3C//DTD XHTML 1.0 Transitional//EN"
    "http://www.w3.org/TR/xhtml1/DTD/xhtml1-transitional.dtd">
<html xmlns="http://www.w3.org/1999/xhtml" xml:lang="en" lang="en">
 <head>
  <title>
</title>
<meta http-equiv="Content-Type" content="text/html;charset=utf-8" />
  <meta name='ocr-system' content='tesseract 3.04.00' />
  <meta name='ocr-capabilities' content='ocr_page ocr_carea ocr_par ocr_line ocrx_word'/>
</head>
<body>
  <div class='ocr_page' id='page_1' title='image "./tliviipatavinih10unkngoog_0341.png"; bbox 0 0 3000 4784; ppageno 0'>
   <div class='ocr_carea' id='block_1_1' title="bbox 854 237 2282 307">
    <p class='ocr_par' dir='ltr' id='par_1_1' title="bbox 854 237 2282 307">
     <span class='ocr_line' id='line_1_1' title="bbox 854 237 2282 307; baseline 0.003 -4"><span class='ocrx_word' id='word_1_1' title='bbox 854 237 1045 303; x_wconf 91' lang='lat' dir='ltr'><strong>LIB.</strong></span> <span class='ocrx_word' id='word_1_2' title='bbox 1095 238 1175 303; x_wconf 92' lang='lat' dir='ltr'><strong>V.</strong></span> <span class='ocrx_word' id='word_1_3' title='bbox 1246 238 1467 305; x_wconf 88' lang='lat' dir='ltr'><strong>CAP.</strong></span> <span class='ocrx_word' id='word_1_4' title='bbox 1517 245 1619 305; x_wconf 88' lang='lat'><strong>36.</strong></span> <span class='ocrx_word' id='word_1_5' title='bbox 2158 242 2282 307; x_wconf 83' lang='lat'><strong>32⁷</strong></span> 
     </span>
    </p>
   </div>
   <div class='ocr_carea' id='block_1_2' title="bbox 120 372 2618 4005">
    <p class='ocr_par' dir='ltr' id='par_1_2' title="bbox 152 372 2592 461">
     <span class='ocr_line' id='line_1_2' title="bbox 152 372 2592 461; baseline 0 -25"><span class='ocrx_word' id='word_1_6' title='bbox 152 373 347 437; x_wconf 81' lang='lat' dir='ltr'><strong>busti</strong></span> <span class='ocrx_word' id='word_1_7' title='bbox 400 372 515 437; x_wconf 86' lang='lat' dir='ltr'><strong>filii</strong></span> <span class='ocrx_word' id='word_1_8' title='bbox 566 374 759 451; x_wconf 85' lang='lat' dir='ltr'><strong>missi,</strong></span> <span class='ocrx_word' id='word_1_9' title='bbox 806 376 921 461; x_wconf 89' lang='lat' dir='ltr'><strong>qui</strong></span> <span class='ocrx_word' id='word_1_10' title='bbox 980 388 1237 439; x_wconf 88' lang='lat' dir='ltr'><strong>senatus</strong></span> <span class='ocrx_word' id='word_1_11' title='bbox 1287 374 1638 461; x_wconf 83' lang='lat' dir='ltr'><strong>populique</strong></span> <span class='ocrx_word' id='word_1_12' title='bbox 1693 374 1970 440; x_wconf 88' lang='lat' dir='ltr'><strong>Romani</strong></span> <span class='ocrx_word' id='word_1_13' title='bbox 2022 377 2282 441; x_wconf 88' lang='lat' dir='ltr'><strong>nomine</strong></span> <span class='ocrx_word' id='word_1_14' title='bbox 2307 388 2373 438; x_wconf 89' lang='lat' dir='ltr'><strong>U.</strong></span> <span class='ocrx_word' id='word_1_15' title='bbox 2399 388 2456 438; x_wconf 87' lang='lat' dir='ltr'><strong>c.</strong></span> <span class='ocrx_word' id='word_1_16' title='bbox 2483 386 2592 451; x_wconf 77' lang='lat'><strong>364·</strong></span> 
     </span>
    </p>

    <p class='ocr_par' dir='ltr' id='par_1_3' title="bbox 152 452 2592 550">
     <span class='ocr_line' id='line_1_3' title="bbox 152 452 2592 550; baseline 0.002 -27"><span class='ocrx_word' id='word_1_17' title='bbox 152 474 441 545; x_wconf 79' lang='lat' dir='ltr'>agerent</span> <span class='ocrx_word' id='word_1_18' title='bbox 478 482 627 525; x_wconf 90' lang='lat' dir='ltr'><strong>cum</strong></span> <span class='ocrx_word' id='word_1_19' title='bbox 662 459 883 538; x_wconf 87' lang='lat' dir='ltr'><strong>Gallis,</strong></span> <span class='ocrx_word' id='word_1_20' title='bbox 917 484 1019 539; x_wconf 88' lang='lat' dir='ltr'><strong>ne,</strong></span> <span class='ocrx_word' id='word_1_21' title='bbox 1052 483 1091 525; x_wconf 86' lang='lat' dir='ltr'><strong>a</strong></span> <span class='ocrx_word' id='word_1_22' title='bbox 1118 461 1349 548; x_wconf 88' lang='lat' dir='ltr'><strong>quibus</strong></span> <span class='ocrx_word' id='word_1_23' title='bbox 1388 461 1630 525; x_wconf 87' lang='lat' dir='ltr'><strong>nullam</strong></span> <span class='ocrx_word' id='word_1_24' title='bbox 1671 462 1964 526; x_wconf 87' lang='lat' dir='ltr'><strong>iniuriam</strong></span> <span class='ocrx_word' id='word_1_25' title='bbox 2007 464 2284 550; x_wconf 85' lang='lat' dir='ltr'><strong>accepis-</strong></span> <span class='ocrx_word' id='word_1_26' title='bbox 2303 454 2362 502; x_wconf 77' lang='lat' dir='ltr'><strong>A.</strong></span> <span class='ocrx_word' id='word_1_27' title='bbox 2397 452 2456 503; x_wconf 72' lang='grc' dir='ltr'><strong>Ο·</strong></span> <span class='ocrx_word' id='word_1_28' title='bbox 2483 452 2592 515; x_wconf 79' lang='lat'><strong>3⁸⁸·</strong></span> 
     </span>
    </p>

    <p class='ocr_par' dir='ltr' id='par_1_4' title="bbox 154 547 2278 637">
     <span class='ocr_line' id='line_1_4' title="bbox 154 547 2278 637; baseline 0.002 -27"><span class='ocrx_word' id='word_1_29' title='bbox 154 560 342 622; x_wconf 85' lang='lat' dir='ltr'><strong>sent,</strong></span> <span class='ocrx_word' id='word_1_30' title='bbox 402 547 603 611; x_wconf 88' lang='lat' dir='ltr'><strong>socios</strong></span> <span class='ocrx_word' id='word_1_31' title='bbox 792 547 883 611; x_wconf 91' lang='lat' dir='ltr'><strong>uli</strong></span> <span class='ocrx_word' id='word_1_32' title='bbox 938 547 1213 612; x_wconf 87' lang='lat' dir='ltr'><strong>Romani</strong></span> <span class='ocrx_word' id='word_1_33' title='bbox 1274 561 1465 635; x_wconf 86' lang='lat' dir='ltr'><strong>atque</strong></span> <span class='ocrx_word' id='word_1_34' title='bbox 1525 550 1760 613; x_wconf 87' lang='lat' dir='ltr'><strong>amicos</strong></span> <span class='ocrx_word' id='word_1_35' title='bbox 1817 563 2278 637; x_wconf 82' lang='lat' dir='ltr'><strong>oppugnarent.</strong></span> 
     </span>
    </p>

    <p class='ocr_par' dir='ltr' id='par_1_5' title="bbox 162 568 2283 734">
     <span class='ocr_line' id='line_1_5' title="bbox 162 568 2283 734; baseline 0.001 -37"><span class='ocrx_word' id='word_1_36' title='bbox 162 632 497 697; x_wconf 85' lang='lat' dir='ltr'><strong>Romanis</strong></span> <span class='ocrx_word' id='word_1_37' title='bbox 526 656 633 698; x_wconf 89' lang='lat' dir='ltr'><strong>eos</strong></span> <span class='ocrx_word' id='word_1_38' title='bbox 660 568 831 697; x_wconf 57' lang='lat' dir='ltr'><strong>bgllo</strong></span> <span class='ocrx_word' id='word_1_39' title='bbox 861 656 1138 721; x_wconf 90' lang='lat' dir='ltr'><strong>quoque,</strong></span> <span class='ocrx_word' id='word_1_40' title='bbox 1170 634 1221 699; x_wconf 86' lang='lat' dir='ltr'><strong>si</strong></span> <span class='ocrx_word' id='word_1_41' title='bbox 1262 656 1362 698; x_wconf 87' lang='lat' dir='ltr'><strong>res</strong></span> <span class='ocrx_word' id='word_1_42' title='bbox 1402 648 1605 734; x_wconf 78' lang='lat' dir='ltr'><strong>cogat,</strong></span> <span class='ocrx_word' id='word_1_43' title='bbox 1640 635 1908 700; x_wconf 89' lang='lat' dir='ltr'><strong>tuendos</strong></span> <span class='ocrx_word' id='word_1_44' title='bbox 1947 658 2121 699; x_wconf 83' lang='lat' dir='ltr'><strong>esse:</strong></span> <span class='ocrx_word' id='word_1_45' title='bbox 2171 636 2283 701; x_wconf 87' lang='lat' dir='ltr'><strong>sed</strong></span> 
     </span>
    </p>

    <p class='ocr_par' dir='ltr' id='par_1_6' title="bbox 158 718 2280 809">
     <span class='ocr_line' id='line_1_6' title="bbox 158 718 2280 809; baseline 0.002 -28"><span class='ocrx_word' id='word_1_46' title='bbox 158 718 411 783; x_wconf 87' lang='lat' dir='ltr'><strong>melius</strong></span> <span class='ocrx_word' id='word_1_47' title='bbox 438 720 662 797; x_wconf 85' lang='lat' dir='ltr'><strong>visum,</strong></span> <span class='ocrx_word' id='word_1_48' title='bbox 694 719 931 785; x_wconf 90' lang='lat' dir='ltr'><strong>bellum</strong></span> <span class='ocrx_word' id='word_1_49' title='bbox 972 720 1179 807; x_wconf 88' lang='lat' dir='ltr'><strong>ipsum</strong></span> <span class='ocrx_word' id='word_1_50' title='bbox 1224 743 1520 797; x_wconf 79' lang='lat' dir='ltr'><strong>amoveri,</strong></span> <span class='ocrx_word' id='word_1_51' title='bbox 1551 722 1604 785; x_wconf 94' lang='lat' dir='ltr'><strong>si</strong></span> <span class='ocrx_word' id='word_1_52' title='bbox 1639 735 1888 809; x_wconf 73' lang='lat' dir='ltr'><strong>possetz</strong></span> <span class='ocrx_word' id='word_1_53' title='bbox 1937 735 2005 786; x_wconf 88' lang='lat' dir='ltr'><strong>et</strong></span> <span class='ocrx_word' id='word_1_54' title='bbox 2039 720 2280 799; x_wconf 81' lang='lat' dir='ltr'>Gallos,</span> 
     </span>
    </p>

    <p class='ocr_par' dir='ltr' id='par_1_7' title="bbox 158 806 2509 893">
     <span class='ocr_line' id='line_1_7' title="bbox 158 806 2509 893; baseline 0.002 -25"><span class='ocrx_word' id='word_1_55' title='bbox 158 827 413 869; x_wconf 77' lang='lat' dir='ltr'><strong>novam</strong></span> <span class='ocrx_word' id='word_1_56' title='bbox 456 820 732 893; x_wconf 81' lang='lat' dir='ltr'><strong>gentem,</strong></span> <span class='ocrx_word' id='word_1_57' title='bbox 762 828 917 893; x_wconf 87' lang='lat' dir='ltr'><strong>pace</strong></span> <span class='ocrx_word' id='word_1_58' title='bbox 961 806 1173 893; x_wconf 89' lang='lat' dir='ltr'><strong>potius</strong></span> <span class='ocrx_word' id='word_1_59' title='bbox 1218 808 1532 893; x_wconf 81' lang='lat' dir='ltr'><strong>cognosci,</strong></span> <span class='ocrx_word' id='word_1_60' title='bbox 1565 830 1756 893; x_wconf 90' lang='lat' dir='ltr'><strong>quam</strong></span> <span class='ocrx_word' id='word_1_61' title='bbox 1801 810 2006 873; x_wconf 72' lang='lat' dir='ltr'><strong>armis</strong></span> <span class='ocrx_word' id='word_1_62' title='bbox 2100 808 2282 873; x_wconf 90' lang='lat' dir='ltr'><strong>Mitis</strong></span> <span class='ocrx_word' id='word_1_63' title='bbox 2403 811 2509 872; x_wconf 89' lang='grc'><strong>36.</strong></span> 
     </span>
    </p>

    <p class='ocr_par' dir='ltr' id='par_1_8' title="bbox 154 891 2284 992">
     <span class='ocr_line' id='line_1_8' title="bbox 154 891 2284 992; baseline 0.002 -37"><span class='ocrx_word' id='word_1_64' title='bbox 154 891 437 977; x_wconf 80' lang='lat' dir='ltr'><strong>legatiO,</strong></span> <span class='ocrx_word' id='word_1_65' title='bbox 473 894 540 956; x_wconf 91' lang='lat' dir='ltr'><strong>ni</strong></span> <span class='ocrx_word' id='word_1_66' title='bbox 580 892 969 992; x_wconf 83' lang='lat' dir='ltr'><strong>praeferoces</strong></span> <span class='ocrx_word' id='word_1_67' title='bbox 1008 893 1265 980; x_wconf 81' lang='lat' dir='ltr'><strong>legatos,</strong></span> <span class='ocrx_word' id='word_1_68' title='bbox 1303 891 1632 980; x_wconf 89' lang='lat' dir='ltr'><strong>Gallisque</strong></span> <span class='ocrx_word' id='word_1_69' title='bbox 1673 895 1872 981; x_wconf 85' lang='lat' dir='ltr'><strong>magis</strong></span> <span class='ocrx_word' id='word_1_70' title='bbox 1913 917 2104 981; x_wconf 85' lang='lat' dir='ltr'><strong>quam</strong></span> <span class='ocrx_word' id='word_1_71' title='bbox 2147 896 2284 960; x_wconf 86' lang='lat' dir='ltr'><strong>Ro-</strong></span> 
     </span>
    </p>

    <p class='ocr_par' dir='ltr' id='par_1_9' title="bbox 157 978 2286 1067">
     <span class='ocr_line' id='line_1_9' title="bbox 157 978 2286 1067; baseline 0.002 -26"><span class='ocrx_word' id='word_1_72' title='bbox 157 978 388 1041; x_wconf 88' lang='lat' dir='ltr'><strong>manis</strong></span> <span class='ocrx_word' id='word_1_73' title='bbox 458 979 711 1055; x_wconf 78' lang='lat' dir='ltr'><strong>sim1leS,</strong></span> <span class='ocrx_word' id='word_1_74' title='bbox 786 978 1121 1043; x_wconf 83' lang='lat' dir='ltr'><strong>habuisset.</strong></span> <span class='ocrx_word' id='word_1_75' title='bbox 1240 978 1511 1057; x_wconf 84' lang='lat' dir='ltr'><strong>Quibus,</strong></span> <span class='ocrx_word' id='word_1_76' title='bbox 1578 994 1915 1067; x_wconf 82' lang='lat' dir='ltr'><strong>postquam</strong></span> <span class='ocrx_word' id='word_1_77' title='bbox 1987 980 2286 1045; x_wconf 81' lang='lat' dir='ltr'><strong>mandata</strong></span> 
     </span>
    </p>

    <p class='ocr_par' dir='ltr' id='par_1_10' title="bbox 158 1064 2282 1153">
     <span class='ocr_line' id='line_1_10' title="bbox 158 1064 2282 1153; baseline 0.001 -24"><span class='ocrx_word' id='word_1_78' title='bbox 158 1064 524 1129; x_wconf 84' lang='lat' dir='ltr'><strong>ediderunt</strong></span> <span class='ocrx_word' id='word_1_79' title='bbox 568 1066 637 1128; x_wconf 90' lang='lat' dir='ltr'><strong>in</strong></span> <span class='ocrx_word' id='word_1_80' title='bbox 684 1065 955 1130; x_wconf 86' lang='lat' dir='ltr'><strong>concilio</strong></span> <span class='ocrx_word' id='word_1_81' title='bbox 999 1065 1351 1142; x_wconf 78' lang='lat' dir='ltr'><strong>Gallorum,</strong></span> <span class='ocrx_word' id='word_1_82' title='bbox 1401 1066 1592 1130; x_wconf 87' lang='lat' dir='ltr'><strong>datur</strong></span> <span class='ocrx_word' id='word_1_83' title='bbox 1636 1089 2046 1153; x_wconf 89' lang='lat' dir='ltr'><strong>responsum:</strong></span> <span class='ocrx_word' id='word_1_84' title='bbox 2101 1076 2120 1105; x_wconf 81' lang='lat'><strong><em>⁶</em></strong></span> <span class='ocrx_word' id='word_1_85' title='bbox 2143 1067 2282 1132; x_wconf 89' lang='lat' dir='ltr'><strong>Etsi</strong></span> 
     </span>
    </p>

    <p class='ocr_par' dir='ltr' id='par_1_11' title="bbox 162 1151 2286 1229">
     <span class='ocr_line' id='line_1_11' title="bbox 162 1151 2286 1229; baseline 0.002 -16"><span class='ocrx_word' id='word_1_86' title='bbox 162 1160 185 1187; x_wconf 92' lang='lat'>‘</span> <span class='ocrx_word' id='word_1_87' title='bbox 214 1172 463 1215; x_wconf 84' lang='lat' dir='ltr'><strong>novum</strong></span> <span class='ocrx_word' id='word_1_88' title='bbox 504 1173 739 1216; x_wconf 90' lang='lat' dir='ltr'><strong>nomen</strong></span> <span class='ocrx_word' id='word_1_89' title='bbox 780 1151 1043 1215; x_wconf 88' lang='lat' dir='ltr'><strong>audiant</strong></span> <span class='ocrx_word' id='word_1_90' title='bbox 1083 1152 1542 1229; x_wconf 87' lang='lat' dir='ltr'><strong>Romanorum,</strong></span> <span class='ocrx_word' id='word_1_91' title='bbox 1583 1166 1795 1215; x_wconf 86' lang='lat' dir='ltr'><strong>tamen</strong></span> <span class='ocrx_word' id='word_1_92' title='bbox 1833 1153 2088 1217; x_wconf 85' lang='lat' dir='ltr'><strong>credere</strong></span> <span class='ocrx_word' id='word_1_93' title='bbox 2118 1154 2286 1218; x_wconf 82' lang='lat' dir='ltr'><strong>viros</strong></span> 
     </span>
    </p>

    <p class='ocr_par' dir='ltr' id='par_1_12' title="bbox 162 1237 2286 1323">
     <span class='ocr_line' id='line_1_12' title="bbox 162 1237 2286 1323; baseline 0.001 -22"><span class='ocrx_word' id='word_1_94' title='bbox 162 1246 185 1274; x_wconf 90' lang='lat'>‘</span> <span class='ocrx_word' id='word_1_95' title='bbox 212 1237 421 1301; x_wconf 86' lang='lat' dir='ltr'><strong>fortes</strong></span> <span class='ocrx_word' id='word_1_96' title='bbox 458 1260 613 1313; x_wconf 80' lang='lat' dir='ltr'><strong>esse,</strong></span> <span class='ocrx_word' id='word_1_97' title='bbox 642 1259 917 1323; x_wconf 90' lang='lat' dir='ltr'><strong>quorum</strong></span> <span class='ocrx_word' id='word_1_98' title='bbox 956 1238 1263 1302; x_wconf 85' lang='lat' dir='ltr'><strong>auxilium</strong></span> <span class='ocrx_word' id='word_1_99' title='bbox 1298 1262 1337 1301; x_wconf 89' lang='lat' dir='ltr'><strong>a</strong></span> <span class='ocrx_word' id='word_1_100' title='bbox 1369 1238 1656 1303; x_wconf 83' lang='lat' dir='ltr'><strong>Clusinis</strong></span> <span class='ocrx_word' id='word_1_101' title='bbox 1695 1238 1762 1301; x_wconf 90' lang='lat' dir='ltr'><strong>in</strong></span> <span class='ocrx_word' id='word_1_102' title='bbox 1803 1260 1871 1303; x_wconf 88' lang='lat' dir='ltr'><strong>re</strong></span> <span class='ocrx_word' id='word_1_103' title='bbox 1918 1252 2010 1302; x_wconf 89' lang='lat' dir='ltr'><strong>tre</strong></span> <span class='ocrx_word' id='word_1_104' title='bbox 2059 1239 2164 1302; x_wconf 89' lang='lat' dir='ltr'><strong>ida</strong></span> <span class='ocrx_word' id='word_1_105' title='bbox 2203 1240 2286 1303; x_wconf 90' lang='lat' dir='ltr'><strong>sit</strong></span> 
     </span>
    </p>

    <p class='ocr_par' dir='ltr' id='par_1_13' title="bbox 162 1262 2282 1411">
     <span class='ocr_line' id='line_1_13' title="bbox 162 1262 2282 1411; baseline 0 -24"><span class='ocrx_word' id='word_1_106' title='bbox 162 1332 187 1361; x_wconf 88' lang='lat'>‘</span> <span class='ocrx_word' id='word_1_107' title='bbox 216 1322 649 1410; x_wconf 86' lang='lat' dir='ltr'><strong>imploratum.</strong></span> <span class='ocrx_word' id='word_1_108' title='bbox 716 1322 822 1401; x_wconf 89' lang='lat' dir='ltr'><strong>Et,</strong></span> <span class='ocrx_word' id='word_1_109' title='bbox 845 1324 1151 1411; x_wconf 90' lang='lat' dir='ltr'><strong>quoniam</strong></span> <span class='ocrx_word' id='word_1_110' title='bbox 1170 1324 1485 1411; x_wconf 78' lang='lat' dir='ltr'><strong>legatione</strong></span> <span class='ocrx_word' id='word_1_111' title='bbox 1510 1323 1808 1388; x_wconf 83' lang='lat' dir='ltr'><strong>adversus</strong></span> <span class='ocrx_word' id='word_1_112' title='bbox 1829 1346 1896 1388; x_wconf 85' lang='lat' dir='ltr'><strong>se</strong></span> <span class='ocrx_word' id='word_1_113' title='bbox 1922 1262 2282 1403; x_wconf 47' lang='lat' dir='ltr'><strong>maluerint,</strong></span> 
     </span>
    </p>

    <p class='ocr_par' dir='ltr' id='par_1_14' title="bbox 163 1410 2284 1497">
     <span class='ocr_line' id='line_1_14' title="bbox 163 1410 2284 1497; baseline 0 -23"><span class='ocrx_word' id='word_1_114' title='bbox 163 1419 186 1447; x_wconf 90' lang='lat'>‘</span> <span class='ocrx_word' id='word_1_115' title='bbox 216 1432 421 1495; x_wconf 85' lang='lat' dir='ltr'><strong>quam</strong></span> <span class='ocrx_word' id='word_1_116' title='bbox 466 1410 671 1486; x_wconf 84' lang='lat' dir='ltr'><strong>armis,</strong></span> <span class='ocrx_word' id='word_1_117' title='bbox 704 1410 869 1475; x_wconf 88' lang='lat' dir='ltr'><strong>tueri</strong></span> <span class='ocrx_word' id='word_1_118' title='bbox 912 1410 1131 1488; x_wconf 90' lang='lat' dir='ltr'><strong>socios,</strong></span> <span class='ocrx_word' id='word_1_119' title='bbox 1162 1433 1245 1475; x_wconf 91' lang='lat' dir='ltr'><strong>ne</strong></span> <span class='ocrx_word' id='word_1_120' title='bbox 1281 1433 1347 1474; x_wconf 90' lang='lat' dir='ltr'><strong>se</strong></span> <span class='ocrx_word' id='word_1_121' title='bbox 1379 1410 1642 1497; x_wconf 90' lang='lat' dir='ltr'><strong>quidem</strong></span> <span class='ocrx_word' id='word_1_122' title='bbox 1682 1432 1926 1496; x_wconf 83' lang='lat' dir='ltr'><strong>pacem,</strong></span> <span class='ocrx_word' id='word_1_123' title='bbox 1959 1433 2151 1497; x_wconf 85' lang='lat' dir='ltr'><strong>quam</strong></span> <span class='ocrx_word' id='word_1_124' title='bbox 2191 1410 2284 1475; x_wconf 91' lang='lat' dir='ltr'><strong>illi</strong></span> 
     </span>
    </p>

    <p class='ocr_par' dir='ltr' id='par_1_15' title="bbox 164 1496 2285 1585">
     <span class='ocr_line' id='line_1_15' title="bbox 164 1496 2285 1585; baseline 0 -25"><span class='ocrx_word' id='word_1_125' title='bbox 164 1505 188 1533; x_wconf 89' lang='lat'>‘</span> <span class='ocrx_word' id='word_1_126' title='bbox 214 1497 511 1573; x_wconf 83' lang='lat' dir='ltr'><strong>afferant,</strong></span> <span class='ocrx_word' id='word_1_127' title='bbox 552 1496 890 1583; x_wconf 88' lang='lat' dir='ltr'><strong>aspernari,</strong></span> <span class='ocrx_word' id='word_1_128' title='bbox 930 1497 983 1561; x_wconf 90' lang='lat' dir='ltr'><strong>si</strong></span> <span class='ocrx_word' id='word_1_129' title='bbox 1017 1496 1238 1574; x_wconf 85' lang='lat' dir='ltr'><strong>Gallis,</strong></span> <span class='ocrx_word' id='word_1_130' title='bbox 1280 1498 1616 1583; x_wconf 84' lang='lat' dir='ltr'><strong>egentibus</strong></span> <span class='ocrx_word' id='word_1_131' title='bbox 1659 1518 1827 1585; x_wconf 88' lang='lat' dir='ltr'><strong>agro,</strong></span> <span class='ocrx_word' id='word_1_132' title='bbox 1859 1518 2052 1583; x_wconf 90' lang='lat' dir='ltr'><strong>quem</strong></span> <span class='ocrx_word' id='word_1_133' title='bbox 2097 1497 2285 1561; x_wconf 86' lang='lat' dir='ltr'><strong>latius</strong></span> 
     </span>
    </p>

    <p class='ocr_par' dir='ltr' id='par_1_16' title="bbox 166 1581 2285 1670">
     <span class='ocr_line' id='line_1_16' title="bbox 166 1581 2285 1670; baseline 0 -23"><span class='ocrx_word' id='word_1_134' title='bbox 166 1591 189 1619; x_wconf 90' lang='lat'>‘</span> <span class='ocrx_word' id='word_1_135' title='bbox 216 1581 611 1670; x_wconf 71' lang='lat' dir='ltr'><strong>possideant,</strong></span> <span class='ocrx_word' id='word_1_136' title='bbox 664 1606 857 1670; x_wconf 89' lang='lat' dir='ltr'><strong>quam</strong></span> <span class='ocrx_word' id='word_1_137' title='bbox 916 1582 1145 1660; x_wconf 79' lang='lat' dir='ltr'><strong>colant,</strong></span> <span class='ocrx_word' id='word_1_138' title='bbox 1212 1582 1483 1661; x_wconf 89' lang='lat' dir='ltr'><strong>Clusini,</strong></span> <span class='ocrx_word' id='word_1_139' title='bbox 1545 1596 1788 1670; x_wconf 86' lang='lat' dir='ltr'><strong>partem</strong></span> <span class='ocrx_word' id='word_1_140' title='bbox 1847 1583 2075 1647; x_wconf 88' lang='lat' dir='ltr'><strong>finium</strong></span> <span class='ocrx_word' id='word_1_141' title='bbox 2131 1606 2285 1649; x_wconf 88' lang='lat' dir='ltr'><strong>con-</strong></span> 
     </span>
    </p>

    <p class='ocr_par' dir='ltr' id='par_1_17' title="bbox 166 1669 2286 1770">
     <span class='ocr_line' id='line_1_17' title="bbox 166 1669 2286 1770; baseline 0 -37"><span class='ocrx_word' id='word_1_142' title='bbox 166 1678 191 1707; x_wconf 88' lang='lat'>‘</span> <span class='ocrx_word' id='word_1_143' title='bbox 216 1669 497 1733; x_wconf 78' lang='lat' dir='ltr'><strong>cedant:</strong></span> <span class='ocrx_word' id='word_1_144' title='bbox 546 1669 729 1734; x_wconf 86' lang='lat' dir='ltr'><strong>aliter</strong></span> <span class='ocrx_word' id='word_1_145' title='bbox 755 1692 977 1756; x_wconf 86' lang='lat' dir='ltr'><strong>pacem</strong></span> <span class='ocrx_word' id='word_1_146' title='bbox 1006 1671 1329 1757; x_wconf 87' lang='lat' dir='ltr'><strong>impetrari</strong></span> <span class='ocrx_word' id='word_1_147' title='bbox 1357 1692 1487 1734; x_wconf 91' lang='lat' dir='ltr'><strong>non</strong></span> <span class='ocrx_word' id='word_1_148' title='bbox 1519 1692 1716 1770; x_wconf 84' lang='lat' dir='ltr'><strong>posse.</strong></span> <span class='ocrx_word' id='word_1_149' title='bbox 1797 1670 1886 1734; x_wconf 91' lang='lat' dir='ltr'><strong>Et</strong></span> <span class='ocrx_word' id='word_1_150' title='bbox 1911 1690 2286 1757; x_wconf 88' lang='lat' dir='ltr'><strong>responsum</strong></span> 
     </span>
    </p>

    <p class='ocr_par' dir='ltr' id='par_1_18' title="bbox 166 1755 2285 1857">
     <span class='ocr_line' id='line_1_18' title="bbox 166 1755 2285 1857; baseline 0 -37"><span class='ocrx_word' id='word_1_151' title='bbox 166 1764 191 1793; x_wconf 90' lang='lat'>‘</span> <span class='ocrx_word' id='word_1_152' title='bbox 216 1777 443 1820; x_wconf 88' lang='lat' dir='ltr'><strong>coram</strong></span> <span class='ocrx_word' id='word_1_153' title='bbox 474 1755 781 1821; x_wconf 89' lang='lat' dir='ltr'><strong>Romanis</strong></span> <span class='ocrx_word' id='word_1_154' title='bbox 810 1756 1093 1857; x_wconf 83' lang='lat' dir='ltr'><strong>accipere</strong></span> <span class='ocrx_word' id='word_1_155' title='bbox 1122 1756 1284 1821; x_wconf 85' lang='lat' dir='ltr'><strong>velle</strong></span> <span class='ocrx_word' id='word_1_156' title='bbox 1309 1780 1325 1820; x_wconf 70' lang='grc' dir='ltr'><em>ε</em></span> <span class='ocrx_word' id='word_1_157' title='bbox 1374 1770 1457 1834; x_wconf 89' lang='lat' dir='ltr'><strong>et,</strong></span> <span class='ocrx_word' id='word_1_158' title='bbox 1488 1779 1540 1820; x_wconf 82' lang='lat' dir='ltr'><strong>si</strong></span> <span class='ocrx_word' id='word_1_159' title='bbox 1577 1769 1846 1843; x_wconf 78' lang='lat' dir='ltr'><strong>negetur</strong></span> <span class='ocrx_word' id='word_1_160' title='bbox 1873 1778 2042 1844; x_wconf 87' lang='lat' dir='ltr'><strong>ager,</strong></span> <span class='ocrx_word' id='word_1_161' title='bbox 2074 1778 2285 1821; x_wconf 84' lang='lat' dir='ltr'><strong>coram</strong></span> 
     </span>
    </p>

    <p class='ocr_par' dir='ltr' id='par_1_19' title="bbox 168 1842 2282 1930">
     <span class='ocr_line' id='line_1_19' title="bbox 168 1842 2282 1930; baseline 0 -24"><span class='ocrx_word' id='word_1_162' title='bbox 168 1852 193 1881; x_wconf 79' lang='lat'><strong><em>⁶</em></strong></span> <span class='ocrx_word' id='word_1_163' title='bbox 218 1842 453 1907; x_wconf 86' lang='lat' dir='ltr'><strong>iisdem</strong></span> <span class='ocrx_word' id='word_1_164' title='bbox 490 1842 795 1907; x_wconf 86' lang='lat' dir='ltr'><strong>Romanis</strong></span> <span class='ocrx_word' id='word_1_165' title='bbox 824 1843 1248 1920; x_wconf 84' lang='lat' dir='ltr'><strong>ditmcaturos,</strong></span> <span class='ocrx_word' id='word_1_166' title='bbox 1279 1855 1353 1907; x_wconf 89' lang='lat' dir='ltr'><strong>ut</strong></span> <span class='ocrx_word' id='word_1_167' title='bbox 1390 1844 1682 1908; x_wconf 87' lang='lat' dir='ltr'><strong>nuntiare</strong></span> <span class='ocrx_word' id='word_1_168' title='bbox 1713 1842 1976 1908; x_wconf 90' lang='lat' dir='ltr'><strong>domum</strong></span> <span class='ocrx_word' id='word_1_169' title='bbox 2005 1856 2282 1930; x_wconf 83' lang='lat' dir='ltr'><strong>possent,</strong></span> 
     </span>
    </p>

    <p class='ocr_par' dir='ltr' id='par_1_20' title="bbox 170 1928 2288 2016">
     <span class='ocr_line' id='line_1_20' title="bbox 170 1928 2288 2016; baseline 0 -23"><span class='ocrx_word' id='word_1_170' title='bbox 170 1939 193 1967; x_wconf 90' lang='lat'>‘</span> <span class='ocrx_word' id='word_1_171' title='bbox 218 1942 543 2016; x_wconf 89' lang='lat' dir='ltr'><strong>quantum</strong></span> <span class='ocrx_word' id='word_1_172' title='bbox 566 1928 739 1995; x_wconf 83' lang='lat' dir='ltr'><strong>Galli</strong></span> <span class='ocrx_word' id='word_1_173' title='bbox 756 1930 990 1994; x_wconf 84' lang='lat' dir='ltr'><strong>virtute</strong></span> <span class='ocrx_word' id='word_1_174' title='bbox 1010 1942 1253 1994; x_wconf 89' lang='lat' dir='ltr'><strong>ceteros</strong></span> <span class='ocrx_word' id='word_1_175' title='bbox 1274 1930 1570 1994; x_wconf 77' lang='lat' dir='ltr'><strong>mortales</strong></span> <span class='ocrx_word' id='word_1_176' title='bbox 1593 1942 1998 2016; x_wconf 79' lang='lat' dir='ltr'><strong>praestarent.</strong></span> <span class='ocrx_word' id='word_1_177' title='bbox 2060 1929 2288 2004; x_wconf 83' lang='lat' dir='ltr'><strong>Quod-</strong></span> 
     </span>
    </p>

    <p class='ocr_par' dir='ltr' id='par_1_21' title="bbox 170 2014 2288 2103">
     <span class='ocr_line' id='line_1_21' title="bbox 170 2014 2288 2103; baseline 0 -24"><span class='ocrx_word' id='word_1_178' title='bbox 170 2026 193 2053; x_wconf 90' lang='lat'>‘</span> <span class='ocrx_word' id='word_1_179' title='bbox 220 2038 381 2079; x_wconf 86' lang='lat' dir='ltr'><strong>nam</strong></span> <span class='ocrx_word' id='word_1_180' title='bbox 410 2014 479 2078; x_wconf 92' lang='lat' dir='ltr'><strong>id</strong></span> <span class='ocrx_word' id='word_1_181' title='bbox 508 2017 606 2080; x_wconf 92' lang='lat' dir='ltr'><strong>ius</strong></span> <span class='ocrx_word' id='word_1_182' title='bbox 636 2029 817 2094; x_wconf 88' lang='lat' dir='ltr'><strong>esset,</strong></span> <span class='ocrx_word' id='word_1_183' title='bbox 850 2038 1073 2103; x_wconf 84' lang='lat' dir='ltr'><strong>agrum</strong></span> <span class='ocrx_word' id='word_1_184' title='bbox 1103 2039 1142 2080; x_wconf 88' lang='lat' dir='ltr'><strong>a</strong></span> <span class='ocrx_word' id='word_1_185' title='bbox 1166 2017 1626 2103; x_wconf 84' lang='lat' dir='ltr'><strong>possessoribus</strong></span> <span class='ocrx_word' id='word_1_186' title='bbox 1654 2030 1892 2103; x_wconf 89' lang='lat' dir='ltr'><strong>petere,</strong></span> <span class='ocrx_word' id='word_1_187' title='bbox 1919 2030 2030 2080; x_wconf 88' lang='lat' dir='ltr'><strong>aut</strong></span> <span class='ocrx_word' id='word_1_188' title='bbox 2059 2016 2288 2079; x_wconf 88' lang='lat' dir='ltr'><strong>minari</strong></span> 
     </span>
    </p>

    <p class='ocr_par' dir='ltr' id='par_1_22' title="bbox 172 2101 2288 2189">
     <span class='ocr_line' id='line_1_22' title="bbox 172 2101 2288 2189; baseline -0 -23"><span class='ocrx_word' id='word_1_189' title='bbox 172 2112 195 2141; x_wconf 92' lang='lat'>‘</span> <span class='ocrx_word' id='word_1_190' title='bbox 222 2124 407 2166; x_wconf 84' lang='lat' dir='ltr'><strong>arma</strong></span> <span class='ocrx_word' id='word_1_191' title='bbox 427 2102 483 2164; x_wconf 79' lang='lat'><strong>?’</strong></span> <span class='ocrx_word' id='word_1_192' title='bbox 574 2103 882 2167; x_wconf 83' lang='lat' dir='ltr'><strong>Romanis</strong></span> <span class='ocrx_word' id='word_1_193' title='bbox 917 2104 1387 2189; x_wconf 82' lang='lat' dir='ltr'><strong>quaerentibus,</strong></span> <span class='ocrx_word' id='word_1_194' title='bbox 1430 2116 1516 2179; x_wconf 91' lang='lat' dir='ltr'><strong>et,</strong></span> <span class='ocrx_word' id='word_1_195' title='bbox 1565 2111 1584 2141; x_wconf 86' lang='lat'>‘</span> <span class='ocrx_word' id='word_1_196' title='bbox 1605 2102 1766 2189; x_wconf 92' lang='lat' dir='ltr'><strong>quid</strong></span> <span class='ocrx_word' id='word_1_197' title='bbox 1809 2104 1877 2165; x_wconf 91' lang='lat' dir='ltr'><strong>in</strong></span> <span class='ocrx_word' id='word_1_198' title='bbox 1909 2101 2167 2166; x_wconf 87' lang='lat' dir='ltr'><strong>Etruria</strong></span> <span class='ocrx_word' id='word_1_199' title='bbox 2193 2102 2288 2167; x_wconf 89' lang='lat' dir='ltr'><strong>rei</strong></span> 
     </span>
    </p>

    <p class='ocr_par' dir='ltr' id='par_1_23' title="bbox 174 2187 2290 2276">
     <span class='ocr_line' id='line_1_23' title="bbox 174 2187 2290 2276; baseline 0 -25"><span class='ocrx_word' id='word_1_200' title='bbox 174 2200 195 2227; x_wconf 92' lang='lat'>‘</span> <span class='ocrx_word' id='word_1_201' title='bbox 230 2187 443 2251; x_wconf 88' lang='lat' dir='ltr'><strong>Gallis</strong></span> <span class='ocrx_word' id='word_1_202' title='bbox 470 2201 631 2253; x_wconf 87' lang='lat' dir='ltr'><strong>esset</strong></span> <span class='ocrx_word' id='word_1_203' title='bbox 654 2190 711 2253; x_wconf 58' lang='grc' dir='ltr'><strong>θ’</strong></span> <span class='ocrx_word' id='word_1_204' title='bbox 746 2210 947 2276; x_wconf 89' lang='lat' dir='ltr'><strong>quum</strong></span> <span class='ocrx_word' id='word_1_205' title='bbox 976 2188 1070 2252; x_wconf 90' lang='lat' dir='ltr'><strong>illi</strong></span> <span class='ocrx_word' id='word_1_206' title='bbox 1103 2198 1121 2226; x_wconf 89' lang='lat'>‘</span> <span class='ocrx_word' id='word_1_207' title='bbox 1142 2212 1209 2253; x_wconf 90' lang='lat' dir='ltr'><strong>se</strong></span> <span class='ocrx_word' id='word_1_208' title='bbox 1240 2190 1308 2253; x_wconf 90' lang='lat' dir='ltr'><strong>in</strong></span> <span class='ocrx_word' id='word_1_209' title='bbox 1337 2189 1528 2253; x_wconf 86' lang='lat' dir='ltr'><strong>armis</strong></span> <span class='ocrx_word' id='word_1_210' title='bbox 1555 2188 1655 2251; x_wconf 91' lang='lat' dir='ltr'><strong>ius</strong></span> <span class='ocrx_word' id='word_1_211' title='bbox 1681 2187 1844 2251; x_wconf 86' lang='lat' dir='ltr'><strong>ferre</strong></span> <span class='ocrx_word' id='word_1_212' title='bbox 1869 2189 1906 2250; x_wconf 85' lang='lat'><strong>:&#39;</strong></span> <span class='ocrx_word' id='word_1_213' title='bbox 1935 2200 2004 2251; x_wconf 88' lang='lat' dir='ltr'><strong>et</strong></span> <span class='ocrx_word' id='word_1_214' title='bbox 2039 2197 2057 2226; x_wconf 93' lang='lat'>‘</span> <span class='ocrx_word' id='word_1_215' title='bbox 2075 2189 2290 2253; x_wconf 88' lang='lat' dir='ltr'><strong>omnia</strong></span> 
     </span>
    </p>

    <p class='ocr_par' dir='ltr' id='par_1_24' title="bbox 176 2274 2284 2352">
     <span class='ocr_line' id='line_1_24' title="bbox 176 2274 2284 2352; baseline 0 -14"><span class='ocrx_word' id='word_1_216' title='bbox 176 2286 199 2315; x_wconf 92' lang='lat'>‘</span> <span class='ocrx_word' id='word_1_217' title='bbox 226 2274 491 2339; x_wconf 84' lang='lat' dir='ltr'><strong>sortium</strong></span> <span class='ocrx_word' id='word_1_218' title='bbox 514 2276 791 2340; x_wconf 85' lang='lat' dir='ltr'><strong>virorum</strong></span> <span class='ocrx_word' id='word_1_219' title='bbox 814 2276 990 2352; x_wconf 89' lang='lat' dir='ltr'><strong>esse,’</strong></span> <span class='ocrx_word' id='word_1_220' title='bbox 1011 2276 1305 2340; x_wconf 87' lang='lat' dir='ltr'><strong>ferociter</strong></span> <span class='ocrx_word' id='word_1_221' title='bbox 1326 2275 1634 2351; x_wconf 88' lang='lat' dir='ltr'><strong>dicerent,</strong></span> <span class='ocrx_word' id='word_1_222' title='bbox 1659 2274 1937 2338; x_wconf 87' lang='lat' dir='ltr'><strong>accensis</strong></span> <span class='ocrx_word' id='word_1_223' title='bbox 1961 2274 2155 2338; x_wconf 88' lang='lat' dir='ltr'><strong>utrim</strong></span> <span class='ocrx_word' id='word_1_224' title='bbox 2202 2296 2284 2338; x_wconf 91' lang='lat' dir='ltr'><strong>ue</strong></span> 
     </span>
    </p>

    <p class='ocr_par' dir='ltr' id='par_1_25' title="bbox 172 2297 2614 2447">
     <span class='ocr_line' id='line_1_25' title="bbox 172 2297 2614 2447; baseline 0 -20"><span class='ocrx_word' id='word_1_225' title='bbox 172 2361 419 2427; x_wconf 84' lang='lat' dir='ltr'><strong>animis</strong></span> <span class='ocrx_word' id='word_1_226' title='bbox 463 2361 545 2426; x_wconf 87' lang='lat' dir='ltr'><strong>ad</strong></span> <span class='ocrx_word' id='word_1_227' title='bbox 592 2383 766 2425; x_wconf 82' lang='lat' dir='ltr'><strong>anna</strong></span> <span class='ocrx_word' id='word_1_228' title='bbox 802 2362 1193 2439; x_wconf 86' lang='lat' dir='ltr'><strong>discurritur,</strong></span> <span class='ocrx_word' id='word_1_229' title='bbox 1240 2374 1305 2426; x_wconf 91' lang='lat' dir='ltr'><strong>et</strong></span> <span class='ocrx_word' id='word_1_230' title='bbox 1350 2360 1664 2447; x_wconf 86' lang='lat' dir='ltr'><strong>proelium</strong></span> <span class='ocrx_word' id='word_1_231' title='bbox 1704 2361 2070 2425; x_wconf 88' lang='lat' dir='ltr'><strong>conseritur.</strong></span> <span class='ocrx_word' id='word_1_232' title='bbox 2155 2297 2284 2437; x_wconf 51' lang='lat' dir='ltr'><strong>(ibi,</strong></span> <span class='ocrx_word' id='word_1_233' title='bbox 2307 2375 2478 2439; x_wconf 73' lang='lat' dir='ltr'><strong>Legati</strong></span> <span class='ocrx_word' id='word_1_234' title='bbox 2502 2393 2614 2427; x_wconf 85' lang='lat' dir='ltr'><strong>con·</strong></span> 
     </span>
    </p>

    <p class='ocr_par' dir='ltr' id='par_1_26' title="bbox 176 2440 2579 2535">
     <span class='ocr_line' id='line_1_26' title="bbox 176 2440 2579 2535; baseline -0.001 -22"><span class='ocrx_word' id='word_1_235' title='bbox 176 2451 316 2513; x_wconf 85' lang='lat' dir='ltr'><strong>iam</strong></span> <span class='ocrx_word' id='word_1_236' title='bbox 365 2449 737 2535; x_wconf 84' lang='lat' dir='ltr'><strong>urgentibus</strong></span> <span class='ocrx_word' id='word_1_237' title='bbox 782 2449 1141 2513; x_wconf 85' lang='lat' dir='ltr'><strong>Romanam</strong></span> <span class='ocrx_word' id='word_1_238' title='bbox 1194 2449 1416 2511; x_wconf 87' lang='lat' dir='ltr'><strong>urbem</strong></span> <span class='ocrx_word' id='word_1_239' title='bbox 1462 2447 1627 2524; x_wconf 86' lang='lat' dir='ltr'><strong>fatis,</strong></span> <span class='ocrx_word' id='word_1_240' title='bbox 1676 2446 1870 2533; x_wconf 87' lang='lat' dir='ltr'><strong>legati</strong></span> <span class='ocrx_word' id='word_1_241' title='bbox 1915 2459 2138 2510; x_wconf 87' lang='lat' dir='ltr'><strong>contra</strong></span> <span class='ocrx_word' id='word_1_242' title='bbox 2187 2447 2288 2511; x_wconf 91' lang='lat' dir='ltr'><strong>ius</strong></span> <span class='ocrx_word' id='word_1_243' title='bbox 2305 2446 2380 2488; x_wconf 70' lang='lat'><strong>¹³¹⁸</strong></span> <span class='ocrx_word' id='word_1_244' title='bbox 2405 2440 2579 2489; x_wconf 63' lang='lat' dir='ltr'>(³⁸¹¹OE</span> 
     </span>
    </p>

    <p class='ocr_par' dir='ltr' id='par_1_27' title="bbox 174 2519 2538 2631">
     <span class='ocr_line' id='line_1_27' title="bbox 174 2519 2538 2631; baseline 0 -34"><span class='ocrx_word' id='word_1_245' title='bbox 174 2534 478 2623; x_wconf 82' lang='lat' dir='ltr'><strong>gentium</strong></span> <span class='ocrx_word' id='word_1_246' title='bbox 508 2556 682 2600; x_wconf 87' lang='lat' dir='ltr'><strong>arma</strong></span> <span class='ocrx_word' id='word_1_247' title='bbox 708 2535 1001 2622; x_wconf 82' lang='lat' dir='ltr'><strong>capiunt=</strong></span> <span class='ocrx_word' id='word_1_248' title='bbox 1050 2556 1169 2598; x_wconf 91' lang='lat' dir='ltr'><strong>nec</strong></span> <span class='ocrx_word' id='word_1_249' title='bbox 1201 2534 1267 2597; x_wconf 91' lang='lat' dir='ltr'><strong>id</strong></span> <span class='ocrx_word' id='word_1_250' title='bbox 1297 2533 1461 2598; x_wconf 87' lang='lat' dir='ltr'><strong>clam</strong></span> <span class='ocrx_word' id='word_1_251' title='bbox 1490 2555 1626 2597; x_wconf 84' lang='lat' dir='ltr'><strong>esse</strong></span> <span class='ocrx_word' id='word_1_252' title='bbox 1657 2533 1884 2631; x_wconf 83' lang='lat' dir='ltr'><strong>potuit,</strong></span> <span class='ocrx_word' id='word_1_253' title='bbox 1907 2554 2110 2618; x_wconf 89' lang='lat' dir='ltr'><strong>quum</strong></span> <span class='ocrx_word' id='word_1_254' title='bbox 2139 2544 2288 2597; x_wconf 86' lang='lat' dir='ltr'><strong>ante</strong></span> <span class='ocrx_word' id='word_1_255' title='bbox 2304 2519 2538 2631; x_wconf 35' lang='lat' dir='ltr'><strong>fflnm‘</strong></span> 
     </span>
    </p>

    <p class='ocr_par' dir='ltr' id='par_1_28' title="bbox 176 2618 2288 2708">
     <span class='ocr_line' id='line_1_28' title="bbox 176 2618 2288 2708; baseline -0 -23"><span class='ocrx_word' id='word_1_256' title='bbox 176 2622 373 2708; x_wconf 87' lang='lat' dir='ltr'><strong>signa</strong></span> <span class='ocrx_word' id='word_1_257' title='bbox 416 2620 827 2686; x_wconf 87' lang='lat' dir='ltr'><strong>Etruscorum</strong></span> <span class='ocrx_word' id='word_1_258' title='bbox 870 2634 999 2685; x_wconf 89' lang='lat' dir='ltr'><strong>tres</strong></span> <span class='ocrx_word' id='word_1_259' title='bbox 1042 2620 1417 2685; x_wconf 89' lang='lat' dir='ltr'><strong>nobilissimi</strong></span> <span class='ocrx_word' id='word_1_260' title='bbox 1458 2619 1912 2705; x_wconf 75' lang='lat' dir='ltr'><strong>fortissimique</strong></span> <span class='ocrx_word' id='word_1_261' title='bbox 1958 2618 2288 2684; x_wconf 86' lang='lat' dir='ltr'><strong>Romanae</strong></span> 
     </span>
    </p>

    <p class='ocr_par' dir='ltr' id='par_1_29' title="bbox 178 2704 2286 2795">
     <span class='ocr_line' id='line_1_29' title="bbox 178 2704 2286 2795; baseline -0.001 -24"><span class='ocrx_word' id='word_1_262' title='bbox 178 2708 537 2772; x_wconf 74' lang='lat' dir='ltr'><strong>iuventutis</strong></span> <span class='ocrx_word' id='word_1_263' title='bbox 570 2722 945 2795; x_wconf 80' lang='lat' dir='ltr'><strong>pugnarent.</strong></span> <span class='ocrx_word' id='word_1_264' title='bbox 1038 2707 1323 2771; x_wconf 90' lang='lat' dir='ltr'><strong>Tantum</strong></span> <span class='ocrx_word' id='word_1_265' title='bbox 1358 2706 1682 2771; x_wconf 86' lang='lat' dir='ltr'><strong>eminebat</strong></span> <span class='ocrx_word' id='word_1_266' title='bbox 1709 2706 2046 2793; x_wconf 86' lang='lat' dir='ltr'><strong>peregrina</strong></span> <span class='ocrx_word' id='word_1_267' title='bbox 2072 2704 2286 2769; x_wconf 84' lang='lat' dir='ltr'><strong>virtus.</strong></span> 
     </span>
    </p>

    <p class='ocr_par' dir='ltr' id='par_1_30' title="bbox 120 2791 2290 2880">
     <span class='ocr_line' id='line_1_30' title="bbox 120 2791 2290 2880; baseline 0 -25"><span class='ocrx_word' id='word_1_268' title='bbox 120 2808 157 2855; x_wconf 85' lang='lat'>8</span> <span class='ocrx_word' id='word_1_269' title='bbox 186 2794 379 2868; x_wconf 84' lang='lat' dir='ltr'><strong>Quin</strong></span> <span class='ocrx_word' id='word_1_270' title='bbox 420 2795 613 2859; x_wconf 88' lang='lat' dir='ltr'><strong>etiam</strong></span> <span class='ocrx_word' id='word_1_271' title='bbox 660 2796 743 2869; x_wconf 78' lang='lat' dir='ltr'><strong>Q.</strong></span> <span class='ocrx_word' id='word_1_272' title='bbox 770 2794 1019 2870; x_wconf 83' lang='lat' dir='ltr'><strong>Fabius,</strong></span> <span class='ocrx_word' id='word_1_273' title='bbox 1062 2806 1319 2858; x_wconf 82' lang='lat' dir='ltr'><strong>evectus</strong></span> <span class='ocrx_word' id='word_1_274' title='bbox 1362 2805 1546 2857; x_wconf 80' lang='lat' dir='ltr'><strong>extra</strong></span> <span class='ocrx_word' id='word_1_275' title='bbox 1587 2792 1788 2856; x_wconf 86' lang='lat' dir='ltr'><strong>aciem</strong></span> <span class='ocrx_word' id='word_1_276' title='bbox 1833 2814 2020 2880; x_wconf 90' lang='lat' dir='ltr'><strong>equo,</strong></span> <span class='ocrx_word' id='word_1_277' title='bbox 2058 2791 2290 2856; x_wconf 87' lang='lat' dir='ltr'><strong>ducem</strong></span> 
     </span>
    </p>

    <p class='ocr_par' dir='ltr' id='par_1_31' title="bbox 184 2879 2288 2968">
     <span class='ocr_line' id='line_1_31' title="bbox 184 2879 2288 2968; baseline -0.002 -23"><span class='ocrx_word' id='word_1_278' title='bbox 184 2880 548 2957; x_wconf 85' lang='lat' dir='ltr'><strong>Gallorum,</strong></span> <span class='ocrx_word' id='word_1_279' title='bbox 578 2881 874 2945; x_wconf 87' lang='lat' dir='ltr'><strong>ferociter</strong></span> <span class='ocrx_word' id='word_1_280' title='bbox 910 2881 975 2943; x_wconf 89' lang='lat' dir='ltr'><strong>in</strong></span> <span class='ocrx_word' id='word_1_281' title='bbox 1009 2883 1146 2968; x_wconf 89' lang='lat' dir='ltr'><strong>ipsa</strong></span> <span class='ocrx_word' id='word_1_282' title='bbox 1183 2880 1365 2966; x_wconf 83' lang='lat' dir='ltr'><strong>signa</strong></span> <span class='ocrx_word' id='word_1_283' title='bbox 1395 2880 1808 2943; x_wconf 88' lang='lat' dir='ltr'><strong>Etruscorum</strong></span> <span class='ocrx_word' id='word_1_284' title='bbox 1839 2879 2288 2955; x_wconf 86' lang='lat' dir='ltr'><strong>incursantem,</strong></span> 
     </span>
    </p>

    <p class='ocr_par' dir='ltr' id='par_1_32' title="bbox 176 2965 2288 3055">
     <span class='ocr_line' id='line_1_32' title="bbox 176 2965 2288 3055; baseline 0 -26"><span class='ocrx_word' id='word_1_285' title='bbox 176 2990 307 3055; x_wconf 89' lang='lat' dir='ltr'><strong>per</strong></span> <span class='ocrx_word' id='word_1_286' title='bbox 335 2966 499 3031; x_wconf 87' lang='lat' dir='ltr'><strong>latus</strong></span> <span class='ocrx_word' id='word_1_287' title='bbox 528 2968 899 3031; x_wconf 82' lang='lat' dir='ltr'><strong>transfixum</strong></span> <span class='ocrx_word' id='word_1_288' title='bbox 923 2966 1120 3043; x_wconf 84' lang='lat' dir='ltr'><strong>hasta,</strong></span> <span class='ocrx_word' id='word_1_289' title='bbox 1147 2966 1410 3031; x_wconf 90' lang='lat' dir='ltr'><strong>occidit:</strong></span> <span class='ocrx_word' id='word_1_290' title='bbox 1445 2965 1772 3053; x_wconf 87' lang='lat' dir='ltr'><strong>spoliaque</strong></span> <span class='ocrx_word' id='word_1_291' title='bbox 1803 2966 1940 3029; x_wconf 91' lang='lat' dir='ltr'><strong>eius</strong></span> <span class='ocrx_word' id='word_1_292' title='bbox 1970 2965 2288 3053; x_wconf 86' lang='lat' dir='ltr'><strong>legentem</strong></span> 
     </span>
    </p>

    <p class='ocr_par' dir='ltr' id='par_1_33' title="bbox 183 3052 2289 3141">
     <span class='ocr_line' id='line_1_33' title="bbox 183 3052 2289 3141; baseline -0.001 -23"><span class='ocrx_word' id='word_1_293' title='bbox 183 3052 373 3118; x_wconf 87' lang='lat' dir='ltr'><strong>Galli</strong></span> <span class='ocrx_word' id='word_1_294' title='bbox 409 3076 741 3141; x_wconf 85' lang='lat' dir='ltr'><strong>agnovere,</strong></span> <span class='ocrx_word' id='word_1_295' title='bbox 782 3075 1024 3141; x_wconf 89' lang='lat' dir='ltr'><strong>perque</strong></span> <span class='ocrx_word' id='word_1_296' title='bbox 1079 3066 1277 3117; x_wconf 89' lang='lat' dir='ltr'><strong>totam</strong></span> <span class='ocrx_word' id='word_1_297' title='bbox 1328 3054 1550 3130; x_wconf 89' lang='lat' dir='ltr'><strong>aciem,</strong></span> <span class='ocrx_word' id='word_1_298' title='bbox 1595 3053 1961 3117; x_wconf 88' lang='lat' dir='ltr'><strong>Romanum</strong></span> <span class='ocrx_word' id='word_1_299' title='bbox 2006 3052 2289 3139; x_wconf 87' lang='lat' dir='ltr'><strong>legatum</strong></span> 
     </span>
    </p>

    <p class='ocr_par' dir='ltr' id='par_1_34' title="bbox 120 3137 2289 3227">
     <span class='ocr_line' id='line_1_34' title="bbox 120 3137 2289 3227; baseline -0.002 -22"><span class='ocrx_word' id='word_1_300' title='bbox 120 3164 159 3212; x_wconf 90' lang='lat'>9</span> <span class='ocrx_word' id='word_1_301' title='bbox 178 3162 349 3216; x_wconf 86' lang='lat' dir='ltr'><strong>esse,</strong></span> <span class='ocrx_word' id='word_1_302' title='bbox 378 3141 631 3227; x_wconf 88' lang='lat' dir='ltr'><strong>signum</strong></span> <span class='ocrx_word' id='word_1_303' title='bbox 662 3140 883 3205; x_wconf 88' lang='lat' dir='ltr'><strong>datum</strong></span> <span class='ocrx_word' id='word_1_304' title='bbox 916 3153 1029 3204; x_wconf 89' lang='lat' dir='ltr'><strong>est.</strong></span> <span class='ocrx_word' id='word_1_305' title='bbox 1124 3138 1375 3205; x_wconf 88' lang='lat' dir='ltr'><strong>Omissa</strong></span> <span class='ocrx_word' id='word_1_306' title='bbox 1413 3139 1566 3203; x_wconf 90' lang='lat' dir='ltr'><strong>inde</strong></span> <span class='ocrx_word' id='word_1_307' title='bbox 1607 3140 1676 3201; x_wconf 90' lang='lat' dir='ltr'><strong>in</strong></span> <span class='ocrx_word' id='word_1_308' title='bbox 1709 3137 2009 3203; x_wconf 90' lang='lat' dir='ltr'><strong>Clusinos</strong></span> <span class='ocrx_word' id='word_1_309' title='bbox 2047 3139 2157 3214; x_wconf 89' lang='lat' dir='ltr'><strong>ira,</strong></span> <span class='ocrx_word' id='word_1_310' title='bbox 2188 3160 2289 3201; x_wconf 89' lang='lat' dir='ltr'><strong>re-</strong></span> 
     </span>
    </p>

    <p class='ocr_par' dir='ltr' id='par_1_35' title="bbox 178 3223 2291 3313">
     <span class='ocr_line' id='line_1_35' title="bbox 178 3223 2291 3313; baseline -0.003 -21"><span class='ocrx_word' id='word_1_311' title='bbox 178 3226 407 3313; x_wconf 88' lang='lat' dir='ltr'><strong>ceptui</strong></span> <span class='ocrx_word' id='word_1_312' title='bbox 457 3239 714 3302; x_wconf 90' lang='lat' dir='ltr'><strong>canunt,</strong></span> <span class='ocrx_word' id='word_1_313' title='bbox 761 3227 1076 3290; x_wconf 87' lang='lat' dir='ltr'><strong>minantes</strong></span> <span class='ocrx_word' id='word_1_314' title='bbox 1121 3226 1445 3290; x_wconf 88' lang='lat' dir='ltr'><strong>Romanis.</strong></span> <span class='ocrx_word' id='word_1_315' title='bbox 1540 3224 1761 3299; x_wconf 90' lang='lat' dir='ltr'><strong>Erant,</strong></span> <span class='ocrx_word' id='word_1_316' title='bbox 1805 3224 1916 3309; x_wconf 91' lang='lat' dir='ltr'><strong>qui</strong></span> <span class='ocrx_word' id='word_1_317' title='bbox 1967 3223 2291 3310; x_wconf 83' lang='lat' dir='ltr'><strong>extemplo</strong></span> 
     </span>
    </p>

    <p class='ocr_par' dir='ltr' id='par_1_36' title="bbox 182 3308 2290 3395">
     <span class='ocr_line' id='line_1_36' title="bbox 182 3308 2290 3395; baseline -0.003 -16"><span class='ocrx_word' id='word_1_318' title='bbox 182 3314 471 3379; x_wconf 86' lang='lat' dir='ltr'><strong>Romam</strong></span> <span class='ocrx_word' id='word_1_319' title='bbox 530 3313 815 3378; x_wconf 90' lang='lat' dir='ltr'><strong>eundum</strong></span> <span class='ocrx_word' id='word_1_320' title='bbox 874 3326 1222 3377; x_wconf 89' lang='lat' dir='ltr'><strong>censerent.</strong></span> <span class='ocrx_word' id='word_1_321' title='bbox 1314 3310 1548 3374; x_wconf 88' lang='lat' dir='ltr'><strong>Vicere</strong></span> <span class='ocrx_word' id='word_1_322' title='bbox 1615 3309 1914 3385; x_wconf 81' lang='lat' dir='ltr'><strong>senioreS,</strong></span> <span class='ocrx_word' id='word_1_323' title='bbox 1967 3320 2042 3372; x_wconf 90' lang='lat' dir='ltr'><strong>ut</strong></span> <span class='ocrx_word' id='word_1_324' title='bbox 2096 3308 2290 3395; x_wconf 85' lang='lat' dir='ltr'><strong>legati</strong></span> 
     </span>
    </p>

    <p class='ocr_par' dir='ltr' id='par_1_37' title="bbox 178 3394 2290 3501">
     <span class='ocr_line' id='line_1_37' title="bbox 178 3394 2290 3501; baseline -0.002 -37"><span class='ocrx_word' id='word_1_325' title='bbox 178 3400 369 3501; x_wconf 82' lang='lat' dir='ltr'><strong>prius</strong></span> <span class='ocrx_word' id='word_1_326' title='bbox 406 3400 811 3464; x_wconf 86' lang='lat' dir='ltr'><strong>mitterentur</strong></span> <span class='ocrx_word' id='word_1_327' title='bbox 850 3412 1147 3486; x_wconf 87' lang='lat' dir='ltr'><strong>questum</strong></span> <span class='ocrx_word' id='word_1_328' title='bbox 1192 3397 1453 3461; x_wconf 88' lang='lat' dir='ltr'><strong>iniurias</strong></span> <span class='ocrx_word' id='word_1_329' title='bbox 1495 3394 2032 3493; x_wconf 82' lang='lat' dir='ltr'><strong>postulatumque,</strong></span> <span class='ocrx_word' id='word_1_330' title='bbox 2063 3408 2137 3459; x_wconf 93' lang='lat' dir='ltr'><strong>ut</strong></span> <span class='ocrx_word' id='word_1_331' title='bbox 2173 3416 2290 3482; x_wconf 92' lang='lat' dir='ltr'><strong>pro</strong></span> 
     </span>
    </p>

    <p class='ocr_par' dir='ltr' id='par_1_38' title="bbox 180 3479 2571 3674">
     <span class='ocr_line' id='line_1_38' title="bbox 180 3479 2554 3573; baseline -0.003 -22"><span class='ocrx_word' id='word_1_332' title='bbox 180 3508 331 3551; x_wconf 80' lang='lat' dir='ltr'><strong>iure</strong></span> <span class='ocrx_word' id='word_1_333' title='bbox 368 3486 660 3573; x_wconf 85' lang='lat' dir='ltr'><strong>gentium</strong></span> <span class='ocrx_word' id='word_1_334' title='bbox 698 3485 932 3550; x_wconf 84' lang='lat' dir='ltr'><strong>violato</strong></span> <span class='ocrx_word' id='word_1_335' title='bbox 976 3484 1151 3549; x_wconf 88' lang='lat' dir='ltr'><strong>Fabii</strong></span> <span class='ocrx_word' id='word_1_336' title='bbox 1193 3484 1595 3548; x_wconf 83' lang='lat' dir='ltr'><strong>dederentur.</strong></span> <span class='ocrx_word' id='word_1_337' title='bbox 1689 3480 1917 3567; x_wconf 81' lang='lat' dir='ltr'><strong>Legati</strong></span> <span class='ocrx_word' id='word_1_338' title='bbox 1957 3479 2288 3545; x_wconf 87' lang='lat' dir='ltr'><strong>Gallorum</strong></span> <span class='ocrx_word' id='word_1_339' title='bbox 2309 3496 2446 3546; x_wconf 73' lang='lat' dir='ltr'><strong>Galli</strong></span> <span class='ocrx_word' id='word_1_340' title='bbox 2470 3512 2554 3561; x_wconf 84' lang='lat' dir='ltr'><strong>po-</strong></span> 
     </span>
     <span class='ocr_line' id='line_1_39' title="bbox 240 3562 2571 3674; baseline -0.002 -38"><span class='ocrx_word' id='word_1_341' title='bbox 240 3595 395 3637; x_wconf 88' lang='lat' dir='ltr'><strong>uum</strong></span> <span class='ocrx_word' id='word_1_342' title='bbox 442 3595 537 3649; x_wconf 88' lang='lat' dir='ltr'><strong>ea,</strong></span> <span class='ocrx_word' id='word_1_343' title='bbox 578 3572 743 3637; x_wconf 89' lang='lat' dir='ltr'><strong>sicut</strong></span> <span class='ocrx_word' id='word_1_344' title='bbox 788 3586 969 3637; x_wconf 89' lang='lat' dir='ltr'><strong>erant</strong></span> <span class='ocrx_word' id='word_1_345' title='bbox 1020 3571 1337 3647; x_wconf 89' lang='lat' dir='ltr'><strong>mandata,</strong></span> <span class='ocrx_word' id='word_1_346' title='bbox 1380 3567 1837 3656; x_wconf 85' lang='lat' dir='ltr'><strong>exposuissent,</strong></span> <span class='ocrx_word' id='word_1_347' title='bbox 1880 3566 2126 3631; x_wconf 87' lang='lat' dir='ltr'><strong>senatui</strong></span> <span class='ocrx_word' id='word_1_348' title='bbox 2170 3589 2290 3631; x_wconf 90' lang='lat' dir='ltr'><strong>nec</strong></span> <span class='ocrx_word' id='word_1_349' title='bbox 2307 3562 2571 3674; x_wconf 42' lang='lat' dir='ltr'><strong>ftulffku‘</strong></span> 
     </span>
    </p>

    <p class='ocr_par' dir='ltr' id='par_1_39' title="bbox 178 3598 2618 3745">
     <span class='ocr_line' id='line_1_40' title="bbox 178 3598 2618 3745; baseline -0.002 -22"><span class='ocrx_word' id='word_1_350' title='bbox 178 3598 428 3723; x_wconf 52' lang='lat' dir='ltr'><strong>{iactum</strong></span> <span class='ocrx_word' id='word_1_351' title='bbox 470 3658 763 3745; x_wconf 87' lang='lat' dir='ltr'><strong>placebat</strong></span> <span class='ocrx_word' id='word_1_352' title='bbox 805 3658 1162 3736; x_wconf 87' lang='lat' dir='ltr'><strong>Fabiorum,</strong></span> <span class='ocrx_word' id='word_1_353' title='bbox 1209 3670 1275 3722; x_wconf 88' lang='lat' dir='ltr'><strong>et</strong></span> <span class='ocrx_word' id='word_1_354' title='bbox 1318 3657 1416 3720; x_wconf 87' lang='lat' dir='ltr'><strong>ius</strong></span> <span class='ocrx_word' id='word_1_355' title='bbox 1457 3653 1775 3743; x_wconf 87' lang='lat' dir='ltr'><strong>postulare</strong></span> <span class='ocrx_word' id='word_1_356' title='bbox 1825 3654 2072 3719; x_wconf 88' lang='lat' dir='ltr'><strong>barbari</strong></span> <span class='ocrx_word' id='word_1_357' title='bbox 2116 3653 2291 3719; x_wconf 88' lang='lat' dir='ltr'><strong>vide-</strong></span> <span class='ocrx_word' id='word_1_358' title='bbox 2308 3640 2618 3739; x_wconf 54' lang='lat' dir='ltr'><strong>ffidodffiff‘</strong></span> 
     </span>
    </p>

    <p class='ocr_par' dir='ltr' id='par_1_40' title="bbox 182 3738 2402 3845">
     <span class='ocr_line' id='line_1_41' title="bbox 182 3738 2402 3845; baseline -0.003 -35"><span class='ocrx_word' id='word_1_359' title='bbox 182 3749 463 3810; x_wconf 87' lang='lat' dir='ltr'><strong>bantur:</strong></span> <span class='ocrx_word' id='word_1_360' title='bbox 520 3745 653 3822; x_wconf 88' lang='lat' dir='ltr'><strong>sed,</strong></span> <span class='ocrx_word' id='word_1_361' title='bbox 698 3768 780 3810; x_wconf 92' lang='lat' dir='ltr'><strong>ne</strong></span> <span class='ocrx_word' id='word_1_362' title='bbox 827 3745 915 3823; x_wconf 88' lang='lat' dir='ltr'><strong>id,</strong></span> <span class='ocrx_word' id='word_1_363' title='bbox 962 3744 1138 3845; x_wconf 87' lang='lat' dir='ltr'><strong>quod</strong></span> <span class='ocrx_word' id='word_1_364' title='bbox 1184 3743 1491 3832; x_wconf 78' lang='lat' dir='ltr'><strong>placebat,</strong></span> <span class='ocrx_word' id='word_1_365' title='bbox 1537 3741 1910 3807; x_wconf 89' lang='lat' dir='ltr'><strong>decerneret</strong></span> <span class='ocrx_word' id='word_1_366' title='bbox 1945 3738 2027 3805; x_wconf 64' lang='lat' dir='ltr'><strong>‘in</strong></span> <span class='ocrx_word' id='word_1_367' title='bbox 2075 3752 2288 3806; x_wconf 87' lang='lat' dir='ltr'><strong>tantae</strong></span> <span class='ocrx_word' id='word_1_368' title='bbox 2307 3761 2402 3804; x_wconf 79' lang='lat' dir='ltr'><strong>tur.</strong></span> 
     </span>
    </p>

    <p class='ocr_par' dir='ltr' id='par_1_41' title="bbox 134 3826 2292 3916">
     <span class='ocr_line' id='line_1_42' title="bbox 134 3826 2292 3916; baseline -0.001 -22"><span class='ocrx_word' id='word_1_369' title='bbox 134 3862 155 3894; x_wconf 84' lang='lat'>1</span> <span class='ocrx_word' id='word_1_370' title='bbox 184 3831 543 3897; x_wconf 80' lang='lat' dir='ltr'><strong>nobilitatis</strong></span> <span class='ocrx_word' id='word_1_371' title='bbox 580 3830 747 3907; x_wconf 85' lang='lat' dir='ltr'><strong>viris,</strong></span> <span class='ocrx_word' id='word_1_372' title='bbox 788 3830 1051 3896; x_wconf 82' lang='lat' dir='ltr'><strong>ambitio</strong></span> <span class='ocrx_word' id='word_1_373' title='bbox 1094 3826 1401 3895; x_wconf 78' lang='lat' dir='ltr'><strong>obstabat.</strong></span> <span class='ocrx_word' id='word_1_374' title='bbox 1494 3828 1740 3915; x_wconf 87' lang='lat' dir='ltr'><strong>Itaque,</strong></span> <span class='ocrx_word' id='word_1_375' title='bbox 1773 3852 1855 3893; x_wconf 89' lang='lat' dir='ltr'><strong>ne</strong></span> <span class='ocrx_word' id='word_1_376' title='bbox 1891 3851 2089 3916; x_wconf 87' lang='lat' dir='ltr'><strong>penes</strong></span> <span class='ocrx_word' id='word_1_377' title='bbox 2123 3828 2292 3915; x_wconf 88' lang='lat' dir='ltr'><strong>ipsos</strong></span> 
     </span>
    </p>

    <p class='ocr_par' dir='ltr' id='par_1_42' title="bbox 182 3915 2290 4005">
     <span class='ocr_line' id='line_1_43' title="bbox 182 3915 2290 4005; baseline -0.003 -21"><span class='ocrx_word' id='word_1_378' title='bbox 182 3918 382 4005; x_wconf 84' lang='lat' dir='ltr'><strong>culpa</strong></span> <span class='ocrx_word' id='word_1_379' title='bbox 410 3930 575 3982; x_wconf 85' lang='lat' dir='ltr'><strong>esset</strong></span> <span class='ocrx_word' id='word_1_380' title='bbox 605 3917 799 3983; x_wconf 87' lang='lat' dir='ltr'><strong>cladis</strong></span> <span class='ocrx_word' id='word_1_381' title='bbox 827 3919 987 3982; x_wconf 88' lang='lat' dir='ltr'><strong>forte</strong></span> <span class='ocrx_word' id='word_1_382' title='bbox 1023 3917 1273 3982; x_wconf 89' lang='lat' dir='ltr'><strong>Gallico</strong></span> <span class='ocrx_word' id='word_1_383' title='bbox 1302 3915 1471 3981; x_wconf 92' lang='lat' dir='ltr'><strong>bello</strong></span> <span class='ocrx_word' id='word_1_384' title='bbox 1513 3927 1830 4003; x_wconf 79' lang='lat' dir='ltr'><strong>acceptae,</strong></span> <span class='ocrx_word' id='word_1_385' title='bbox 1861 3916 2290 4003; x_wconf 86' lang='lat' dir='ltr'><strong>cognitionem</strong></span> 
     </span>
    </p>
   </div>
   <div class='ocr_carea' id='block_1_3' title="bbox 182 4171 2294 4434">
    <p class='ocr_par' dir='ltr' id='par_1_43' title="bbox 182 4171 2291 4295">
     <span class='ocr_line' id='line_1_44' title="bbox 256 4171 2291 4239; baseline -0.004 -11"><span class='ocrx_word' id='word_1_386' title='bbox 256 4182 289 4228; x_wconf 88' lang='grc'>8</span> <span class='ocrx_word' id='word_1_387' title='bbox 320 4182 509 4229; x_wconf 63' lang='lat' dir='ltr'><strong>Ducem</strong></span> <span class='ocrx_word' id='word_1_388' title='bbox 542 4179 821 4239; x_wconf 69' lang='lat' dir='ltr'><strong>Gallorum]</strong></span> <span class='ocrx_word' id='word_1_389' title='bbox 872 4178 1141 4235; x_wconf 77' lang='lat' dir='ltr'><strong>Quendam</strong></span> <span class='ocrx_word' id='word_1_390' title='bbox 1178 4191 1207 4224; x_wconf 87' lang='lat' dir='ltr'><strong>e</strong></span> <span class='ocrx_word' id='word_1_391' title='bbox 1270 4176 1397 4237; x_wconf 76' lang='lat' dir='ltr'><strong>gulis</strong></span> <span class='ocrx_word' id='word_1_392' title='bbox 1418 4176 1483 4223; x_wconf 78' lang='lat' dir='ltr'><strong>ad</strong></span> <span class='ocrx_word' id='word_1_393' title='bbox 1506 4173 1755 4238; x_wconf 81' lang='lat' dir='ltr'><strong>proximos</strong></span> <span class='ocrx_word' id='word_1_394' title='bbox 1787 4171 2138 4236; x_wconf 80' lang='lat' dir='ltr'><strong>perferentibus</strong></span> <span class='ocrx_word' id='word_1_395' title='bbox 2168 4184 2291 4219; x_wconf 78' lang='lat' dir='ltr'><strong>nun·</strong></span> 
     </span>
     <span class='ocr_line' id='line_1_45' title="bbox 182 4240 1756 4295; baseline -0.006 0"><span class='ocrx_word' id='word_1_396' title='bbox 182 4244 415 4295; x_wconf 73' lang='lat' dir='ltr'><strong>ducibus.</strong></span> <span class='ocrx_word' id='word_1_397' title='bbox 448 4244 611 4293; x_wconf 71' lang='lat' dir='ltr'><strong>cm.</strong></span> <span class='ocrx_word' id='word_1_398' title='bbox 1272 4241 1449 4288; x_wconf 83' lang='lat' dir='ltr'><strong>tiatum</strong></span> <span class='ocrx_word' id='word_1_399' title='bbox 1470 4246 1560 4287; x_wconf 76' lang='lat' dir='ltr'><strong>est.</strong></span> <span class='ocrx_word' id='word_1_400' title='bbox 1593 4240 1756 4288; x_wconf 77' lang='lat' dir='ltr'><strong>Casv.</strong></span> 
     </span>
    </p>

    <p class='ocr_par' dir='ltr' id='par_1_44' title="bbox 186 4296 2294 4434">
     <span class='ocr_line' id='line_1_46' title="bbox 254 4296 2294 4372; baseline -0.006 -13"><span class='ocrx_word' id='word_1_401' title='bbox 254 4324 290 4372; x_wconf 85' lang='lat'>9</span> <span class='ocrx_word' id='word_1_402' title='bbox 320 4308 529 4369; x_wconf 61' lang='lat' dir='ltr'><strong>&amp;qnam</strong></span> <span class='ocrx_word' id='word_1_403' title='bbox 547 4310 717 4356; x_wconf 69' lang='lat' dir='ltr'><strong>dam</strong></span> <span class='ocrx_word' id='word_1_404' title='bbox 738 4309 833 4368; x_wconf 72' lang='lat' dir='ltr'><strong>ese]</strong></span> <span class='ocrx_word' id='word_1_405' title='bbox 873 4306 989 4354; x_wconf 87' lang='lat' dir='ltr'><strong>Hoc</strong></span> <span class='ocrx_word' id='word_1_406' title='bbox 1010 4310 1101 4363; x_wconf 80' lang='lat' dir='ltr'><strong>est,</strong></span> <span class='ocrx_word' id='word_1_407' title='bbox 1116 4304 1211 4353; x_wconf 77' lang='lat' dir='ltr'><strong>ius-</strong></span> <span class='ocrx_word' id='word_1_408' title='bbox 1348 4318 1367 4351; x_wconf 90' lang='lat'>1</span> <span class='ocrx_word' id='word_1_409' title='bbox 1404 4304 1644 4362; x_wconf 74' lang='lat' dir='ltr'><strong>Ambitio]</strong></span> <span class='ocrx_word' id='word_1_410' title='bbox 1691 4299 1866 4351; x_wconf 80' lang='lat' dir='ltr'><strong>Gratia</strong></span> <span class='ocrx_word' id='word_1_411' title='bbox 1888 4298 2169 4355; x_wconf 84' lang='lat' dir='ltr'><strong>Fabiorum,</strong></span> <span class='ocrx_word' id='word_1_412' title='bbox 2191 4296 2294 4347; x_wconf 76' lang='lat' dir='ltr'><strong>sive</strong></span> 
     </span>
     <span class='ocr_line' id='line_1_47' title="bbox 186 4364 1838 4434; baseline -0.006 -13"><span class='ocrx_word' id='word_1_413' title='bbox 186 4391 247 4422; x_wconf 73' lang='lat' dir='ltr'><strong>su</strong></span> <span class='ocrx_word' id='word_1_414' title='bbox 272 4372 583 4434; x_wconf 72' lang='lat' dir='ltr'><strong>imperatoris</strong></span> <span class='ocrx_word' id='word_1_415' title='bbox 615 4386 701 4432; x_wconf 73' lang='lat' dir='ltr'><strong>per</strong></span> <span class='ocrx_word' id='word_1_416' title='bbox 734 4377 887 4420; x_wconf 80' lang='lat' dir='ltr'><strong>totam</strong></span> <span class='ocrx_word' id='word_1_417' title='bbox 920 4370 1097 4425; x_wconf 63' lang='lat' dir='ltr'><strong>saniem,</strong></span> <span class='ocrx_word' id='word_1_418' title='bbox 1118 4368 1212 4417; x_wconf 79' lang='lat' dir='ltr'><strong>sin·</strong></span> <span class='ocrx_word' id='word_1_419' title='bbox 1280 4382 1459 4427; x_wconf 74' lang='lat' dir='ltr'><strong>pravus</strong></span> <span class='ocrx_word' id='word_1_420' title='bbox 1478 4366 1530 4414; x_wconf 88' lang='lat' dir='ltr'><strong>in</strong></span> <span class='ocrx_word' id='word_1_421' title='bbox 1553 4366 1666 4414; x_wconf 79' lang='lat' dir='ltr'><strong>illos</strong></span> <span class='ocrx_word' id='word_1_422' title='bbox 1687 4364 1838 4413; x_wconf 62' lang='lat' dir='ltr'><strong>favor.</strong></span> 
     </span>
    </p>
   </div>
  </div>
 </body>
</html>
