3000 4784
1088 602 1479 691 EPITO
1508 604 1696 689 ME
1780 604 2154 689 LIBRI
2245 602 2402 687 IV.

1532 886 1926 923 *φθῇ-*-

686 1100 901 1164 LEX
931 1102 1004 1165 de
1046 1104 1335 1167 connubio
1380 1100 1643 1165 Patrum
1687 1111 1747 1163 et
1781 1101 1972 1185 plebis
2017 1122 2058 1163 α
2109 1100 2365 1163 tribunis
2399 1097 2595 1187 plebis
2637 1118 2804 1159 cou-

685 1192 936 1252 tentione
963 1211 1208 1276 maqna,
1232 1189 1528 1253 Patribus
1556 1188 2045 1273 repugnantibus,
2067 1186 2310 1271 perlata
2340 1194 2442 1247 est.
2521 1184 2803 1247 Tribuni

684 1276 991 1339 militares.
1080 1277 1336 1361 Aliquot
1360 1278 1542 1341 annis
1569 1296 1664 1337 res
1683 1275 1906 1359 populi
1933 1274 2202 1337 Romani
2231 1274 2395 1335 domi
2420 1271 2800 1354 militiaeque

676 1385 792 1446 per·
819 1364 929 1425 boc
950 1386 1143 1447 genus
1164 1366 1558 1447 maqistratus
1586 1362 2043 1423 administratae
2075 1369 2232 1423 sunt.
2326 1359 2480 1421 Item
2515 1378 2800 1419 censores

683 1458 827 1511 tunc
858 1452 1129 1532 primum
1174 1452 1363 1511 creati
1402 1458 1559 1511 sunt.
1651 1448 1821 1531 Ager
1856 1447 2226 1511 Ardeatibus
2257 1445 2478 1529 populi
2513 1444 2803 1506 Romani

682 1535 903 1597 iudicio
943 1536 1201 1609 ablatus,
1233 1538 1428 1597 missis
1465 1537 1532 1597 in
1570 1556 1704 1596 eum
1748 1534 1986 1609 colonis,
2016 1536 2324 1595 restitutus
2365 1540 2468 1594 est.
2573 1529 2798 1607 Quum

665 1620 847 1702 same
885 1620 1151 1703 populus
1202 1621 1519 1683 Romanus
1571 1620 1888 1697 laboraret,
1950 1579 2056 1703 Sp.
2091 1619 2380 1694 Maelius,
2431 1638 2608 1701 eques
2653 1616 2794 1679 Ro-

682 1728 899 1768 manus
898 1707 1317 1789 ,frumentum
1333 1707 1564 1791 populo
1592 1728 1708 1769 sua
1742 1709 2010 1790 impensa
2047 1706 2304 1789 laryitus
2337 1713 2462 1767 est.-
2507 1714 2586 1779 et,
2617 1704 2690 1767 ob
2721 1702 2797 1763 id

665 1792 919 1873 factum
963 1792 1283 1854 conciliata
1324 1794 1441 1855 sibi
1470 1793 1664 1895 plebe,
1705 1814 1955 1877 reqnum
1997 1791 2294 1877 affectans
2335 1814 2377 1853 α
2423 1790 2492 1854 C.
2525 1789 2796 1853 Servilio

682 1877 913 1954 ΑῙιαΖα,
944 1880 1234 1961 maqistro
1262 1882 1544 1965 equitum,
1573 1882 1744 1941 iussu
1785 1879 2058 1957 Quinctii
2095 1879 2443 1943 Cincinnati
2468 1878 2794 1939 dictatoris

683 1966 907 2027 occisus
964 1972 1087 2027 est.-
1162 1964 1243 2027 L.
1270 1966 1588 2029 Mnucius
1645 1966 1822 2028 index
1878 1966 2016 2029 bove
2070 1975 2299 2029 aurata
2356 1965 2618 2027 donatus
2677 1972 2786 2025 est.

680 2050 934 2135 Leqatis
962 2050 1258 2113 Romanis
1294 2074 1337 2113 a
1366 2053 1762 2115 Fidenatibus
1799 2055 2024 2128 occisis,
2064 2054 2348 2137 quoniam
2389 2051 2462 2113 ob
2503 2050 2790 2133 rempub-

683 2137 863 2199 licam
906 2138 1319 2215 occubuerant,
1359 2148 1599 2201 statuae
1639 2142 1706 2201 in
1745 2138 1988 2201 Rostris
2024 2142 2260 2223 positae
2300 2146 2458 2200 sunt.
2561 2136 2790 2200 Cossus

694 2222 1004 2287 Cornelius
1047 2225 1322 2289 tvibunus
1366 2226 1641 2300 militum,
1673 2227 1860 2288 occiso
1903 2226 2220 2289 Tolumnio
2247 2246 2382 2309 reqe
2427 2224 2786 2298 Veientium,

680 2313 882 2394 opima
924 2311 1117 2395 spolia
1160 2312 1421 2374 secunda
1464 2312 1685 2374 retulit.
1776 2312 1976 2375 Mam.
2001 2313 2297 2375 Aemilius
2331 2311 2606 2384 dictator,
2639 2331 2788 2371 cen-

682 2418 863 2459 surae
890 2398 1127 2475 honore,
1158 2399 1266 2484 qui
1302 2408 1483 2462 antea
1511 2420 1632 2483 per
1668 2399 2136 2483 quinquennium
2167 2398 2510 2483 yerebatur,
2540 2396 2692 2458 anni
2729 2404 2794 2457 et

682 2506 784 2547 sex
812 2488 1099 2548 mensium
1126 2488 1324 2569 spatio
1328 2486 1542 2566 finito
1574 2485 1644 2547 ob
1671 2507 1802 2547 eam
1831 2508 1956 2547 rem
1981 2508 2022 2547 α
2045 2484 2380 2547 censoribus
2407 2492 2650 2547 notatus
2679 2492 2786 2545 est.

683 2571 954 2635 Fidenae
1010 2574 1075 2634 in
1123 2581 1473 2655 potestatem
1535 2572 1830 2647 redactae,
1889 2592 2068 2657 eoque
2125 2572 2320 2633 coloni
2373 2572 2544 2633 missi
2595 2579 2789 2633 sunt.-

683 2656 897 2739 quibus
940 2658 1164 2732 occisis,
1197 2658 1540 2734 Fidenates,
1583 2679 1767 2742 quum
1809 2657 2174 2740 defecissent,
2215 2680 2257 2719 α
2301 2658 2501 2719 Mam.
2523 2656 2794 2719 Aemilio

682 2742 972 2811 dictatore
999 2744 1143 2804 victi
1177 2753 1338 2818 sunt,
1369 2754 1425 2805 et
1453 2703 1722 2807 Fidenae
1761 2754 1989 2828 captae.
2092 2744 2444 2809 Coniuratio
2477 2765 2790 2805 servorum

683 2847 967 2909 oppressa
1001 2836 1103 2889 est.
1194 2828 1563 2905 Postumius,
1607 2831 1884 2893 tribuum
1921 2832 2196 2907 militum,
2227 2840 2483 2916 propter
2525 2830 2794 2892 crudeli-

684 2918 865 2971 tatem
914 2912 993 2973 ab
1038 2915 1295 2975 exercitu
1346 2918 1573 2977 occisus
1621 2926 1724 2979 est.
1824 2916 2200 3001 Stipendium
2243 2940 2314 2981 esc
2363 2919 2608 2980 aerario
2659 2926 2788 2979 tum

674 2998 945 3078 primum
988 2998 1273 3059 militibus
1314 3000 1530 3063 datum
1573 3010 1674 3064 est.
1766 3002 1892 3067 Res
1914 3014 2234 3106 praeterea
2262 3013 2468 3089 gestas
2495 3004 2790 3067 adversus

701 3080 956 3158 Volscos,
986 3092 1047 3145 et
1072 3083 1415 3163 Fidenates,
1446 3096 1506 3149 et
1532 3087 1808 3151 Faliscos
1835 3093 2105 3154 continet.
