3000 4784
706 223 832 286 548
1472 221 1700 290 ΤΙΤῙ
1761 222 2036 290 LIVII

474 365 534 415 C·
558 377 669 428 445·
706 361 891 425 hoste
922 359 989 424 in
1030 381 1181 424 eum
1208 380 1451 423 annum
1492 381 1785 446 pensum,
1816 373 1883 425 et
1927 359 2113 425 binae
2144 360 2404 424 tunicae
2449 361 2524 424 in
2555 361 2822 426 militem

476 431 535 484 0·
558 441 671 493 307·
708 459 991 512 exactae.
1083 445 1183 510 Ea
1208 467 1453 510 merces
1480 445 1874 510 indutiarum
1903 446 2041 511 fuit.

794 532 1203 619 Tranquillas
1229 555 1331 597 res
1368 533 1498 596 iam
1531 532 1816 598 Etruscis
1849 533 2130 598 turbavit
2163 533 2512 620 repentina
2547 533 2824 599 defectio

708 621 1119 697 Umbrorum,
1144 619 1353 706 gentis
1381 618 1668 706 integrae
1691 643 1730 684 a
1755 619 2044 685 cladibus
2063 619 2236 697 belli,
2259 621 2388 684 nisi
2417 620 2606 721 quod
2625 634 2826 686 trans-

696 707 867 772 itum
897 706 1215 770 exercitus
1244 727 1397 793 ager
1434 719 1733 771 senserat.
1811 706 1890 784 Ii,
1919 707 2240 772 concitata
2265 729 2448 771 omm
2480 706 2824 772 inventute

706 817 839 871 sua,
870 806 939 860 et
977 815 1209 880 magna
1240 804 1419 880 parte
1452 792 1868 858 Etruscorum
1901 794 1986 858 ad
2023 793 2440 858 rebellionem
2467 794 2824 880 00me

708 893 959 946 tantum
1002 880 1320 944 exercitus
1365 879 1668 958 fecerant,
1713 894 1805 957 ut,
1849 879 2074 945 relicto
2123 893 2271 966 post
2315 903 2385 944 se
2437 880 2514 943 in
2565 880 2826 945 Etruria

704 966 933 1044 Decio,
965 967 1050 1031 ad
1076 965 1570 1054 oppugnandam
1603 965 1756 1048 inde
1790 966 2064 1030 Romam
2095 967 2316 1044 ituros,
2343 966 2704 1052 magnifice
2745 967 2824 1030 de

703 1077 792 1132 se,
824 1075 897 1118 ac
926 1053 1343 1141 contemptim
1364 1052 1447 1117 de
1479 1052 1794 1118 Romanis
1817 1053 2172 1140 loquentes,
2191 1053 2524 1118 iactarent.
2623 1051 2824 1129 Quod

702 1141 1033 1228 inceptum
1062 1161 1285 1205 eorum
1312 1138 1425 1203 ubi
1453 1138 1539 1203 ad
1573 1138 1852 1204 Decium
1880 1139 2206 1204 consulem
2233 1138 2562 1226 perlatum
2591 1152 2714 1216 est,
2743 1139 2824 1202 ad

705 1228 930 1293 urbem
972 1248 1056 1291 ex
1086 1225 1345 1291 Etruria
1384 1224 1634 1312 magnis
1661 1225 1994 1292 itineribus
2031 1226 2260 1312 pergit,
2291 1237 2360 1290 et
2386 1226 2460 1288 in
2693 1225 2820 1290 Pu-

704 1313 981 1401 piniensi
1012 1310 1095 1377 ad
1120 1312 1353 1376 famam
1371 1311 1657 1376 intentus
1685 1311 1965 1377 hostium
1993 1311 2300 1376 consedit.
2391 1310 2544 1377 Nec
2639 1334 2816 1376 omae

704 1401 1123 1487 spernebatur
1178 1397 1570 1463 Umbrorum
1620 1397 1860 1464 bellum
1875 1421 1896 1462 ι
1955 1411 2026 1463 et
2081 1399 2254 1486 ipsae
2299 1397 2519 1462 minae
2573 1411 2816 1463 metum

704 1487 986 1552 fecerant
1013 1485 1293 1573 expertis
1314 1484 1566 1550 Gallica
1583 1484 1785 1563 clade,
1810 1506 2006 1572 qnam
2033 1485 2308 1550 intutam
2322 1484 2558 1549 urbem
2579 1483 2818 1550 incole-

702 1585 866 1638 rent.
957 1571 1183 1659 Itaque
1213 1571 1407 1659 legati
1436 1571 1520 1635 ad
1559 1571 1829 1636 Fabium
1861 1571 2190 1637 consulem
2225 1571 2400 1635 missi
2429 1583 2612 1648 sunt,
2643 1583 2739 1648 ut,
2767 1571 2816 1635 si

702 1659 864 1745 quid
892 1658 1237 1724 laxamenti
1277 1682 1316 1723 a
1344 1656 1514 1722 bello
1553 1654 1934 1722 Samnitium
1973 1669 2159 1734 esset,
2189 1657 2262 1721 in
2295 1655 2646 1721 Umbriam
2673 1679 2815 1745 pro-

702 1766 853 1830 pere
890 1745 1243 1809 exercitum
1287 1743 1570 1808 duceret.
1661 1743 1860 1808 Dicto
1901 1743 2115 1830 paruit
2157 1742 2399 1820 consul,
2431 1744 2812 1830 magnisque

702 1829 1035 1893 itineribus
1066 1829 1147 1892 ad
1191 1827 1586 1907 Mevaniam,
1617 1829 1726 1894 ubi
1757 1841 1894 1893 tum
1923 1829 2145 1916 copiae
2182 1829 2585 1894 Umbrorum
2613 1843 2810 1908 erant,

372 1921 560 1972 Contra
701 1915 1000 2016 perrexit.
1095 1913 1197 1978 Re
1280 1937 1357 1978 ns
1385 1913 1700 1980 adventus
1726 1915 2022 1993 consulis,
2047 1937 2244 2015 quem
2277 1915 2507 2001 procul
2543 1915 2814 1982 Umbria

376 1985 608 2038 Umbros.
700 2023 771 2065 m
814 1999 1075 2066 Samnio
1117 2001 1197 2066 be
1244 2023 1285 2064 o
1314 1999 1439 2066 alio
1482 2023 1646 2066 occu
1727 2013 1866 2066 tum
1909 1999 2332 2079 crediderant,
2364 2000 2458 2065 ita
2497 2003 2811 2067 exterruit

704 2087 1003 2166 Umbrm,
1051 2101 1127 2152 ut
1176 2086 1285 2151 alii
1334 2087 1610 2153 receden
1657 2110 1766 2153 um
1813 2087 1898 2153 ad
1948 2087 2138 2153 urbes
2194 2088 2494 2165 munitas,
2543 2088 2812 2176 quidam

701 2174 1131 2240 omittendum
1185 2173 1427 2239 bellum
1484 2190 1836 2240 censerent.
1937 2173 2138 2262 Plaga
2193 2197 2323 2239 una
2383 2173 2812 2261 (Mater-inam
2825 2191 2855 2242 8

698 2262 821 2350 ipsi
864 2260 1219 2362 appellant)
1260 2283 1394 2326 non
1437 2260 1757 2326 continuit
1797 2260 1992 2326 modo
2043 2273 2290 2326 ceteros
2329 2260 2400 2325 in
2443 2261 2668 2340 armis,
2701 2261 2814 2326 sed

698 2348 1032 2412 confestrm
1091 2347 1175 2412 ad
1230 2359 1556 2412 certamen
1607 2347 1757 2434 egit.
1853 2345 2080 2412 Castra
2137 2345 2478 2412 vallantem
2535 2346 2812 2414 Fabium

698 2433 907 2498 adorti
936 2445 1102 2498 sunt.
1198 2433 1380 2509 Quos
1424 2433 1536 2497 ubi
1565 2433 1798 2498 effusos
1824 2455 2010 2499 ruere
2049 2433 2121 2498 in
2154 2433 2560 2498 munimenta
2587 2433 2814 2499 consul

697 2519 880 2598 vidit,
908 2531 1235 2585 revocatos
1262 2519 1497 2584 milites
1531 2519 1613 2584 ab
1643 2541 1854 2607 opere,
1929 2533 2078 2585 rout
2104 2519 2229 2584 loci
2257 2531 2487 2585 natura
2524 2532 2815 2608 tempus-

698 2629 825 2694 que
860 2607 1235 2694 patiebatur‚
1266 2606 1359 2670 ita
1399 2606 1735 2671 instruxit:
1797 2629 1874 2672 co
1921 2617 2288 2694 ortatnsque
2330 2603 2812 2693 praedicatione

696 2715 849 2758 vera
894 2715 1025 2780 qua
1068 2693 1137 2757 in
1196 2691 1444 2769 Tuscis,
1535 2715 1622 2756 ua
1675 2692 1746 2756 in
1793 2691 2054 2757 Samnio
2097 2705 2426 2780 partorum
2473 2691 2809 2780 decorum,

698 2779 997 2866 exiguam
1026 2779 1445 2865 appendicem
1539 2779 1732 2843 trusci
1760 2777 1912 2843 belli
1940 2779 2253 2844 conficere
2281 2779 2500 2844 iubet:
2547 2793 2624 2844 et
2639 2781 2812 2845 vocis

698 2864 932 2949 impiae
962 2886 1201 2951 poenas
1243 2877 1564 2952 expetere,
1597 2886 1727 2951 qua
1767 2887 1836 2929 se
1879 2866 2104 2930 urbem
2149 2864 2514 2931 Romanam
2555 2889 2602 2930 o
2693 2889 2810 2954 ng-

697 2960 957 3012 naturos
996 2948 1221 3012 minati
1264 2962 1432 3015 sunt.
1527 2950 1710 3016 Haec
1753 2963 1932 3016 tanta
1967 2961 2120 3017 sunt
2159 2951 2482 3016 alacritate
2525 2887 2808 3018 mfftum

696 3032 931 3111 audita,
976 3045 1053 3097 ut
1096 3033 1352 3112 clamor,
1393 3058 1512 3100 sua
1550 3049 1778 3124 sponte
1835 3051 2029 3115 ortus,
2074 3038 2447 3124 loquentem
2493 3037 2806 3126 interpel-

696 3118 923 3185 laverit
950 3120 1199 3186 ducem.
1292 3120 1469 3187 Ante
1509 3122 1850 3210 imperium
1877 3122 2114 3189 deinde
2153 3137 2472 3188 concentu
2502 3123 2806 3190 tubarum

697 3228 773 3271 ac
793 3228 1103 3273 cornuum
1120 3229 1311 3274 cursu
1331 3208 1535 3274 effuso
1551 3210 1620 3273 in
1643 3210 1890 3276 hostem
1910 3210 2218 3274 feruntur.
2311 3207 2380 3273 Ν
2381 3231 2470 3273 on
2493 3220 2804 3298 tanquam

694 3293 763 3357 in
810 3293 977 3359 viros
1028 3306 1141 3358 aut
1190 3309 1461 3360 armatos
1511 3294 1880 3360 incurrunt:
1959 3294 2271 3360 mirabilia
2319 3294 2500 3359 dictu
2519 3295 2572 3381 l)
2621 3298 2804 3384 signa

693 3379 901 3464 primo
930 3380 1091 3468 eripi
1120 3393 1346 3467 coepta
1383 3380 1732 3467 signiferis3
1781 3380 1932 3446 dein
1977 3404 2014 3446 e
2044 3381 2164 3468 ipsi
2203 3379 2487 3467 signiferi
2518 3382 2693 3447 trahi
2723 3383 2802 3448 ad

694 3465 1039 3543 consulem,
1064 3467 1415 3554 armatique
1446 3465 1680 3530 milites
1701 3489 1784 3531 ex
1813 3467 1948 3532 acie
1977 3468 2046 3531 in
2075 3467 2279 3532 aciem
2303 3467 2630 3532 transferri
2649 3494 2668 3533 τ
2715 3483 2798 3546 et,

692 3550 895 3615 sicubi
924 3565 1021 3615 est
1049 3566 1389 3630 certamen,
1420 3553 1615 3617 scutis
1643 3553 1862 3639 magis,
1893 3575 2088 3640 quam
2122 3552 2370 3639 gladiis,
2483 3553 2654 3618 ritur
2681 3578 2794 3619 res.

696 3633 1101 3701 Umbonibus
1130 3639 1506 3725 incussaque
1530 3638 1628 3703 ala
1649 3650 2019 3714 sternuntur
2045 3639 2274 3703 hostes.
2367 3638 2422 3702 P
2449 3661 2524 3702 us
2545 3641 2840 3727 capitum

381 363 451 416 U.

379 431 442 480 A.

753 3845 784 3891 8
816 3843 981 3905 Playa
1002 3845 1132 3905 una]
1162 3845 1308 3894 Unus
1322 3861 1385 3894 ex
1408 3847 1607 3909 populis
1627 3847 1704 3904 iis,
1769 3847 1973 3896 minime
1995 3855 2170 3896 mutuo
2193 3847 2398 3897 consilio
2425 3863 2502 3897 res
2523 3851 2790 3910 gerebant:

688 3905 741 3955 in
777 3922 899 3969 quos
922 3907 1223 3956 Umbrorum
1254 3924 1374 3983 gens
1401 3911 1557 3959 divisa
1585 3917 1700 3960 erat.
1769 3911 1999 3972 quoniam
2044 3912 2301 3961 Camertes
2353 3911 2626 3974 hospitium
2680 3931 2790 3964 cum

688 3973 899 4034 Pla-,qam
912 3970 993 4020 hic
1010 3985 1123 4019 cum
1144 3971 1704 4036 Dometiointelligimus
1771 3975 2011 4024 Romanis
2025 3975 2288 4024 iunxerant
2303 3991 2436 4038 supr.
2447 3974 2606 4037 36‚et‚
2621 3979 2790 4028 unium

688 4039 945 4097 rapientem-
1013 4035 1167 4084 Addit
1190 4035 1376 4097 Livius,
1398 4040 1704 4088 Mater-inam
1771 4037 2012 4088 Umbriae
2049 4041 2281 4102 populus,
2319 4045 2494 4101 postea
2531 4055 2650 4090 cum
2691 4043 2786 4091 Ro-

686 4099 784 4160 ·‘pst'
818 4101 1089 4162 appellant,
1123 4100 1239 4161 quia
1269 4117 1449 4163 nempe
1486 4101 1582 4148 hoc
1618 4116 1702 4150 no-
1768 4102 1929 4151 manis
1945 4117 2106 4166 aequo
2121 4103 2318 4152 foedere
2332 4102 2488 4152 iuncti
2505 4111 2668 4165 erant,
2681 4105 2784 4155 infi-

687 4177 801 4210 men
824 4163 1039 4225 ignobile
1060 4170 1180 4223 erat,
1202 4175 1293 4214 nec
1314 4166 1516 4213 fortasse
1537 4164 1630 4212 nisi
1651 4165 1700 4213 in
1767 4165 1940 4216 xxviii.
1963 4179 2042 4229 45.

686 4224 794 4285 ipsa
808 4227 1003 4287 regione
1018 4232 1206 4277 notum.
1230 4228 1391 4276 cmv.
1428 4228 1634 4289 Quippe
1651 4229 1702 4276 in
1831 4244 1864 4291 9
1885 4233 2188 4294 Incanaque
2209 4233 2320 4291 ala]
2359 4233 2566 4280 Incnno
2587 4232 2780 4280 lacerto.

684 4287 923 4396 {33:21sz
925 4287 1477 4404 gutrgttripfusillljfpib‘ssrin
1492 4291 1698 4413 (911νὲῗέ
1761 4291 1956 4416 ΧΙζχιιὲεεὲιι
2001 4295 2186 4344 locutio
2221 4310 2388 4345 rursus
2419 4296 2636 4346 occurrit
2677 4295 2782 4344 infr.

886 4383 891 4388 ·
1056 4383 1072 4406 φ
1155 4386 1169 4400 ο
1296 4385 1310 4402 e
1525 4388 1538 4403 ο
1867 4389 1880 4402 ι
1937 4373 1984 4413 4.
