3000 4784
663 225 797 285 490
1448 217 1678 285 ΤΙΤῙ
1731 217 2006 285 LIVII

332 375 404 426 U.
428 375 491 425 c,
514 388 627 437 430·
667 365 687 395 ‘
708 370 903 423 tatem
931 378 1132 443 paras,
1164 378 1285 421 nec
1306 356 1510 421 virtus
1537 355 1960 443 nobilitasque
1989 356 2276 443 magistri
2305 358 2642 444 equitum,
2667 381 2710 423 a
2735 370 2794 423 te

334 442 397 491 A·
430 440 491 491 C·
518 453 627 503 3²2·
669 444 849 531 ‘ipso
877 443 1209 520 nominati,
1240 442 1428 520 valet,
1458 464 1582 507 nec
1619 465 1863 530 preceS,
1895 464 2062 529 quae
2091 466 2282 529 saepe
2321 443 2594 508 hostem
2625 446 2801 508 miti-
2934 385 2945 568 K

668 538 689 568 ‘
706 551 957 616 gavere,
978 552 1143 615 quae
1174 530 1443 595 deorum
1472 530 1596 595 iras
1611 529 1904 616 placant:
1953 530 2244 594 tribunos
2269 528 2486 616 plebis
2507 530 2800 617 appello,
2944 571 2947 603 w

669 624 689 654 ‘
705 628 773 680 et
810 637 1085 702 provoco
1128 615 1212 680 ad
1248 616 1596 703 populum3
1643 638 1920 702 eumque
1968 616 2110 693 tibi,
2137 616 2416 703 fugienti
2461 618 2804 681 exercitum
2817 620 2844 709 ξ

670 709 692 740 6
712 702 826 779 tui,
850 701 1121 789 fugienti
1144 717 1400 767 senatus
1429 702 1761 777 iudicium,
1780 701 2058 767 iudicem
2089 703 2244 779 fero,
2265 704 2378 788 qui
2403 716 2598 767 certe
2633 726 2806 767 unus
2821 710 2840 716 ⁷

670 796 691 825 ‘
710 787 872 875 pluS,
904 810 1095 874 quam
1132 801 1245 853 tua
1281 788 1614 865 dictatura,
1655 802 1866 874 potest
1905 788 2249 875 polletque.
2345 788 2634 866 videro,
2669 812 2810 854 oes-

670 881 691 913 ‘
710 896 975 937 sui-usne
999 875 1429 960 provocationi
1459 875 1564 951 siS,
1588 875 1693 938 cui
1715 897 1830 938 rex
1856 874 2187 939 Romanus
2205 874 2440 939 Tullus
2467 874 2848 955 Hostilius?

671 968 691 999 ‘
712 960 938 1025 cessit!
1028 958 1129 1023 Ex
1176 962 1353 1024 curia
1393 961 1463 1024 in
1508 961 1884 1026 concionem
1928 962 2073 1025 itur.
2170 960 2322 1037 Quo
2366 984 2524 1026 cum
2569 963 2810 1049 paucis

666 1046 957 1124 dictator,
1005 1070 1149 1112 cum
1196 1047 1371 1111 omni
1563 1047 1668 1110 ine
1716 1048 2078 1134 principum
2127 1049 2433 1134 magister
2487 1050 2805 1135 equitum

668 1156 869 1219 quum
888 1134 1307 1210 escendisset;
1355 1069 1590 1197 deagiirdi
1612 1156 1760 1197 eum
1783 1133 1866 1197 de
1889 1136 2103 1197 rostris
2127 1134 2418 1220 Papirius
2445 1134 2520 1198 in
2539 1150 2804 1222 partem
2821 1158 2848 1205 ε

667 1219 1031 1285 inferiorem
1050 1220 1247 1285 iussit.
1342 1219 1610 1284 Secutus
1711 1232 1826 1297 ter,
1855 1228 1874 1258 ‘
1893 1220 2071 1285 Bene
2095 1221 2267 1305 agis?
2285 1221 2530 1307 inquit,
2555 1230 2804 1308 ‘quum

671 1313 787 1371 ‘eo
818 1330 933 1371 nos
962 1307 1193 1372 deduci
1235 1306 1484 1383 iussisti,
1519 1329 1610 1369 un
1655 1330 1692 1371 e
1731 1318 1799 1369 et
1825 1306 2054 1393 privati
2085 1329 2305 1371 vocem
2335 1306 2609 1373 mittere
2656 1330 2808 1395 posu-

671 1401 692 1430 ‘
708 1394 960 1457 semus?
1048 1392 1149 1457 Ibi
1192 1394 1399 1480 primo
1450 1414 1582 1457 non
1628 1408 1758 1457 tam
1801 1416 1883 1492 pe
2003 1406 2148 1457 tuae
2193 1393 2546 1471 orationeS,
2595 1416 2808 1481 quam

340 1492 483 1545 Fabii
505 1492 634 1543 sonis
670 1478 1017 1556 altercatiO,
1058 1479 1583 1544 exaudiebantur.
1676 1478 1854 1543 Vicit
1887 1415 2128 1543 xinde
2167 1480 2514 1565 strepitum
2555 1503 2699 1544 vox
2743 1492 2810 1543 et

338 1558 508 1607 oratio.
670 1564 803 1628 ind·
854 1565 1027 1631 natio
1057 1565 1235 1631 Fabii
1270 1565 1457 1643 senis,
1489 1566 1874 1651 increpantis
1903 1588 1976 1629 su
2063 1566 2262 1629 rbiam
2299 1565 2806 1631 crudelitatem-

670 1589 1105 1738 quelffiapirii:
1157 1661 1178 1690 ‘
1200 1651 1281 1717 Se
1302 1674 1560 1738 quoque
1593 1651 1967 1717 dictatorem
2059 1674 2238 1716 omae
2255 1651 2474 1729 fuisse,
2497 1676 2630 1718 nec
2663 1676 2710 1717 a
2735 1674 2804 1716 se

672 1745 693 1775 ‘
708 1760 1117 1822 quemquam,
1148 1760 1235 1801 ne
1259 1738 1461 1836 plebis
1491 1736 1753 1823 quidem
1782 1737 2128 1814 hominem,
2147 1761 2279 1802 non
2309 1740 2799 1814 centurionem,

670 1830 692 1859 ‘
708 1844 841 1886 non
888 1821 1177 1899 militem,
1226 1822 1568 1899 violatum3
1615 1823 1963 1910 Papirium,
2012 1836 2318 1924 tanquam
2371 1848 2456 1889 ex
2499 1826 2800 1891 hostium

670 1916 690 1946 ‘
711 1907 1001 1984 ducibus,
1020 1908 1110 1970 sic
1128 1930 1212 1971 ex
1232 1907 1527 1972 Romano
1551 1910 1930 1995 imperatore
1949 1910 2275 1975 victoriam
2294 1923 2363 1975 et
2379 1911 2798 2013 triumphum

672 2001 692 2032 ‘
711 2006 949 2079 petere.
1046 1992 1381 2067 Quantum
1410 1993 1746 2059 interesset
1773 1996 1943 2059 inter
1961 1996 2462 2062 moderationem
2483 2014 2842 2086 antiquo-9

670 2088 690 2118 ‘
711 2102 873 2156 rum,
914 2092 981 2145 et
1025 2102 1254 2145 novam
1292 2081 1654 2167 superbiam
1693 2080 2280 2169 crudelitatemque.
2373 2082 2799 2149 Dictatorem

671 2175 691 2205 ‘
714 2166 1093 2241 Quinctium
1150 2164 1608 2231 Cincinnatum
1656 2166 1726 2230 in
1778 2168 1856 2231 L.
1883 2166 2246 2232 Minucium
2295 2170 2656 2249 consulem,
2709 2192 2794 2234 ex

671 2260 693 2291 6
708 2252 1035 2317 obsidione
1060 2275 1099 2316 a
1114 2275 1181 2317 se
1204 2265 1515 2339 ereptum,
1537 2275 1668 2317 non
1690 2251 1856 2318 ultra
1877 2255 2162 2331 saevisse,
2186 2276 2378 2342 quam
2401 2270 2476 2320 ut
2497 2255 2794 2345 legatum

671 2346 693 2377 ‘
708 2360 857 2403 eum
900 2337 984 2402 ad
1028 2339 1381 2405 exercitum
1427 2361 1544 2425 pro
1588 2338 1849 2404 consule
1893 2339 2297 2427 relinqueret.
2391 2342 2489 2405 M.
2515 2342 2790 2408 Furium

671 2434 691 2464 ‘
712 2422 1060 2489 Camillum
1104 2425 1171 2489 in
1218 2424 1295 2488 L.
1323 2423 1535 2501 Furio,
1583 2425 1714 2510 qui,
1761 2440 2129 2512 contempta
2169 2450 2284 2491 sua
2325 2444 2672 2495 senectute
2725 2441 2792 2493 et

668 2520 691 2549 ‘
708 2510 1098 2588 auctoritate,
1130 2511 1492 2576 foedissimo
1533 2534 1680 2576 cum
1719 2524 1952 2577 eventu
1987 2527 2349 2600 pugnasset,
2389 2536 2526 2579 non
2572 2517 2788 2581 solum

671 2607 692 2636 6
708 2598 777 2660 in
822 2598 1183 2685 praesentia
1229 2596 1628 2663 moderatum
1679 2598 1806 2662 irae
1855 2622 2010 2676 esse,
2065 2622 2147 2663 ne
2195 2600 2356 2687 quid
2400 2600 2486 2665 de
2534 2602 2792 2689 collega

672 2694 690 2723 6
706 2706 888 2748 secus
910 2684 1155 2783 populo
1186 2696 1297 2749 aut
1324 2684 1574 2751 senatui
1613 2684 1950 2762 scriberet3
1999 2685 2132 2763 sed,
2163 2709 2364 2773 quum
2393 2690 2786 2765 revertisset,

670 2779 690 2808 6
711 2770 1109 2856 potissimum
1153 2794 1235 2836 ex
1281 2770 1551 2836 tribunis
1595 2770 2027 2836 consularibus
2070 2772 2382 2850 habuisse,
2429 2796 2651 2861 quem,
2703 2797 2788 2841 ex

669 2855 963 2939 ‘collegis
1004 2857 1262 2942 optione
1294 2858 1373 2921 ab
1403 2868 1630 2929 senatu
1667 2856 1835 2934 data,
1867 2858 2110 2923 socium
2139 2859 2258 2923 sibi
2299 2859 2555 2947 imperii
2601 2862 2786 2927 dele-

603 3106 611 3113 ·
665 3062 1687 3181 „23151320'31‘2022322mffiffl3223
1749 3070 2784 3194 fflfflssss'issffiissfiffiffiffffss

664 3208 729 3241 ne
752 3192 1028 3254 colligatur,
1044 3208 1075 3239 a
1096 3192 1334 3242 dictatore
1356 3195 1419 3243 ad
1442 3198 1686 3257 populum
1751 3198 1977 3257 dictator,
2015 3205 2190 3247 exacto
2227 3200 2429 3259 honore,
2457 3200 2512 3248 in
2551 3202 2782 3251 ordinem

666 3256 1060 3318 provocationem
1070 3256 1245 3305 fuisse:
1272 3258 1437 3319 plures
1450 3260 1582 3307 enim
1598 3260 1685 3307 viri
1753 3260 1930 3309 iterum
1955 3263 2166 3311 cesserit.

664 3320 797 3369 docti
830 3336 929 3368 non
964 3322 1315 3383 provocationi,
1336 3324 1421 3371 sed
1456 3324 1682 3385 precibus
1817 3323 1850 3373 6
1881 3328 2112 3389 Eumque
2153 3328 2242 3375 tibi
2269 3362 2281 3373 .
2305 3362 2319 3376 .
2343 3362 2356 3374 .
2383 3328 2596 3376 §uatem
2630 3330 2779 3391 sm]

664 3384 839 3447 populi
856 3384 1145 3433 dictatorem
1164 3386 1361 3435 cessisse
1377 3386 1685 3446 existimant3
1749 3388 1830 3447 Ei,
1863 3394 2100 3450 tanquam
2135 3390 2304 3450 iudici,
2338 3396 2394 3438 ut
2425 3396 2478 3439 ts
2509 3390 2658 3440 sistas
2689 3408 2778 3456 po-

665 3456 835 3497 contra
857 3448 1100 3511 Sigonius,
1124 3465 1237 3503 cum
1259 3466 1357 3511 quo
1382 3450 1684 3499 Niebuhrius
1747 3454 1894 3501 stulo.
1952 3453 2068 3502 Vid.
2093 3469 2223 3515 supr.
2245 3454 2314 3503 iii.
2342 3468 2418 3516 ²4·
2452 3456 2621 3506 Cam.

665 3512 925 3572 consentit,
954 3513 1005 3561 in
1040 3520 1204 3575 partes
1229 3514 1353 3563 alias
1374 3515 1576 3563 Festum
1599 3531 1684 3577 ap-
1817 3526 1844 3577 7
1878 3518 1973 3565 Oui
2001 3552 2014 3565 .
2039 3552 2052 3566 .
2076 3554 2088 3567 .
2117 3519 2290 3566 Tullus
2321 3520 2568 3567 Hostilius
2602 3522 2776 3581 cessit]

664 3578 840 3637 pellat,
872 3585 1131 3641 postquam
1164 3595 1278 3628 vero
1310 3580 1589 3640 provocatio
1623 3580 1684 3627 ab
1751 3580 1882 3627 Tum
1905 3580 2050 3629 cessit
2071 3580 2405 3643 provocationi
2429 3582 2613 3631 'hunus
2645 3584 2776 3632 Hos-

664 3654 720 3687 σο
752 3642 1061 3701 magistratu,
1096 3642 1284 3691 seilicet
1325 3641 1580 3702 dictatore,
1621 3644 1689 3691 ad
1749 3643 1904 3701 tilius,
1921 3660 2074 3706 quum
2099 3645 2298 3693 Horatii
2319 3661 2518 3695 causam
2543 3664 2576 3695 a
2597 3648 2776 3697 duum-

658 3704 899 3762 populum
942 3706 1061 3751 data
1104 3712 1191 3763 est,
1230 3722 1355 3769 quae
1393 3714 1544 3755 antea
1585 3722 1687 3755 non
1751 3706 1865 3755 viris
1879 3708 2098 3757 damnati
2115 3706 2364 3759 retractari
2383 3726 2416 3757 a
2437 3711 2627 3772 populo
2643 3712 2776 3772 sivit,

664 3769 787 3811 erat.
856 3764 1007 3812 Haud
1032 3766 1132 3813 scio
1158 3784 1221 3815 an
1256 3774 1367 3829 post
1389 3770 1686 3817 decemvira-
1750 3771 1813 3819 ad
1837 3786 1982 3833 quem
2005 3788 2116 3821 reus
2138 3779 2439 3834 provocarat.
2475 3776 2643 3823 Cnsv,

664 3832 774 3874 tum
796 3840 859 3874 ex
879 3827 989 3889 lege
1008 3828 1183 3877 Duilia
1202 3845 1332 3892 supr.
1348 3832 1417 3880 iii.
1434 3844 1511 3894 55.
1535 3834 1688 3883 dicta-
1815 3836 1847 3883 8
1879 3836 2072 3885 Dedan·
2099 3852 2212 3885 enm
2240 3838 2300 3885 de
2331 3840 2528 3897 rostris]
2571 3838 2635 3886 In
2657 3854 2774 3887 eon-

663 3895 777 3938 tura
797 3890 1057 3939 imminuto
1080 3892 1185 3941 iure
1206 3894 1373 3955 fuerit,
1386 3911 1538 3956 quum
1553 3912 1684 3960 supr.
1751 3897 1941 3947 cionem
1959 3902 2150 3963 populi,
2171 3915 2298 3961 quae
2331 3900 2382 3948 in
2409 3904 2600 3951 comitio
2622 3902 2772 3951 habe

666 3954 729 4003 vi.
761 3969 838 4019 39.
877 3960 927 4003 et
962 3955 1041 4003 vii.
1076 3971 1119 4018 3.
1159 3958 1445 4007 dictatorem
1485 3967 1686 4022 propter
1748 3964 1908 4023 batur,
1928 3964 2012 4012 ubi
2037 3962 2242 4026 patricio
2265 3964 2444 4025 cuique
2467 3964 2678 4014 liberum
2699 3968 2770 4015 lo-

664 4018 971 4068 tribunorum
1012 4020 1167 4083 plebis
1203 4022 1361 4073 minas
1398 4024 1684 4086 magistratu
1749 4026 1930 4087 quendi
1961 4026 2212 4076 arbitrium
2247 4035 2366 4079 erat.
2418 4029 2630 4083 Niebhr.
2655 4030 2690 4081 i.
2719 4046 2770 4093 p.

664 4098 717 4131 se
737 4084 991 4133 abdicasse
1014 4084 1246 4147 legimus:
1278 4088 1463 4150 quippe
1478 4089 1560 4135 lex
1583 4102 1682 4137 xn.
1751 4100 1858 4151 554.

666 4146 789 4195 Tab.
822 4147 897 4196 ita
928 4149 1131 4209 ferebat,
1159 4152 1219 4201 de
1250 4155 1409 4213 sapite
1438 4154 1560 4200 civis
1583 4154 1683 4200 nisu·
1811 4168 1844 4217 9
1878 4154 2126 4212 Quantum
2160 4157 2436 4216 interesset]
2489 4156 2656 4220 Magis
2689 4158 2770 4207 Li-

658 4226 755 4272 ρω·
775 4214 1042 4261 mximum
1060 4216 1358 4263 militatum
1373 4216 1676 4273 neser-unco.-
1746 4216 1944 4266 vianum
1959 4217 2205 4267 Crevierio
2223 4218 2416 4268 videtur
2434 4228 2680 4283 quantum
2693 4225 2766 4271 in-

666 4277 717 4320 et
738 4289 889 4347 quum
921 4291 1091 4324 omnes
1123 4276 1433 4339 magistratus
1458 4284 1570 4339 post
1599 4280 1680 4332 de-
1746 4288 1938 4340 cere-we,
1952 4282 2082 4344 quod
2107 4282 2369 4345 legendum
2387 4285 2563 4332 suadet
2579 4285 2766 4335 Grono-

665 4344 983 4387 oemvxratum
997 4344 1230 4400 tanquam
1240 4342 1492 4403 deinteyro
1500 4358 1682 4393 novum
1750 4345 1872 4405 vius,
1895 4351 1945 4395 et
1967 4346 2018 4393 in
2040 4350 2236 4395 textum
2260 4347 2478 4409 reposuit
2501 4348 2722 4399 Bekket.
