3000 4784
807 246 999 313 LIB.
1049 244 1136 315 X.
1201 245 1423 311 CAP.
1471 252 1574 311 22.

2116 252 2237 313 581

162 404 317 447 num
359 382 766 471 contingente
809 404 1049 471 agrum,
1095 384 1204 449 ubi
1253 382 1486 471 Sinope
1532 382 1765 448 dicitur
1806 381 2053 447 Graeca
2092 383 2242 448 urbs
2262 392 2337 442 U:
2352 390 2411 441 c.
2434 388 2545 453 456-

119 486 146 539 7
162 470 370 548 fuisse,
405 468 703 535 Sinuessa
729 468 962 535 deinde
991 470 1072 534 ab
1101 468 1340 535 colonis
1363 469 1669 534 Romanis
1698 468 2023 570 appellata-
2094 468 2242 534 Tri-
2256 456 2319 505 A.
2352 456 2412 506 C·
2437 452 2547 519 29⁶·

163 556 348 621 bunis
384 555 588 643 plebis
623 556 952 643 negotium
999 555 1217 621 datum
1271 568 1387 635 est,
1437 568 1511 620 ut
1550 555 1878 643 plebiscito
1923 556 2246 621 iuberetur

163 642 236 707 P.
275 642 682 730 Sempronius
709 656 958 731 praetor
990 642 1348 708 triumviros
1382 642 1451 706 in
1483 666 1562 706 ea
1597 641 1739 708 loca
1770 641 2008 707 colonis
2042 642 2246 708 dedu-

163 729 382 795 cendis
410 751 656 795 creare:
689 752 828 807 nec,
851 729 964 817 qui
985 730 1246 793 nomina
1272 728 1515 806 darent,
1538 729 1721 794 facile
1742 730 2243 808 inveniebantur,

117 828 148 877 8
166 815 316 915 fluia
343 816 411 879 in
439 816 774 881 stationem
803 840 869 881 se
896 838 1092 903 prope
1116 828 1489 903 perpetuam
1512 814 1773 881 infestae
1794 816 2089 917 regionis,
2112 840 2244 882 non

164 926 233 965 m
283 924 480 990 agros,
533 903 703 967 mitti
751 904 1068 967 rebantur.

1159 902 1414 967 Avertit
1470 904 1551 967 ab
1601 902 1677 967 iis
1734 926 1899 967 cuns
1954 916 2243 969 senatum

167 988 457 1055 Etruriae
487 990 923 1077 ingravescens
949 988 1207 1065 bellum,
1239 1000 1305 1053 et
1333 989 1587 1054 crebrae
1608 988 1827 1053 literae
1859 989 2080 1077 Appii,
2110 1014 2249 1055 mo-

167 1076 396 1153 nentiS,
452 1099 536 1141 ne
594 1076 868 1164 regionis
918 1078 1055 1141 eius
1105 1086 1347 1139 motum
1403 1074 1835 1162 negligerent:
1910 1084 1931 1114 ‘
1950 1089 2249 1164 quattuor
2266 1084 2516 1141 Quattuor

169 1170 430 1313 ἶῗὲιηεε
451 1163 732 1229 conferre
744 1166 947 1240 arma,
969 1162 1286 1239 Etrusco&
1323 1160 1656 1239 Samnites,
1684 1162 1979 1239 Umbros,
2009 1162 2243 1228 Gallos·

284 1272 349 1313 m

378 1262 578 1314 castra
602 1248 890 1315 bifariam
917 1249 1082 1313 facta
1107 1270 1261 1347 esse,

2263 1154 2431 1221 gentes
2452 1148 2505 1195 in

1286 1247 1440 1363 quia
1467 1271 1632 1312 unus
1658 1248 1834 1313 locus
1862 1271 2085 1335 capere
2109 1263 2249 1314 tan-
2266 1214 2519 1325 fflsseffin,

170 1344 342 1401 ‘tam
388 1334 862 1401 multitudinem
907 1358 1040 1399 non
1083 1347 1294 1422 possit.
1406 1334 1512 1400 Ob
1546 1335 1722 1412 haec,
1755 1347 1822 1400 et
1860 1335 2017 1423 (iam
2056 1359 2135 1424 ap
2218 1340 2578 1389 -armaadver-
2596 1352 2613 1358 ”

169 1423 342 1488 tebat
371 1421 650 1509 tempus)
684 1422 1084 1487 comitiorum
1123 1444 1310 1486 causa
1338 1420 1413 1486 L.
1448 1420 1824 1487 Volumnius
1863 1422 2079 1487 consul
2177 1446 2248 1487 o-

169 1532 339 1573 mam
381 1522 706 1574 revocatus
728 1532 766 1610 :-
793 1508 907 1596 qui
947 1508 1140 1596 priuS,
1171 1531 1365 1595 quam
1407 1508 1490 1573 ad
1532 1508 1897 1595 suffragium
1934 1510 2250 1574 centurias

169 1609 440 1673 vocaret,
483 1596 550 1660 in
590 1618 958 1661 concionem
1007 1593 1310 1660 advocato

1434 1593 1606 1681 pu10,
1644 1595 1844 1661 multa
1880 1595 1961 1661 de
2006 1597 2253 1683 magni-

171 1682 392 1748 tudine
436 1681 588 1747 belli
627 1681 878 1747 Etrusci
923 1680 1233 1747 disseruit.
1327 1690 1346 1719 ‘
1404 1703 1506 1745 am
1552 1695 1707 1759 tum,
1740 1706 1939 1769 quum
1983 1683 2117 1770 ipse
2162 1682 2251 1748 ibi

173 1777 193 1807 ‘
214 1792 362 1834 cum
392 1768 634 1856 collega
659 1791 793 1833 rem
821 1768 1057 1856 pariter
1083 1768 1363 1856 gesserit,
1392 1768 1583 1833 fuisse
1614 1780 1863 1833 tantum
1891 1767 2149 1847 bellum,
2180 1781 2255 1833 ut

175 1864 194 1893 ‘
212 1879 338 1921 nec
358 1854 521 1920 duce
552 1877 700 1933 un0,
727 1878 846 1921 nec
869 1855 1153 1920 exercitu
1179 1854 1314 1943 geri
1337 1855 1655 1955 potuerit:
1688 1856 2015 1921 accessisse
2037 1869 2257 1943 postea

175 1950 194 1979 ‘
215 1942 346 2007 dici
369 1942 666 2019 Umbroe,
697 1954 764 2006 et
789 1942 1114 2029 ingentem
1145 1954 1494 2007 exercitum
1522 1940 1871 2007 Gallorum.
1934 1942 2257 2008 Adversus

176 2037 196 2066 ‘
216 2040 518 2115 quattuor

177 2124 196 2154 ‘
215 2116 427 2180 issent.

644 2026 828 2116 pulos
871 2028 1064 2093 duces
1106 2028 1394 2093 consules
1437 2026 1547 2091 illo
1590 2027 1695 2093 die
1744 2028 1937 2114 deligi
1990 2030 2259 2094 memin-

608 2162 627 2191 ,
657 2114 780 2179 nisi
812 2114 1178 2191 confideret,
1209 2136 1358 2177 eum
1387 2134 1699 2177 consensu
1730 2114 1951 2201 populi
1984 2114 2261 2179 Romani

177 2209 197 2240 ‘
215 2201 542 2267 consulem
591 2200 975 2266 declaratum
1023 2200 1122 2277 iri,
1175 2200 1287 2287 qui
1346 2198 1520 2264 haud
1569 2199 1760 2265 dubie
1822 2213 1960 2264 tum
2021 2202 2261 2287 primus

179 2297 199 2327 ‘
217 2288 506 2353 omnium
569 2287 798 2353 ductor
854 2287 1176 2365 habeatur,
1236 2286 1610 2350 dictatorem
1674 2286 1864 2351 fuisse
1938 2286 2259 2373 extemplo

178 2384 199 2413 ‘
218 2374 577 2440 dicturum.'
649 2373 914 2439 Nemini
943 2372 1209 2439 dubium
1237 2385 1388 2450 erat,
1420 2371 1581 2460 quin
1608 2371 1690 2447 Q
1712 2372 1943 2438 Fabius
1973 2373 2257 2439 omnium
2372 2359 2474 2418 22·

131 2485 162 2534 9
177 2484 488 2527 consensu
529 2460 988 2537 destinaretur3
1034 2482 1308 2547 eumque
1354 2473 1420 2524 et
1459 2460 1909 2547 praerogativa,
1946 2472 2012 2525 et
2054 2460 2259 2548 primo

243 2672 270 2719 7
292 2662 552 2721 Sinuessa]
575 2659 742 2709 Hodie
752 2662 928 2710 Monte
939 2663 1188 2722 Βναροηι,

177 2725 312 2775 haud
348 2726 516 2788 procul
537 2724 721 2787 oppido
743 2725 874 2787 quod
899 2724 1045 2773 hodie
1064 2726 1188 2773 San-

179 2798 233 2839 ta
253 2792 421 2851 Ayata
443 2796 657 2838 vocatur.

244 2856 274 2903 8
297 2856 366 2902 In
383 2856 660 2913 stationem]
692 2854 756 2901 In
773 2850 1064 2915 praesidium
1083 2868 1189 2915 per-

179 2924 406 2980 petuum,
418 2932 518 2965 non
538 2918 603 2965 ad
623 2932 762 2980 agnos
782 2918 1024 2966 colendos.
1091 2917 1190 2966 Re-

180 2982 257 3045 gio
277 2988 446 3030 autem
473 2981 600 3029 adeo
623 2981 800 3029 infesta
828 2987 918 3029 aut
947 2982 1012 3029 ab
1043 2980 1191 3029 hosti-

183 3046 292 3106 bus,
311 3052 399 3093 aut
419 3046 482 3093 ab
508 3044 795 3107 intemperie
827 3045 950 3093 coeli
981 3045 1190 3094 habeba-

183 3115 280 3170 tur,
313 3115 385 3170 ut,
418 3108 508 3157 nisi
541 3108 670 3159 cives
709 3108 940 3169 Romani,
976 3109 1026 3158 in
1063 3111 1190 3158 eolo-

181 3173 317 3223 niam
338 3189 436 3222 non
459 3172 592 3221 missi
613 3172 806 3222 fuerint.

247 3254 280 3303 9
310 3240 684 3299 Proser-warina,
703 3244 750 3287 et
779 3240 938 3300 primo
967 3239 1186 3297 vocaeae]

185 3302 366 3351 Ascon.
395 3302 460 3350 ad
489 3300 593 3351 Cic.
618 3302 758 3350 Verr.
794 3300 826 3351 i.
857 3316 902 3365 9.
933 3316 1194 3363 praev-oya-

185 3369 316 3417 ἤυσε
345 3367 499 3415 tribus
525 3373 642 3414 mne
663 3382 789 3429 quae
801 3368 996 3428 primae
1015 3366 1195 3427 suffra-

179 3432 319 3491 gium
328 3431 510 3490 serunt
527 3437 644 3480 ante
670 3431 781 3479 iure
801 3436 1006 3479 vocatas.
1071 3430 1192 3477 Iure

185 3500 352 3543 autem
367 3500 560 3543 vocatas
575 3508 675 3542 non
691 3494 886 3543 easdem
903 3508 1016 3541 cum
1033 3494 1193 3555 primo

187 3560 366 3607 vocatis
408 3572 512 3606 esse
552 3564 683 3606 recte
725 3557 920 3615 dixeris,
963 3556 1192 3619 quoniam

188 3627 300 3683 post
327 3620 486 3683 primo
513 3628 709 3671 vocatas
737 3620 978 3670 centurias
1010 3634 1195 3679 omnes,

187 3686 311 3734 alias
333 3685 622 3747 superfuisse
641 3692 864 3749 apparet,
885 3700 1036 3747 quum
1064 3700 1193 3746 supr.

195 3762 269 3811 15.
308 3748 507 3798 comitia
545 3750 832 3813 interrupta,
864 3764 963 3797 non
999 3754 1198 3811 peracta

191 3812 480 3863 dicerentur.
568 3816 637 3863 At
681 3814 806 3862 nihil
850 3814 1058 3876 impedit
1099 3828 1198 3874 quo

191 3877 356 3927 minus
373 3880 484 3928 iure
503 3886 700 3929 voeatae
725 3894 894 3927 omues
917 3878 1196 3940 appellatae

193 3942 306 3991 sint.
377 3942 663 4006 Suspicatur
704 3943 901 4005 quidem
945 3941 1198 3991 Schulzius

189 4008 350 4068 primo
379 4014 574 4057 vocatas
606 4009 670 4057 ad
703 4006 942 4069 equitum,
973 4008 1083 4056 iure
1118 4022 1196 4055 vo-

195 4076 330 4120 actas
371 4072 436 4120 ad
479 4071 702 4133 peditum
740 4070 981 4120 centurias
1011 4070 1200 4119 referre.

197 4134 382 4184 Contra
411 4134 616 4185 Niebhr.
639 4141 804 4185 censet
825 4137 985 4199 primo
1011 4142 1204 4185 vocatae

195 4212 302 4247 esse
348 4200 590 4249 centurias
635 4200 852 4249 tribuum
899 4200 1204 4259 rusticarum,

195 4263 490 4312 urbanarum
525 4270 692 4313 autem
723 4272 960 4327 postremo
995 4271 1204 4321 vocatas,

199 4340 368 4378 omnes
393 4344 508 4376 vero
527 4328 632 4376 iure
652 4332 848 4377 vocatas
867 4327 981 4387 dici,
1002 4332 1058 4376 ut
1079 4342 1206 4389 quae

201 4391 367 4442 ordine
409 4392 514 4442 iure
553 4392 694 4441 finito
731 4391 957 4455 suffragia
991 4390 1199 4441 inirent:

1251 2664 1400 2734 atque
1427 2662 1588 2722 primo
1623 2668 1819 2738 uocatas
1852 2661 2094 2711 centurias
2121 2662 2260 2739 Cice-

1255 2853 1419 2901 classis
1461 2859 1736 2903 centurius:
1792 2857 2052 2903 secundam
2096 2860 2262 2903 autem

1254 2918 1452 2966 classem
1479 2932 1583 2965 esse
1602 2925 1840 2979 postremo
1864 2926 2071 2968 vocatas.
2137 2919 2263 2975 Qui-

1255 2982 1461 3029 busdam
1509 2982 1691 3043 placet,
1733 2998 1794 3031 ex
1834 2985 1957 3046 legg.
2000 2997 2097 3033 xn.
2137 2984 2262 3034 Tab.

1256 3044 1543 3103 centuriam,
1576 3061 1701 3107 quae
1734 3047 1945 3108 primum
1982 3048 2262 3111 suffragium

1257 3110 1398 3169 ferat,
1429 3115 1557 3157 sorte
1589 3110 1720 3169 duci,
1746 3126 1874 3172 quas
1903 3114 2088 3161 sortitio
2115 3128 2261 3174 prae-

1253 3182 1655 3311 ἓῗὲιῗὲἷῗςὲξὲ,
1668 3180 1889 3298 ”ffissffi
1930 3177 2264 3300 2¹:1¹2&ss

1259 3316 1417 3363 pruna
1449 3302 1789 3349 tantummodo
1826 3302 1979 3350 classe
2017 3302 2264 3363 Serviana,

1260 3370 1429 3427 postea
1468 3370 1637 3412 autem
1676 3380 1737 3412 ex
1775 3366 2001 3414 omnibus
2036 3367 2265 3415 centuriis

1255 3428 1452 3477 ductam
1468 3444 1573 3476 esse
1584 3428 1783 3477 coniicit
1797 3429 2051 3479 schulzius
2066 3450 2081 3489 3
2100 3432 2263 3494 magni

1255 3498 1421 3541 autem
1475 3492 1711 3541 momenti
1759 3500 1862 3542 erat
1905 3496 2265 3558 praerogativas

1257 3556 1553 3617 suffragium,
1570 3556 1751 3619 quippe
1768 3558 1900 3619 quod
1920 3559 2136 3622 reliquae
2153 3574 2261 3608 cen-

1258 3620 1414 3668 turiae
1433 3634 1604 3668 omnes
1623 3626 1711 3669 aut
1732 3623 2010 3685 pleraeque,
2029 3632 2265 3686 tanquam

1260 3700 1404 3732 omen
1440 3684 1766 3746 comitiorum,
1799 3694 2124 3749 sequerentur.
2160 3690 2265 3739 Cic.

1261 3748 1375 3797 Div.
1436 3748 1486 3797 ii.
1550 3764 1626 3810 40.
1686 3766 1773 3812 pro
1832 3752 2003 3802 Plane.
2054 3768 2133 3803 so.
2204 3754 2265 3804 cf.

1259 3812 1418 3862 Fussii
1451 3813 1621 3876 Antiq.
1661 3815 1808 3875 Rom.
1849 3816 1877 3875 ἕ
1920 3816 2023 3880 163.
2060 3818 2144 3879 qui
2182 3818 2267 3867 Sa-

1261 3876 1408 3941 vignii
1455 3877 1694 3927 rationem
1743 3881 1932 3943 probat.
2016 3882 2269 3943 savignius

1261 3940 1392 3991 enim
1427 3942 1478 3991 in
1512 3941 1715 4005 singulis
1748 3943 1967 3993 tribubus
1996 3959 2148 3993 unam
2180 3950 2270 3993 aut

1261 4008 1428 4069 plures
1459 4006 1704 4056 iuniorum
1738 4014 1789 4056 et
1822 4008 2063 4056 seniorum
2090 4024 2121 4057 e
2151 4023 2269 4070 qua*

1267 4071 1387 4119 libet
1430 4071 1585 4119 classe
1624 4071 1867 4120 centurias
1899 4070 2047 4120 fuisse
2088 4078 2271 4133 censet,

1267 4136 1352 4183 sed
1373 4136 1531 4183 multo
1552 4134 1849 4197 probabilius
1868 4150 2034 4195 unam,
2054 4136 2125 4185 ita
2142 4135 2271 4185 utin

1267 4198 1466 4261 singulis
1518 4198 1738 4247 tribubus
1794 4199 1965 4247 decem
2028 4200 2277 4250 centuriae

1267 4264 1543 4311 evaderent.
1576 4264 1637 4311 cf.
1660 4278 1716 4310 su
1753 4278 1791 4312 r.
1814 4280 1859 4314 v.
1888 4264 1962 4313 18.
1990 4279 2040 4313 x.
2062 4276 2136 4329 15.
2166 4265 2275 4315 infr.

1266 4326 1398 4377 xxvi.
1422 4340 1499 4389 23.
1532 4326 1681 4376 xxvii.
1735 4363 1750 4375 .

2264 1422 2347 1455 sus
2363 1406 2509 1454 Rom.

2276 2441 2459 2491 Fabius
2477 2456 2549 2489 re-

2276 2520 2450 2555 cusans
2464 2505 2579 2555 Cos.

2278 2569 2491 2633 eligitur.-
