3000 4784
877 186 1069 252 LIB.
1126 184 1213 252 IL
1282 186 1506 253 CAP.
1555 194 1656 254 61.
2185 196 2300 258 141

198 323 365 387 Tum
404 323 587 402 duci,
622 336 765 389 tum
804 340 1067 425 propter
1108 326 1337 391 ducem
1369 325 1666 391 Patribus
1707 350 1960 414 quoque
2051 328 2311 393 lacatior
2327 344 2395 394 U.
2419 344 2478 394 c.
2503 344 2614 405 283.

197 411 513 475 exercitus
558 410 795 488 rediit3
840 412 961 477 sib1
1006 426 1355 499 parentem,
1396 413 1578 477 alteri
1623 414 1930 479 exercitui
2021 416 2305 479 ominum
2326 411 2388 459 A.
2421 410 2479 459 ⁰·
2503 409 2618 473 4⁶9⁴

197 496 413 561 datum
444 498 529 562 ab
562 510 816 575 senatu,
848 520 1221 563 memorans..

286 584 485 648 Varia
511 584 781 650 fortuna
806 584 980 661 belli,
1009 586 1208 650 atroci
1231 586 1546 650 discordia
1565 586 1740 652 domi
1763 586 2038 673 forisque
2069 609 2308 653 annum

197 683 516 747 exactum,
566 671 893 757 insignem
944 674 1217 737 maxime
1262 672 1521 737 comitia
1565 674 1804 737 tributa
1843 674 2162 751 efficiunt3
2210 697 2312 739 res

160 786 175 817 ι
196 758 393 821 maior
434 757 719 821 victoria
760 759 1034 844 suscepti
1080 760 1458 837 certaminiS‚
1509 782 1700 846 quam
1749 782 1901 824 usu:
1950 759 2092 847 plus
2133 761 2306 825 enim

196 843 528 929 dignitatis
560 845 843 909 comitiis
870 845 1023 932 ipsis
1052 845 1405 909 detractum
1442 860 1557 923 est,
1590 847 1884 911 Patribus
1919 870 2000 910 ex
2041 846 2312 912 concilio

158 957 181 989 2
198 931 705 1007 summovendi&
758 954 952 1017 quam
1010 932 1237 995 virium
1296 946 1408 997 aut
1464 931 1638 1019 plebi
1695 933 1985 997 additum
2044 946 2140 997 est
2201 946 2310 997 aut

197 1015 536 1103 demptum
569 1017 888 1083 Patribus.

158 1129 184 1175 3
281 1102 761 1168 Turbulentior
788 1105 940 1169 inde
968 1126 1172 1168 annus
1194 1104 1465 1191 excepit,
1491 1105 1568 1169 L.
1591 1105 1873 1183 Valerio,
1900 1105 2002 1170 Ti.
2028 1105 2310 1170 Aemilio
2433 1120 2533 1180 61,

198 1189 595 1269 consulibus,
662 1214 863 1277 quum
927 1204 1187 1277 propter
1252 1192 1598 1255 certamina
1661 1192 1958 1255 ordinum
2016 1192 2097 1257 de
2165 1192 2308 1278 lege
2329 1204 2398 1253 U.
2421 1206 2480 1252 e.
2505 1204 2616 1263 284.

378 1276 459 1353 'a,
500 1290 650 1341 tum
690 1289 949 1364 propter
987 1276 1293 1342 iudicium
1327 1277 1453 1365 Ap.
1492 1276 1789 1341 Claudii:
1838 1278 1960 1355 cui,
2003 1279 2310 1342 acerrimo
2328 1269 2388 1380 ἲ·
2405 1266 2615 1377 {²1⁴⁶ss-

160 1384 187 1426 4
278 1364 564 1427 versario
612 1364 790 1449 legiS,
822 1386 1203 1450 causamque
1242 1386 1664 1451 possessorum
1705 1364 1946 1451 publici
1986 1366 2140 1515 agi,
2173 1378 2312 1427 tan-
2330 1346 2616 1445 11‘‚r13}eA¹¹{’.

163 1464 187 1511 5
244 1470 390 1512 uam
439 1452 644 1515 tertio
689 1450 951 1527 consuli,
982 1452 1339 1527 sustinenti,
1374 1450 1471 1515 M.
1507 1450 1764 1515 Duilius
1807 1464 1874 1515 et
1921 1450 1998 1515 C.
2085 1450 2312 1515 icinius
2329 1459 2466 1507 milio
2483 1460 2622 1511 Coss.

162 1470 371 1598 6diem
419 1536 674 1601 dixere.
768 1536 1122 1624 Nunquam
1168 1551 1315 1601 ante
1362 1550 1492 1601 tam
1538 1538 1776 1601 invisus
1821 1537 1994 1625 plebi
2041 1560 2186 1603 reus
2231 1537 2312 1601 ad
2330 1561 2603 1608 Accusatur

166 1640 189 1687 7
206 1618 517 1687 iudicium
546 1636 813 1688 vocatus
898 1624 1073 1710 opuli
1113 1638 1226 1701 est,
1262 1623 1491 1711 plenus
1531 1646 1803 1701 suarum,
1837 1624 2064 1711 plenus
2101 1637 2314 1711 pater-
2331 1623 2539 1685 Appius.

168 1722 194 1766 8
208 1726 429 1772 narum
460 1710 729 1775 irarum.
820 1646 1041 1775 Ignes
1068 1734 1327 1797 quoque
1364 1734 1493 1775 non
1534 1723 1772 1775 temere
1802 1733 1918 1798 pro
1949 1710 2080 1775 ullo
2109 1732 2312 1810 aeque

208 1794 409 1858 annisi
462 1810 663 1861 sunt:
770 1810 1257 1883 ropugnatorem
1316 1810 1588 1874 senatuS,
1643 1798 2112 1884 maiestatisque
2175 1820 2314 1861 vln-

212 1878 416 1944 dicem
453 1906 637 1961 suae,
686 1820 771 1947 ag
816 1906 1036 1948 omnes
1084 1884 1453 1948 tribunicios
1487 1883 1899 1971 plebeiosque
1949 1884 2313 1971 oppositum

214 1967 541 2047 tumultus,
577 1969 844 2035 modum
892 1970 1202 2034 duntaxat
1244 1971 1311 2034 in
1356 1971 1700 2035 certamine
1745 1994 1782 2035 e
1858 1993 2086 2047 essum,
2119 1969 2314 2034 iratae

217 2052 399 2117 obiici
440 2056 644 2141 plebi.
738 2056 925 2120 Unus
970 2080 1005 2120 e
1046 2056 1361 2134 PatribuS,
1403 2057 1538 2156 ipse
1572 2056 1697 2143 Ap.
1735 1994 2064 2133 Cffiudius,
2097 2070 2164 2120 et
2202 2056 2315 2120 tri-

216 2136 435 2218 bunoS,
478 2156 549 2207 et
596 2141 871 2229 plebem,
910 2156 976 2206 et
1022 2165 1207 2207 suum
1254 2143 1562 2207 iudiclum
1609 2166 1726 2229 pro
1773 2143 1974 2207 nihilo
2020 2142 2311 2207 habebat.

220 2220 403 2289 Illum
456 2251 599 2294 non
651 2230 858 2293 minae
910 2228 1130 2316 plebis,
1184 2250 1317 2293 non
1376 2242 1630 2293 senatus
1687 2252 1906 2315 preces
1963 2228 2314 2315 perpellere

180 2331 496 2397 ‘nmquam
528 2328 819 2403 potuere,
842 2338 972 2380 non
1004 2316 1196 2381 modo
1218 2330 1292 2379 ut
1312 2329 1552 2381 vestem
1581 2328 1877 2392 mutaret,
1903 2330 2012 2381 aut
2042 2314 2312 2403 supplex

218 2416 541 2479 prensaret
564 2402 893 2479 homines;
926 2402 1038 2467 sed
1060 2425 1143 2466 ne
1166 2415 1242 2465 ut
1262 2425 1343 2466 ex
1368 2396 1670 2466 c'onsueta
1691 2403 1952 2487 quidem
1975 2403 2314 2489 asperitate

225 2485 534 2567 orationis,
580 2512 781 2575 quum
830 2489 911 2552 ad
957 2488 1267 2575 populum
1314 2488 1562 2574 agenda
1607 2510 1795 2551 causa
1840 2502 2021 2565 esset,
2072 2486 2316 2573 aliquid

222 2564 447 2637 leniret
474 2590 673 2663 atque
704 2576 1144 2639 summitteret.
1236 2573 1417 2638 Idem
1446 2572 1700 2638 habitus
1729 2574 1872 2650 oriS‚
1905 2574 2124 2637 eadem
2167 2596 2318 2637 con-

228 2661 491 2725 tumacia
528 2663 605 2726 in
636 2662 836 2738 vultu,
870 2660 1039 2725 idem
1080 2662 1149 2723 in
1193 2661 1475 2726 oratione
1521 2659 1776 2746 spiritus
1820 2671 1991 2724 erat:
2041 2660 2201 2724 adeo
2246 2671 2320 2723 ut

227 2760 448 2830 magna
474 2768 625 2836 pars
654 2748 855 2834 plebis
887 2748 1177 2835 Appium
1206 2770 1339 2811 non
1368 2747 1580 2811 minus
1609 2768 1789 2810 reum
1821 2746 2092 2823 timeret,
2126 2768 2318 2832 quam

293 3006 311 3039 1
346 2996 473 3044 Plus
520 2998 649 3045 enim
694 2998 972 3057 dignitatis]
1030 2996 1234 3058 Quippe
1296 2994 1516 3057 agnoscit
1537 2994 1676 3042 initio
1698 2992 1780 3044 lib.
1805 3009 1904 3057 seq.
1956 2993 2150 3056 Appius
2169 2992 2317 3055 igitur

232 3068 372 3113 quum
415 3074 567 3108 omne
605 3060 680 3107 ius
722 3059 1045 3121 auspiciorum
1084 3076 1235 3122 penes
1297 3058 1407 3107 ideo
1426 3064 1659 3120 tanquam
1679 3059 1849 3107 tertius
1865 3063 1968 3106 erat
1983 3058 2315 3119 consul‚quod

233 3124 385 3177 patres
415 3130 563 3183 esset,
585 3124 707 3172 haee
728 3124 927 3172 comitia
946 3138 1045 3171 non
1074 3125 1233 3185 auspi·
1298 3124 1553 3171 consulum
1575 3123 1680 3184 ipae
1703 3130 1864 3184 partes
1885 3121 2053 3170 obiret.
2088 3123 2250 3171 Carus.

232 3190 336 3231 cato
357 3186 559 3239 flebant.
1364 3186 1395 3235 6
1426 3188 1572 3235 Diem
1613 3188 1806 3245 dixere]
1863 3186 1966 3233 Res
2013 3186 2178 3247 plures
2216 3187 2316 3248 Ap-

271 3262 321 3319 ·'1
354 3254 516 3309 Quam
551 3254 758 3311 virium]
801 3252 861 3301 ef.
897 3250 973 3313 56.
1009 3264 1085 3313 57.
1135 3253 1236 3313 Ap-
1300 3250 1383 3311 pio
1418 3248 1604 3297 crimini
1637 3250 1778 3297 datas
1808 3255 2047 3297 memorat
2077 3250 2226 3298 Dion.
2251 3250 2316 3299 ix.

237 3322 339 3368 Plus
378 3316 524 3365 aliter
560 3316 765 3375 censuit,
792 3319 1043 3379 yraviores
1080 3318 1237 3379 accipi
1304 3330 1379 3375 54.
1414 3313 1499 3375 qui
1539 3313 1686 3361 etiam
1723 3329 1821 3361 non
1854 3328 1966 3361 eum
2001 3314 2171 3361 morbo
2191 3329 2316 3361 mor-

236 3378 537 3440 conditiones,
559 3397 703 3444 quam
728 3383 785 3428 in
804 3382 955 3428 Sacro
986 3386 1140 3429 monte
1161 3396 1238 3428 ae-
1302 3385 1444 3425 tuum
1480 3394 1601 3437 esse,
1631 3378 1718 3425 sed
1756 3377 1993 3426 violentas
2028 3377 2118 3426 sibi
2155 3378 2316 3441 ipsum

238 3448 393 3499 ceptae
409 3448 527 3494 sint.
1304 3441 1526 3489 intulisse
1545 3458 1720 3491 manus
1739 3442 1898 3492 refert.
1935 3442 2066 3491 Rur.

300 3518 325 3564 3
354 3510 561 3568 Annus]
592 3508 705 3557 Hoc
720 3524 849 3557 anno
872 3509 1028 3570 legem
1048 3506 1241 3556 Iciliam
1373 3517 1400 3567 7
1449 3508 1633 3555 Plenus
1673 3523 1876 3555 suarum
1925 3543 1938 3556 .
1964 3543 1976 3555 .
2001 3542 2013 3555 .
2039 3544 2052 3555 .
2095 3508 2315 3565 irarum]

242 3569 471 3624 perlatam
512 3588 614 3621 esse
658 3578 823 3621 censet
860 3572 1065 3621 Niebhr.
1106 3571 1153 3619 ii.
1190 3588 1238 3633 p.
1308 3568 1636 3631 Intelligimus
1677 3570 1790 3628 iras,
1827 3586 1924 3618 non
1969 3586 2090 3631 quas
2127 3571 2322 3633 Appius

245 3641 343 3691 231.
376 3650 471 3697 qua
508 3642 707 3685 cautum
744 3642 817 3685 est
849 3642 921 3695 ut,
950 3636 990 3683 si
1023 3636 1130 3697 quis
1162 3651 1238 3683 ac-
1302 3640 1489 3697 gereret
1527 3633 1576 3680 in
1612 3632 1822 3694 plebem,
1855 3635 1938 3681 sed
1973 3635 2148 3696 quibus
2179 3637 2322 3698 plebs

242 3691 387 3745 tiones
418 3700 701 3749 tribunicias
732 3700 1103 3762 interpellasset,
1126 3714 1241 3761 poe·
1303 3698 1353 3745 in
1377 3712 1489 3746 eum
1521 3698 1758 3759 flagraret.
1825 3697 2004 3745 Sensus
2037 3705 2110 3747 est
2141 3700 2316 3762 igitur:

242 3768 324 3805 ΜΒ
343 3765 513 3825 capitis
534 3765 707 3813 lueret.
1138 3768 1150 3784 ⁹
1306 3762 1389 3823 qui
1412 3768 1463 3810 et
1484 3776 1574 3824 per
1593 3776 1662 3820 se,
1683 3768 1734 3809 et
1756 3762 1818 3809 ob
1841 3761 2122 3811 memoriam
2152 3764 2320 3825 patris,

304 3840 333 3882 4
363 3828 716 3888 Posse-norum]
760 3828 955 3884 Quibus
984 3844 1105 3876 um
1140 3826 1241 3889 agri
1304 3842 1452 3888 supra
1486 3827 1688 3874 modum
1725 3826 1898 3874 iratam
1942 3826 1992 3874 in
2031 3840 2084 3875 se
2123 3828 2319 3889 plebem

244 3888 419 3945 Publici
440 3908 707 3942 concessus.
737 3894 796 3941 cf.
819 3908 949 3955 supr.
972 3907 1050 3953 41.
1308 3890 1520 3939 haberet.
1555 3892 1717 3940 Canv.

308 3964 333 4011 5
370 3958 617 4032 Tanquam
656 3959 797 4006 tertio
838 3958 1049 4016 consuli]
1099 3957 1243 4005 Haec
1372 3956 1401 4003 8
1435 3958 1554 4003 Non
1575 3958 1772 4015 temere]
1803 3956 1950 4004 Ram.

252 4024 339 4063 non
375 4019 441 4069 ita
476 4020 683 4083 intelligi
717 4022 911 4079 debent,
944 4020 1080 4082 quasi
1114 4036 1242 4067 com·
1370 4034 1401 4083 9
1446 4021 1628 4070 Vestem
1647 4022 1883 4079 mutaret]
1929 4020 2050 4068 Reis
2079 4034 2186 4067 mos
2216 4022 2320 4066 erat

254 4081 375 4151 {nuni
406 4101 514 4134 cum
548 4087 737 4135 duobus
772 4085 1049 4133 consulibus
1079 4084 1244 4133 animo
1308 4083 1548 4132 sordidam
1587 4090 1752 4145 togam
1791 4083 2009 4139 induere,
2046 4085 2318 4153 squalorem

249 4150 363 4203 ῚΡΒΘ,
380 4153 610 4212 tanquam
644 4149 815 4198 tertius
846 4150 1032 4207 consul,
1063 4164 1243 4210 posses-
1307 4153 1411 4195 toto
1444 4147 1614 4195 habitu
1647 4146 1907 4208 praeferre,
1939 4146 2137 4191 barbam
2172 4145 2322 4203 capil-

256 4216 401 4259 ⁸01⁹11m
444 4230 637 4263 causam
680 4214 951 4262 sustineret.
1024 4212 1245 4273 Uterque
1308 4211 1508 4272 lumque
1541 4210 1841 4271 promittere,
1867 4216 1924 4256 ut
1956 4205 2326 4255 miserabiliores

254 4270 373 4322 enim
394 4280 557 4327 consul
588 4280 784 4327 flavebat
815 4276 929 4338 legi,
949 4278 1081 4338 quod
1102 4277 1247 4323 docet
1308 4280 1481 4323 essent.
1517 4274 1680 4324 Cat-w.

260 4329 519 4401 Dionysius,
540 4348 591 4391 et
614 4341 782 4391 Livius
809 4339 915 4403 ipse
948 4340 1011 4388 de
1034 4338 1247 4389 Aemilio
