3000 4784
681 224 814 287 390
1447 215 1676 286 ΤῙΤῙ
1732 217 2003 286 LIVII

362 367 428 418 U·
451 368 512 417 C·
537 368 645 429 387.
685 357 892 445 legem
927 354 1609 443 intercedentiumque,
1646 368 1730 435 et,
1762 368 2003 443 quanto
2042 356 2181 419 iure
2220 352 2582 440 potentior
2618 350 2791 415 inter-

357 432 421 481 Ᾰ·
453 432 513 481 c·
539 430 650 494 3⁶⁵·
687 436 884 509 cessio
923 454 1079 519 erat,
1109 456 1360 506 tantum
1394 443 1757 508 vinceretur
1792 442 2005 507 favore
2044 439 2260 528 legum
2294 439 2613 527 ipsarum
2656 436 2793 499 lato-

362 540 628 613 pertnqnen
687 551 977 629 rumque,
1037 542 1122 605 et,
1185 537 1206 566 ‘
1231 527 1349 593 Uti
1414 530 1638 629 roga&
1694 528 1861 643 prim
1994 526 2197 591 tribus
2252 525 2619 599 dicerent3
2678 536 2830 586 turm
2917 589 2918 623 r

359 608 490 651 mter
504 602 655 651 ‘hm'
693 613 1022 691 Camsslus,
1084 622 1104 652 ‘
1132 613 1695 701 Quandoquidem,
1782 613 2012 703 inquit,
2075 622 2095 651 ‘
2120 611 2445 688 Quirites,
2514 611 2657 674 iam
2708 627 2801 669 vos
2915 631 2920 643 ·

360 672 596 779 ἓξὲξ
689 709 710 740 ‘
731 700 1070 767 tribunicia
1113 699 1330 780 libido,
1375 724 1511 765 non
1556 713 1852 788 potestas,
1898 700 2080 787 regit,
2126 713 2195 763 et
2242 696 2803 791 intercessiones,

690 794 711 825 ‘
731 785 1080 852 secessione
1115 786 1441 874 quondam
1473 786 1679 887 plebis
1716 800 1981 874 partam,
2011 785 2193 850 vobis
2224 783 2471 848 eadem
2506 782 2580 847 vi
2618 780 2808 844 famus

692 882 712 912 ‘
733 873 994 949 irritam,
1025 895 1156 960 qua
1187 870 1561 961 'peperistis3
1608 896 1737 937 non
1774 872 2159 959 reipublicae
2197 870 2409 956 magis
2448 868 2806 939 universae,

693 969 712 997 ‘
735 980 928 1048 quam
946 972 1153 1023 vestra
1167 982 1373 1037 causa,
1391 959 1665 1024 dictator
1680 957 2117 1023 intercessioni
2133 956 2344 1032 adero,
2364 972 2807 1049 eversumque

693 1055 713 1084 ‘
733 1056 1012 1110 vestrum
1041 1045 1351 1109 auxilium
1378 1045 1647 1133 imperio
1674 1046 1945 1109 tutabor.
2035 1042 2072 1108 I
2182 1064 2283 1119 ue,
2302 1042 2359 1105 si
2394 1040 2495 1105 C.
2524 1038 2843 1133 Licimuss

695 1139 715 1170 ‘
737 1144 803 1197 et
825 1130 902 1195 L.
933 1130 1190 1195 Sextius
1217 1130 1651 1196 intercessioni
1673 1130 2056 1217 collegarum
2078 1152 2153 1194 ce
2200 1140 2353 1204 unt;
2406 1126 2602 1191 nihil
2630 1134 2812 1211 pum-

695 1227 716 1257 ‘
737 1218 910 1283 cium
954 1218 1384 1304 magistratum
1425 1217 1703 1281 inseram
1752 1217 2022 1282 concilio
2062 1216 2283 1303 plebis.
2378 1212 2465 1279 Si
2515 1211 2813 1275 adversm

698 1312 718 1341 ‘
737 1304 1274 1381 intercessionem,
1321 1318 1624 1389 tanquam
1676 1316 1895 1390 captae
1938 1303 2177 1367 civitati
2229 1300 2411 1401 leges
2472 1299 2809 1384 imponere

699 1398 720 1427 ‘
743 1390 1031 1467 tendent,
1076 1390 1206 1456 vim
1249 1390 1653 1455 tribuniciam
1696 1412 1737 1453 a
1778 1412 1845 1453 se
1888 1389 2027 1475 ipsa
2070 1386 2326 1452 dissolvi
2364 1406 2525 1450 non
2574 1378 2813 1478 patiar-⁹

699 1474 1026 1540 Adversus
1068 1499 1148 1540 ea
1189 1496 1390 1563 quum
1431 1474 1847 1561 contemptim
1890 1474 2129 1538 tribuni
2166 1473 2367 1560 plebis
2406 1492 2572 1535 rem
2618 1463 2811 1563 nihllq

697 1561 954 1647 segnius
991 1574 1386 1649 peragerent,
1419 1574 1557 1625 tum
1595 1559 1875 1647 percitus
1902 1561 1996 1624 ira
2032 1558 2343 1624 Camillus
2368 1558 2677 1632 lictores,
2708 1572 2813 1649 qu}

699 1646 780 1710 de
827 1646 1040 1711 medio
1077 1648 1331 1734 plebem
1373 1659 1759 1724 emoverent,
1804 1646 2010 1710 misit:
2072 1658 2139 1709 et
2176 1644 2431 1709 addidit
2476 1644 2721 1717 minas,
2760 1660 2805 1736 ξι

697 1744 1054 1817 pergerent,
1095 1745 1488 1797 sacramento
1527 1754 1749 1797 omnes
1788 1732 2069 1797 iuniores
2110 1731 2525 1807 adacturum,
2570 1746 2811 1793 exerm-

701 1832 964 1902 tumque
983 1831 1195 1881 extem
1241 1818 1305 1881 lo
1327 1840 1409 1881 ex
1431 1818 1589 1882 urbe
1612 1817 2009 1883 educturum.
2100 1817 2441 1881 Terrorem
2468 1818 2803 1902 ingentem

699 1903 1046 1966 incusserat
1083 1902 1186 1989 ple
1233 1904 1289 1980 i;
1337 1902 1608 1968 ducibus
1679 1904 1837 1969 lebis
1872 1903 2165 1969 accendit
2200 1904 2405 1989 magis
2444 1896 2803 1967 certamine

700 1987 962 2066 animOS,
987 2011 1180 2075 quam
1209 1990 1455 2053 minuit.
1681 2040 1700 2068 ,
1724 2012 1793 2054 re
1822 2002 2051 2055 neutro
2078 1989 2399 2066 inclinata,
2420 1983 2842 2075 magistram

699 2096 766 2137 se
785 2073 1129 2151 abdicavit3
1175 2098 1288 2139 seu
1306 2076 1458 2162 quia
1471 2076 1629 2141 vitio
1644 2091 1891 2141 creatus
1908 2088 2062 2155 erat,
2080 2087 2155 2140 ut
2170 2076 2477 2163 scripsere
2502 2070 2799 2163 quidam:

632 2204 648 2215 -
699 2183 814 2225 seu
863 2162 1016 2247 quia
1060 2162 1300 2226 tribuni
1338 2161 1541 2263 plebis
1592 2162 1877 2226 tulerunt
1919 2162 2002 2226 ad
2096 2162 2323 2238 lehem,
2367 2161 2583 2261 idque
2626 2154 2803 2244 plebs

701 2247 901 2324 scivit,
921 2260 1013 2324 ut,
1033 2248 1088 2311 si
1107 2247 1202 2311 M.
1218 2247 1444 2311 Funus
1461 2270 1577 2334 pro
1594 2248 1901 2312 dictatore
1920 2184 2095 2349 quid,
2094 2248 2344 2334 egisset,
2362 2254 2793 2334 quingentum
2812 2250 2835 2299 7

701 2331 970 2395 millium
1001 2334 1062 2397 ei
1081 2333 1283 2397 multa
1309 2349 1490 2397 esset.
1586 2332 1717 2398 Sed
1733 2334 2028 2421 auspiciis
2044 2334 2262 2420 magis,
2286 2356 2483 2421 quam
2516 2328 2676 2396 novi
2694 2346 2798 2424 ‹⁷31-

703 2418 898 2517 empli
927 2419 1274 2505 rogatione,
1307 2418 1681 2484 deterritum
1712 2434 1784 2483 ut
1812 2421 2029 2521 potius
2054 2420 2329 2497 credam,
2362 2440 2575 2505 quum
2606 2415 2795 2564 iffflus

373 2517 432 2591 1³5
455 2516 678 2565 Manlius
701 2504 818 2567 vin
846 2504 1000 2569 facit
1035 2505 1385 2592 ingenium,
1419 2520 1555 2571 tum
1586 2502 1759 2592 quod
1790 2528 1853 2571 ei
1880 2507 2180 2571 suffectus
2224 2518 2321 2571 est
2359 2519 2631 2590 extemp
2656 2521 2697 2562 o
2724 2494 2791 2559 P.
2808 2499 2835 2546 8

370 2581 594 2630 dxctator.
701 2588 986 2654 Manlius
1014 2590 1318 2655 dictator:
1365 2591 1591 2678 (quem
1620 2590 1779 2678 quid
1808 2594 2008 2656 creari
2046 2592 2355 2657 attinebat
2382 2590 2466 2655 ad
2496 2590 2568 2655 id
2598 2596 2793 2652 eertu-

699 2698 870 2753 men,
916 2700 1045 2763 quo
1101 2674 1196 2741 M.
1223 2676 1450 2741 Furius
1491 2678 1695 2741 victus
1750 2690 1915 2742 esset
1930 2678 1991 2763 Ρ)
2034 2690 2101 2743 et
2140 2678 2317 2763 quod
2367 2676 2655 2742 eundem
2699 2666 2787 2733 Μ-

700 2762 963 2826 Furium
1027 2762 1403 2827 dictatorem
1459 2764 1801 2849 insequens
1858 2786 2064 2829 annus
2120 2764 2361 2841 habuit,
2422 2760 2605 2828 haud
2660 2756 2791 2852 sine

698 2847 942 2932 pudore
987 2862 1159 2911 certe
1189 2849 1457 2913 stactum
1495 2849 1703 2935 priore
1748 2872 1917 2913 anno
1961 2849 2031 2915 in
2072 2872 2139 2915 se
2178 2850 2517 2937 imperium
2562 2852 2788 2931 repen·-

701 2944 948 2995 turum:
997 2932 1180 2995 simul
1202 2933 1376 3019 quod
1393 2957 1475 2997 eo
1504 2948 1811 3021 tempore,
1836 2958 1965 3023 quo
1986 2935 2457 3023 promulgatum
2480 2934 2565 2999 de
2598 2926 2788 3021 11:11th

698 3016 836 3080 eius
881 3016 1168 3093 traditur,
1199 3032 1310 3081 aut
1337 3033 1405 3082 et
1433 3018 1585 3083 huic
1613 3021 1946 3108 rogationi,
1976 3044 2107 3109 qua
2132 3044 2199 3086 se
2231 3022 2301 3085 in
2329 3021 2623 3085 ordinem
2650 3030 2781 3096 c0g¹

701 3102 972 3180 videbat,
1005 3102 1306 3167 obsistere
1325 3104 1580 3204 potuit3
1628 3122 1737 3171 aut
1766 3130 1849 3171 ne
1872 3106 2009 3171 illas
2038 3108 2321 3195 quidem,
2396 3119 2613 3193 mpter
2636 3116 2782 3201 quas

701 3202 768 3254 et
796 3189 952 3255 haec
980 3188 1108 3253 lata
1135 3202 1290 3269 erat,
1321 3190 1664 3279 impediret
1713 3206 1799 3270 et,
1830 3193 2043 3280 quoad
2072 3202 2283 3280 usque
2424 3202 2777 3257 memoriam

701 3288 979 3341 nostram
1033 3276 1384 3342 tribuniciis
1425 3277 1984 3365 consularibusque
2035 3292 2346 3344 certatum
2388 3279 2625 3343 viribus
2672 3280 2779 3342 est,

701 3362 1048 3427 dictaturae
1079 3386 1329 3451 semper
1357 3364 1543 3429 altius
1566 3363 1885 3450 fastigium
1914 3364 2051 3430 fuit.

763 3584 796 3627 4
837 3568 920 3615 Uti
943 3568 1112 3627 myas]
1163 3565 1223 3614 Id
1247 3570 1336 3626 est,
1359 3566 1446 3614 fiat
1468 3564 1540 3614 uti
1564 3580 1714 3627 rogas.
1845 3562 1877 3615 6
1909 3568 2217 3627 Magistrum
2244 3584 2297 3615 ω
2327 3567 2595 3627 abdioavit]
2642 3561 2775 3628 Han?

703 3627 820 3675 Fuit
845 3628 968 3676 haec
989 3629 1224 3677 sollennis
1245 3644 1358 3688 vox,
1379 3645 1476 3691 qua
1505 3629 1719 3693 populus
1782 3644 1885 3677 rem
1928 3630 2013 3677 alii
2056 3630 2201 3679 aliter
2240 3636 2455 3679 narrant.
2532 3630 2596 3678 In
2632 3626 2772 3692 Faus·

701 3690 920 3749 iubebat,
939 3692 1042 3739 sive
1063 3692 1298 3741 sciscebat
1319 3694 1370 3741 id
1391 3694 1523 3754 quod
1544 3694 1607 3740 ab
1629 3692 1714 3741 ali-
1780 3693 1945 3755 Capit.
1980 3693 2205 3757 legimus,
2234 3694 2523 3743 dictatorem
2558 3698 2609 3741 et
2640 3698 2771 3745 ΜΨ·

703 3767 800 3815 quo
822 3752 1105 3813 magistratu
1127 3762 1386 3817 rogaretur.
1425 3757 1585 3804 (ἷκεν.
1780 3764 1933 3805 strum
1967 3758 2206 3819 equitum,
2232 3762 2419 3805 creatos
2450 3756 2518 3805 rei
2550 3749 2774 3819 gerundflv

770 3828 797 3877 5
843 3818 1062 3864 Vestrum
1089 3820 1332 3865 aua-ilium
1361 3821 1563 3881 imperio
1588 3828 1714 3868 tuta·
1782 3834 1947 3879 causa,
1971 3824 2027 3869 ob
2052 3822 2259 3871 odicium
2288 3821 2337 3868 in
2370 3820 2554 3870 militen
2573 3834 2633 3869 ex
2652 3817 2697 3865 S.
2716 3810 2767 3858 C·

703 3879 812 3938 bor]
872 3880 1174 3927 Potestatem
1229 3881 1547 3941 tribunitiam,
1590 3898 1716 3945 quae
1780 3884 2045 3933 abdicasse.

703 3942 875 3992 auxilii
913 3943 1050 3991 vobis
1086 3943 1272 3991 ferendi
1311 3960 1458 3993 causa
1493 3945 1717 3995 instituta
1850 3961 1876 4008 7
1913 3949 2044 4006 Quia
2060 3965 2089 3997 e
2128 3950 2138 3963 ¹
2160 3950 2257 4008 set]
2308 3946 2445 3997 Hinc
2467 3947 2621 4010 liquet
2638 3942 2770 3993 dieb·

703 4014 794 4068 est,
805 4006 1012 4070 imperio
1027 4007 1286 4057 dictatorio
1301 4010 1511 4059 tutabor.
1558 4012 1718 4059 Penes
1780 4016 1935 4059 torem
1980 4012 2043 4057 ὑπ’
2148 4028 2231 4061 νον
2262 4011 2411 4061 fuine
2459 4018 2571 4074 post
2608 4014 2766 4072 annun!

701 4073 938 4133 tribunos,
972 4077 1029 4121 ut
1065 4072 1164 4121 iam
1203 4072 1460 4135 aliquoties
1496 4076 1715 4129 observa·
1780 4075 1973 4137 imperii
2002 4076 2217 4135 finitum,
2239 4076 2285 4124 vi
2308 4078 2449 4125 Ium’i
2476 4072 2719 4138 plebisciti,
2734 4078 2768 4112 Β

699 4142 807 4185 tum
831 4141 921 4195 est,
941 4139 1119 4186 ausilii
1141 4138 1252 4197 im,-
1288 4139 1544 4199 imperium
1566 4152 1717 4200 penes
1782 4138 1831 4187 N
1836 4138 1989 4187 iebhr.
1998 4138 2269 4199 audiamus,
2277 4140 2343 4189 iii.
2354 4156 2402 4202 p.
2414 4154 2493 4201 30.
2508 4126 2757 4187 iussim&

699 4200 929 4260 patricios
953 4200 1281 4263 magistratus,
1303 4202 1546 4259 consules,
1566 4200 1714 4249 tribu·
1844 4203 1875 4249 8
1906 4204 1973 4251 P.
1994 4204 2225 4260 Manlius
2256 4204 2489 4263 dictator]
2534 4200 2766 4253 wia-¹³

699 4278 788 4309 nos
823 4264 1036 4312 militum
1076 4264 1314 4315 consulari
1351 4270 1610 4325 potestate,
1644 4264 1713 4312 di·
1779 4267 2021 4315 sedandae
2053 4274 2101 4315 et
2138 4270 2213 4315 νει·
2251 4269 2505 4328 ymndae
2534 4280 2695 4321 omna,
2720 4260 2767 4305 ¹12

700 4330 924 4384 ctatores,
947 4334 1066 4375 erat.
1103 4330 1262 4376 cuv.
1436 4343 1444 4350 ·
1778 4344 1841 4376 ex
1867 4330 2060 4391 Fragm.
2086 4330 2129 4377 F
2129 4338 2218 4381 ast.
2244 4332 2407 4393 Capit.
2430 4335 2650 4393 apparet.
