3000 4784
696 188 817 247 144
1451 180 1677 247 ΤῙΤΙ
1723 180 2006 249 -L1V11

365 326 433 377 U.
456 327 516 375 C.
538 325 649 375 286.
690 320 977 383 tentoriis
1014 320 1304 406 quietum
1344 319 1611 384 militem
1651 320 1947 396 iussisset,
1983 318 2410 383 Hernicorum
2451 318 2790 382 cohortem

362 393 423 443 Α·
458 392 516 439 G.
540 390 649 451 4⁶⁶·
688 406 757 469 in
786 406 1120 470 stationem
1160 407 1412 471 educit:
1460 408 1813 471 cornicines
1843 406 2302 492 tubicinesque,
2333 407 2402 469 in
2433 428 2639 492 equos
2669 406 2832 467 im-2·

460 1098 562 1158 65.

772 492 939 569 sitos,
972 516 1195 557 canere
1238 506 1384 557 ante
1422 492 1659 557 vallum
1690 494 1883 569 iubet,
1915 492 2380 578 sollicitumque
2419 492 2678 556 hostem
2709 492 2792 555 ad

683 515 897 643 liicem
940 592 1174 645 tenere.
1270 580 1618 666 Reliquum
1657 580 1862 643 noctis
1889 580 2050 643 adeo
2091 578 2433 665 tranquilla
2459 578 2690 642 omnia
2723 578 2794 640 in

688 666 903 730 castris
968 666 1165 743 fuere,
1228 680 1299 731 ut
1356 667 1562 731 somni
1638 688 1893 753 quoque
1968 665 2272 729 Romanis
2341 665 2530 751 copia
2597 678 2788 728 efflet.

689 752 955 817 Volscos
998 754 1239 839 species
1280 766 1663 817 armatorum
1702 752 2010 839 peditum,
2054 774 2212 837 quos
2253 766 2322 815 et
2361 750 2580 839 plures
2625 772 2792 827 effic,

689 854 755 901 et
787 838 1111 903 Romanos
1194 841 1476 916 utabant‚
1508 839 1796 903 fremitus
1825 839 2238 925 hinnitusque
2278 860 2615 925 equorum,
2653 837 2790 937 qui,

688 938 755 987 et
783 926 1031 989 insueto
1063 950 1129 990 se
1178 938 1325 990 ente
1356 927 1593 1012 equite,
1626 938 1692 989 et
1731 926 1988 1012 insuper
2015 947 2197 989 aures
2233 924 2511 1011 agitante
2543 938 2791 999 sonitu,

687 1012 1065 1089 saeviebant,
1128 1013 1405 1077 intentos
1463 1012 1638 1076 velut
1695 1012 1778 1076 ad
1844 1013 2154 1099 impetum
2213 1011 2488 1075 hostium
2549 1012 2790 1074 tenuit.

690 1098 822 1163 Ubi
853 1098 1079 1176 illuxit,
1116 1100 1461 1176 RomanuS,
1492 1099 1741 1185 integer
1768 1099 2024 1162 satiatus
2070 1121 2149 1161 ue
2181 1120 2401 1161 somno
2430 1096 2794 1183 productus

688 1185 755 1247 in
796 1185 1015 1263 aciem,
1046 1186 1277 1250 fessum
1313 1186 1539 1250 stando
1567 1198 1634 1250 et
1667 1185 1896 1272 vigiliis
1937 1122 2238 1250 Vdiscum
2281 1186 2484 1270 primo
2529 1185 2791 1270 impetu

687 1271 990 1358 perculit:
1040 1296 1403 1359 quanquam
1428 1295 1669 1337 cessere
1701 1272 1917 1359 magis,
1942 1294 2133 1357 quam
2155 1271 2322 1358 pulsi
2353 1271 2564 1334 hostes
2591 1286 2786 1334 sunt:

688 1360 840 1445 quia
889 1360 967 1423 ab
1010 1372 1185 1447 tergo
1226 1372 1406 1423 erant
1451 1358 1615 1436 clivi,
1658 1358 1726 1421 in
1777 1380 1936 1445 quos
1973 1370 2117 1444 post
2157 1357 2474 1444 principia
2509 1357 2834 1443 integriss

687 1446 1013 1510 ordinibus
1064 1460 1237 1511 tutus
1288 1458 1580 1545 receptus
1624 1444 1764 1509 fuit.
1859 1444 2120 1520 Consul,
2169 1444 2281 1509 ubi
2339 1444 2423 1506 ad
2477 1444 2790 1529 iniquum

688 1531 897 1595 locum
940 1546 1203 1596 ventum
1246 1544 1361 1608 est,
1403 1532 1564 1595 sistit
1608 1532 1826 1595 aciem.
1917 1530 2112 1595 Miles
2155 1552 2338 1616 aegre
2385 1530 2606 1607 teneri,
2653 1532 2794 1594 cla-

684 1640 853 1681 mare
885 1630 951 1681 et
978 1640 1255 1704 poscere,
1279 1630 1351 1681 ut
1380 1616 1680 1703 perculsis
1708 1618 1939 1682 instare
1969 1617 2170 1681 liceat.
2251 1616 2544 1681 Ferocius
2573 1633 2792 1702 agunt

682 1704 965 1789 equites:
1014 1704 1374 1768 circumfusi
1402 1704 1552 1767 duci
1577 1704 2018 1781 vociferantur,
2051 1726 2117 1767 se
2149 1716 2296 1767 ante
2337 1704 2514 1789 signa
2551 1704 2788 1768 ituros,

686 1790 864 1853 Dum
904 1802 1238 1854 cunctatur
1271 1790 1510 1867 consul,
1540 1792 1770 1855 virtute
1813 1791 2082 1855 militum
2118 1790 2331 1865 fretus,
2369 1788 2508 1853 loco
2547 1811 2789 1876 parum

684 1876 906 1952 fidene,
939 1876 1351 1953 conclamant,
1384 1900 1450 1940 se
1481 1877 1717 1941 ituros:
1766 1878 2232 1963 clamoremque
2273 1899 2373 1939 res
2401 1888 2496 1940 est
2535 1890 2786 1941 secuta.

685 1961 859 2027 Fixis
897 1962 967 2025 in
1010 1976 1236 2027 terram
1280 1962 1443 2051 pilis,
1482 1986 1612 2049 quo
1651 1963 1916 2028 leviores
1954 1964 2150 2028 ardua
2189 1962 2546 2039 evaderent,
2582 1984 2790 2027 cursu

682 2049 973 2113 subeunt.
1065 2049 1353 2127 VolscuS‚
1392 2051 1606 2114 effusis
1642 2050 1724 2114 ad
1767 2051 2041 2151 primum
2081 2052 2391 2137 impetum
2431 2048 2788 2114 missilibus

684 2134 841 2212 telis,
878 2158 1031 2200 saxa
1072 2137 1427 2201 obiacentia
1464 2136 1732 2224 pedibus
1775 2137 2008 2223 ingerit
2041 2136 2111 2200 in
2153 2138 2513 2212 subeuntes,
2559 2137 2788 2200 turba-

685 2233 906 2308 tosque
949 2223 1178 2287 ictibus
1218 2224 1450 2289 crebris
1480 2236 1666 2309 urget
1702 2246 1784 2287 ex
1813 2224 2132 2309 superiore
2173 2222 2330 2287 loce.
2427 2222 2530 2286 Sic
2569 2244 2782 2309 prope

682 2322 1013 2373 oneratum
1044 2329 1141 2374 est
1166 2310 1487 2375 sinistrum
1519 2310 1824 2373 Romanis
1853 2332 2070 2385 comu,
2102 2310 2170 2373 ni
2199 2310 2613 2374 referentibus
2639 2309 2782 2373 iam

681 2394 949 2481 gradum
989 2396 1226 2474 consul,
1258 2396 1644 2484 increpando
1678 2395 1863 2461 simul
1901 2398 2339 2473 temeritatem,
2371 2394 2557 2459 simul
2587 2392 2784 2482 igna-

683 2483 867 2559 viam,
913 2484 1155 2570 pudore
1202 2498 1442 2548 metum
1482 2484 1873 2548 excussisset.
1968 2482 2282 2559 Restitere
2320 2482 2532 2582 primo
2576 2484 2784 2547 obsti-

683 2570 847 2633 natis
878 2571 1130 2635 animis:
1179 2570 1433 2647 deinde,
1459 2582 1532 2634 ut
1561 2571 1630 2633 in
1659 2570 2014 2634 obtinentes
2036 2568 2248 2634 locum
2275 2591 2440 2633 vires
2462 2568 2778 2646 ferebant,
2797 2602 2828 2649 9

680 2656 920 2720 audent
964 2657 1129 2721 ultro
1173 2657 1439 2743 gradum
1477 2657 1745 2733 inferre;
1793 2667 1876 2732 et,
1918 2655 2189 2719 clamore
2233 2670 2551 2732 renovatO,
2599 2678 2783 2719 com-

680 2756 938 2809 movent
966 2745 1200 2807 aciem:
1251 2756 1387 2806 tum
1418 2765 1648 2819 rursus,
1679 2744 1768 2806 im
1853 2756 1924 2806 tu
1963 2756 2166 2830 capt0,
2199 2743 2546 2825 enituntur,
2579 2754 2778 2830 atque

680 2842 1063 2915 exsuperant
1102 2829 1504 2914 iniquitatem
1544 2827 1683 2893 loci.
1809 2851 1912 2893 am
1955 2850 2152 2917 prope
2193 2842 2346 2905 erat,
2386 2842 2460 2892 ut
2493 2829 2560 2891 in
2599 2852 2778 2893 sum-

680 2936 857 2976 mum
908 2914 1052 2977 clivi
1097 2915 1319 3001 iugum
1365 2914 1726 2992 evaderent,
1773 2938 1972 3001 quum
2015 2929 2193 3003 terga
2234 2916 2445 2979 hostes
2489 2914 2774 2980 dedere:

678 2999 1007 3085 effusoque
1038 3022 1225 3064 cursu
1264 3023 1469 3087 paene
1507 3002 1757 3087 agmine
1789 3024 1918 3067 uno
1957 3002 2274 3088 fugientes
2303 3016 2610 3088 sequente
2691 3025 2774 3067 ue

678 3086 895 3149 castris
952 3086 1252 3151 incidere.
1354 3086 1435 3151 In
1492 3110 1571 3152 eo
1629 3110 1858 3174 pavore
1919 3104 2118 3153 castra
2175 3088 2525 3176 capiuntur.
2707 3089 2774 3153 ui

678 3171 1057 3238 Volscorum
1102 3174 1379 3262 effugere
1425 3187 1792 3261 potuerunt,
1837 3175 2110 3239 Antium
2149 3188 2400 3275 petunt.
2494 3175 2772 3239 Antium

678 3273 745 3322 et
792 3260 1121 3326 Romanus
1166 3262 1479 3327 exercitus
1525 3260 1784 3326 ductus:
1833 3284 2066 3349 paucos
2109 3284 2586 3326 circumsessum
2634 3262 2776 3326 dies

749 3534 774 3581 7
807 3521 999 3583 Equos]
1024 3522 1183 3583 Equis
1206 3520 1419 3569 Gronov.
1444 3535 1554 3567 cum
1585 3519 1694 3567 aliis
1819 3534 1850 3583 9
1885 3522 1950 3567 In
1982 3520 2270 3579 obtinentes]
2316 3517 2572 3567 Editiones
2603 3534 2776 3567 omnes

678 3584 929 3632 nonnullis
964 3590 1015 3632 et
1048 3586 1160 3634 MS.
1185 3584 1352 3633 Veith.
1413 3584 1512 3633 Sed
1548 3600 1692 3657 equos
1754 3583 1856 3631 fere
1909 3589 2024 3631 ante
2063 3583 2225 3644 Sigon.
2264 3582 2672 3645 praepositionem
2715 3587 2773 3631 in

680 3647 911 3696 veriorem
950 3649 1208 3697 lectionem
1242 3664 1345 3697 esse
1378 3664 1439 3697 ex
1474 3649 1694 3709 pluribus
1755 3663 1854 3695 non
1876 3646 2076 3705 habent,
2098 3654 2148 3694 et
2172 3647 2353 3695 Stroth.
2371 3647 2573 3706 omittit,
2595 3647 2680 3709 qui
2699 3647 2774 3695 ita

680 3718 781 3773 opt.
827 3713 964 3760 codd.
1013 3714 1156 3761 docet
1204 3714 1357 3762 Dmk.
1404 3712 1465 3761 cf.
1505 3727 1634 3773 supr.
1657 3712 1690 3760 i.
1755 3710 1928 3759 vertit:
1962 3720 2018 3759 uc
2053 3710 2284 3771 Romani,
2313 3727 2410 3760 non
2448 3712 2668 3773 mplius
2697 3727 2774 3759 re-

685 3778 759 3823 18.
791 3778 963 3825 dextra
1002 3778 1057 3824 in
1094 3784 1245 3839 caput
1276 3779 1458 3839 posita,
1490 3782 1542 3823 et
1573 3775 1686 3823 infr.
1755 3776 1998 3835 cedentes,
2011 3776 2096 3823 sed
2118 3776 2384 3826 obtinentes
2397 3778 2554 3824 locum
2571 3772 2774 3837 eo'ipso‚

679 3840 764 3887 xli.
789 3858 833 3899 4„
1753 3840 1882 3901 quod
1907 3854 2020 3887 eum
2042 3840 2347 3897 obtinebant,
2367 3842 2496 3888 vires
2515 3840 2774 3899 serebant,

743 3906 774 3952 8
806 3906 926 3953 Post
968 3906 1246 3966 principia]
1308 3905 1426 3953 Post
1480 3902 1686 3965 primam
1750 3904 2158 3953 i.e.resu1nebant.
2181 3904 2774 3965 Pluraquoqueexempla

678 3968 849 4017 aciem.
884 3969 1039 4017 Frons
1054 3982 1233 4030 nempe
1248 3970 1353 4016 sola
1370 3966 1540 4016 Volsci
1557 3983 1688 4015 exer·
1755 3967 1884 4015 verbi
1895 3968 2038 4027 serre
2059 3984 2146 4029 pro
2169 3970 2403 4029 accipere,
2413 3984 2620 4026 sumere,
2639 3984 2770 4016 usur-

680 4032 807 4081 citus
844 4034 1039 4079 turbata
1080 4040 1167 4081 est.
1234 4033 1279 4080 A
1321 4038 1455 4093 tergo
1505 4031 1690 4093 primae
1756 4030 1857 4093 pati
1889 4031 2071 4081 recitat.
2104 4034 2277 4082 deinde
2297 4034 2562 4081 obtinentes
2582 4032 2632 4079 in
2659 4032 2770 4080 MS.

678 4097 819 4156 aciei,
839 4096 1031 4145 ordines
1050 4095 1221 4159 integri
1243 4096 1433 4145 et'salvi
1456 4102 1616 4143 tutum
1640 4096 1689 4143 in
1759 4095 1923 4144 Veith.
1995 4097 2205 4145 Crevier.
2241 4112 2352 4145 vero
2389 4096 2736 4157 interpretatur
2755 4113 2770 4143 ι

678 4162 830 4211 clivos
850 4166 1099 4223 receptum
1122 4160 1353 4209 habuere.
1394 4159 1509 4209 Vid.
1535 4162 1686 4223 Gron.
1753 4166 2008 4221 postquam
2038 4161 2160 4209 vires
2185 4160 2368 4209 dabant
2398 4160 2628 4208 invadere
2661 4160 2770 4207 hos-

679 4227 880 4275 Observ.
918 4226 981 4275 iv.
1024 4240 1095 4274 10.
1142 4224 1201 4273 cf.
1236 4224 1367 4273 xxvi.
1392 4226 1469 4285 48.
1521 4223 1687 4273 xxviii.
1753 4230 1872 4282 tem,
1894 4224 1978 4285 qui
1991 4224 2289 4287 superiorem
2313 4225 2474 4272 locum
2497 4222 2764 4272 obtinebat.

679 4304 761 4349 24.
786 4302 862 4351 27.
897 4291 1067 4339 Creuz.
1092 4289 1156 4339 R.
1182 4289 1298 4337 Ant.
1322 4289 1350 4346 ἕ
1375 4303 1482 4351 ²49·
