3000 4784
839 244 1031 311 LIB.
1082 245 1196 310 VL
1267 244 1490 311 CAP.
1541 250 1644 311 36.
2159 248 2284 313 387

86 404 126 451 5
154 378 494 455 tribunos,
525 391 591 442 ct
619 378 721 442 his
748 380 1005 445 comitia
1026 380 1423 447 tribunorum
1454 380 1732 445 militnm
1763 379 2148 458 tollentibus,
2169 402 2284 469 per
2306 401 2371 451 U.
2395 402 2454 451 C.
2479 415 2588 467 3⁷9·

154 464 703 563 quinquennium
732 466 955 531 urbem
988 468 1212 531 tenuit.
2302 467 2361 515 A.
2397 466 2456 515 0·
2483 480 2592 528 373·

266 549 429 614 Aha
459 548 627 615 bella
660 573 745 637 op
829 566 1018 617 rtune
1056 554 1389 639 quieveret
1454 552 1772 618 Veliterni
1814 552 2046 631 coloni,
2089 555 2282 640 gesti·
2402 564 2506 624 36.

152 648 367 700 entes
394 636 547 713 oti0,
578 658 669 723 qu
782 637 995 702 nullus
1038 640 1354 703 exercitus
1384 639 1716 704 Romanus
1743 651 1925 716 esset,
1957 651 2024 704 et
2056 662 2280 727 agrum

156 721 555 785 Romanum
590 722 673 787 ali
720 723 925 788 uoties
962 724 1377 803 incursavere,
1419 737 1487 789 et
1516 724 1868 790 Tusculum
1911 748 2280 825 oppugnare

158 807 393 871 adorti
435 820 603 872 sunt.
836 832 919 873 ue
948 832 1067 887 res,
1101 810 1478 888 Tusculanis
1498 812 1818 876 veteribus
1860 812 2064 889 soci1s,
2097 812 2277 876 novis

157 893 448 970 civibus,
494 916 533 958 o
618 916 681 957 m
736 895 1079 972 orantibus,
1124 896 1510 961 verecundia
1551 896 1826 961 maxime
1881 920 2010 961 non
2057 897 2279 963 Patres

160 978 399 1056 mod0,
444 917 615 1045 sed)e
608 981 803 1045 etiam
844 980 1121 1067 plebem,
1166 982 1379 1046 movit.
1471 982 1971 1047 Remittentibus
2009 984 2280 1049 tribunis
2298 994 2366 1043 U.
2389 993 2448 1043 c.
2472 994 2581 1055 385·

158 1064 409 1152 plebis,
430 1065 683 1131 comitia
702 1089 819 1167 per
834 1068 1216 1154 interregem
1232 1082 1383 1132 sunt
1404 1068 1650 1144 habita3
1695 1069 2016 1155 creatique
2040 1070 2280 1135 tribuni
2297 1059 2358 1169 ἓ·
2376 1056 2585 1168 ξωῗξῚ

160 1150 461 1215 militum
481 1150 557 1215 L.
572 1151 816 1229 Funus,
838 1152 921 1217 A.
940 1151 1241 1231 Manlius,
1259 1152 1391 1218 Ser.
1408 1153 1746 1241 SulpiciuS,
1772 1153 1904 1218 Ser.
1921 1154 2278 1233 Comelius5
2301 1156 2375 1232 Ii.
2399 1188 2494 1232 ete.
2517 1182 2602 1231 Tr.

160 1236 255 1301 P.
280 1249 352 1301 et
382 1236 460 1302 C.
488 1236 747 1315 Valerii,
778 1238 997 1326 haudq
1124 1262 1274 1303 uam
1304 1252 1435 1303 tam
1469 1240 1874 1304 obedientem
1903 1240 1975 1303 in
2002 1240 2276 1317 delectu,
2299 1246 2412 1295 Mil.

163 1344 383 1409 quam
410 1323 480 1387 in
508 1324 799 1401 comitiiS,
823 1324 1076 1411 plebem
1154 1326 1423 1389 abuere:
1472 1325 1495 1387 i
1623 1326 1848 1410 ntique
1867 1326 2276 1391 contentione

166 1409 475 1473 exercitu
500 1409 735 1509 scripto
762 1410 1047 1496 profecti,
1080 1433 1213 1474 non
1242 1412 1322 1475 ab
1352 1410 1570 1475 Tuscu
1595 1434 1634 1474 o
1663 1410 1857 1475 modo
1883 1433 2277 1477 summovere

164 1494 459 1572 hostem,
482 1495 595 1559 sed
622 1509 791 1560 lutra
817 1508 1064 1561 suamet
1092 1496 1303 1595 ipsum
1330 1496 1586 1561 moenia
1611 1496 1994 1583 compulere.
2088 1497 2279 1562 Obsi·
2295 1507 2521 1557 Velitrae

164 1580 625 1668 debanturque
644 1580 816 1645 haud
832 1582 1047 1669 paullo
1066 1605 1129 1647 w
1148 1583 1383 1646 maiore
1395 1581 1699 1659 Velitrae,
1711 1605 1906 1669 quam
1924 1583 2277 1648 Tusculum
2295 1573 2532 1621 obsessae.

166 1668 511 1732 obsessum
530 1666 768 1731 fuerat:
815 1691 937 1733 nec
958 1680 1175 1733 tamen
1192 1669 1273 1733 ab
1290 1667 1385 1745 iis,
1406 1690 1445 1733 a
1464 1669 1696 1755 quibus
1717 1669 1992 1733 obsideri
2013 1692 2128 1734 coe
2175 1684 2276 1735 tae

166 1765 389 1830 erant,
430 1754 781 1840 expugnari
912 1767 1108 1819 tuere.
1201 1756 1377 1819 Ante
1421 1756 1572 1819 novi
1607 1754 1800 1819 creati
1846 1767 1996 1820 sunt
2039 1756 2120 1819 tri
2161 1756 2276 1821 uni
2297 1770 2365 1820 U.
2389 1768 2448 1819 Ο.
2473 1768 2584 1829 386.

168 1838 501 1903 militum:
554 1840 636 1914 Q.
663 1776 983 1917 Servfiibs,
1018 1838 1097 1905 C.
1119 1840 1465 1917 VeturiuS‚'
1488 1842 1573 1905 A.
1599 1853 1667 1905 et
1705 1839 1802 1905 M.
1833 1840 2140 1919 Cornelii,
2191 1843 2273 1917 Q.
2296 1835 2358 1882 A.
2387 1834 2448 1881 0·
2473 1830 2581 1907 &⁶6-

176 1924 557 2002 Quinctius,
587 1924 681 1989 M.
710 1924 958 1991 Fabius.
1051 1924 1238 1989 Nihil
1266 1948 1347 1991 ne
1377 1927 1457 1992 ab
1486 1926 1586 1990 his
1609 1927 1872 2012 quidem
1900 1928 2170 1992 tribunis
2196 1927 2281 1992 ad
2298 1895 2590 2009 ῗῄᾓᾞιω

168 2010 465 2076 Velitras
508 2012 913 2076 memorabile
955 2011 1210 2077 factum.
1302 2011 1382 2075 In
1426 2012 1662 2077 maiore
1698 2012 2060 2078 discrimine
2103 2013 2281 2077 domi
2298 2024 2382 2073 Tr.
2406 2023 2518 2073 Mil.

170 2120 289 2162 res
316 2097 755 2162 vertebantur:
802 2120 953 2162 nam
979 2110 1231 2197 praeter
1251 2096 1542 2163 Sextium
1574 2098 2022 2197 Liciniumque
2052 2098 2282 2164 latores

172 2184 425 2283 legum,
446 2182 573 2247 iam
600 2195 896 2248 octavum
926 2184 1210 2249 tribunos
1236 2182 1441 2270 plebis
1468 2182 1753 2260 refectos,
1773 2182 2006 2248 Fabius
2023 2206 2280 2270 quoque

176 2270 485 2334 tribunus
534 2268 828 2345 militum,
886 2268 1165 2334 Stolonis
1221 2291 1417 2346 socer,
1470 2290 1740 2356 quarum
1787 2268 2005 2355 legum
2063 2284 2284 2334 auctor

176 2354 415 2432 ffierat,
438 2376 657 2419 earum
678 2377 997 2420 suasorem
1020 2378 1087 2420 se
1118 2354 1291 2419 haud
1308 2354 1578 2419 dubium
1605 2353 1863 2420 ferebat.
1957 2354 2062 2433 Et,
2081 2378 2284 2443 quum

180 2452 341 2506 octo
360 2463 442 2505 ex
458 2440 725 2528 collegio
747 2440 1145 2506 tribunorum
1162 2440 1365 2527 plebis
1381 2440 1588 2527 primo
1606 2440 2047 2506 intercessores
2067 2441 2284 2529 legum

180 2527 477 2604 fuissent,
506 2526 793 2613 quinque
822 2526 941 2591 soli
970 2540 1185 2592 erant:
1234 2540 1301 2590 et
1328 2524 1435 2613 (ut
1469 2526 1668 2590 ferme
1698 2526 1924 2603 solent,
1993 2528 2060 2591 ui
2090 2550 2129 2590 a
2155 2528 2285 2591 suis

116 2624 163 2675 6
182 2612 583 2699 desciscunt)
626 2612 817 2700 capti,
869 2628 940 2677 et
986 2624 1315 2699 stupentes
1363 2611 1582 2688 animi,
1633 2611 1894 2676 vocibus
2008 2612 2166 2677 ‘cuis
2217 2612 2286 2676 id

182 2698 407 2774 modo,
437 2699 610 2784 quod
639 2697 813 2763 domi
842 2710 1255 2785 praeceptum
1282 2710 1438 2775 erat,
1462 2697 1896 2762 intercessioni
1925 2720 2076 2762 suae
2103 2719 2290 2785 prae-

188 2782 581 2851 tendebant:
642 2792 662 2821 ‘
684 2782 949 2848 Velitris
994 2784 1063 2847 in
1114 2784 1403 2847 exercitu
1446 2782 1652 2869 plebis
1698 2804 1994 2869 magnam
2037 2796 2284 2870 partem

192 2880 219 2908 ‘
236 2870 489 2935 abesse:
536 2870 607 2932 in
652 2868 997 2933 adventum
1048 2868 1321 2933 militum
1352 2868 1608 2933 comitia
1649 2868 1890 2933 differri
1927 2868 2180 2947 debere,
2213 2882 2286 2933 ut

188 2966 218 2996 ‘
239 2956 531 3020 universa
600 2954 819 3042 plebes
876 2953 959 3019 de
1032 2954 1164 3019 suis
1218 2954 1570 3020 commodis
1633 2955 2000 3043 suffragium
2057 2956 2287 3024 ferret.'

266 3158 295 3207 5
330 3146 431 3193 Por
462 3144 879 3219 quinquennium]
927 3140 1077 3193 Hanc
1110 3158 1211 3193 ma·
1275 3144 1411 3194 tione
1430 3150 1532 3193 tem
1600 3160 1708 3196 rum
1726 3150 2062 3205 congruerent,
2075 3158 2174 3204 qua
2187 3144 2288 3191 Ro-

188 3209 486 3272 gistratum
508 3208 821 3256 solitudinem
842 3208 1071 3270 repudiat
1092 3208 1210 3256 Nie-
1276 3223 1361 3255 ma
1391 3223 1423 3255 a
1456 3208 1537 3256 Ga
1557 3209 1618 3255 lis
1649 3214 1796 3269 capta
1825 3208 1976 3255 fuisse
1998 3206 2081 3255 01.
2104 3218 2287 3253 xcvur.

190 3270 417 3329 ‘buln-ius,
437 3272 521 3333 qui
546 3271 822 3333 interregna
849 3271 993 3319 unius
1018 3276 1211 3319 tantum
1282 3286 1323 3321 1.
1368 3270 1560 3319 dicitur.
1639 3268 1938 3331 Burghesius
1986 3282 2049 3315 ex
2095 3268 2286 3329 Fragm.

190 3333 320 3384 anni
350 3334 567 3383 admittit
586 3340 637 3383 et
658 3336 825 3383 fictam
847 3334 994 3382 fixisse
1016 3349 1212 3382 omnem
1280 3334 1413 3381 Fast.
1430 3332 1596 3393 Capit.
1618 3332 1834 3393 quinque
1855 3330 2056 3378 nomina
2074 3330 2288 3378 tribuno-

194 3400 331 3447 hsnc
362 3396 651 3446 discordiam
682 3397 1097 3459 quinquennalem
1132 3413 1212 3445 ex·
1278 3410 1386 3445 rum
1408 3394 1511 3443 mil.
1527 3410 1656 3443 cons.
1679 3400 1854 3457 potest.
1871 3394 1924 3441 in
1945 3408 2130 3441 annum
2150 3392 2288 3445 ΠΟ.

192 3462 401 3520 intimat,
420 3469 478 3509 ut
498 3462 635 3510 Fasti
656 3461 875 3511 Romani
906 3468 1021 3509 cum
1051 3476 1112 3508 ea
1142 3476 1213 3508 ra·
1282 3472 1375 3523 379
1398 3464 1672 3507 creatorum
1695 3458 1747 3505 in
1767 3458 1932 3506 lucem
1955 3456 2190 3518 protulit:

394 3556 453 3605 L.
475 3557 753 3606 Mnusmus
777 3556 899 3605 Lm.
926 3555 1023 3605 IV.
1280 3554 1433 3605 δην.
1457 3554 1723 3602 Sunmcms
1746 3553 2036 3601 Pium-ext.
2063 3552 2138 3601 11.

394 3620 453 3669 L.
479 3620 727 3669 Pffmms
748 3620 926 3669 Cmss.
952 3620 1029 3668 ΙΙ.
1282 3618 1340 3667 C.
1365 3619 1598 3666 Ltcmms
1620 3616 1838 3665 emus.

394 3684 546 3733 San.
569 3684 863 3733 Consanus
885 3684 1093 3731 Manno.
1118 3684 1183 3731 V.

202 3776 401 3833 Horum
422 3786 653 3842 quattuor
672 3778 889 3836 nomina,
910 3784 967 3827 ut
989 3779 1215 3828 Dodwel-
1284 3784 1389 3826 tum
1410 3776 1558 3827 fixisse
1590 3776 1774 3837 scribit,
1792 3792 1952 3841 neque
1979 3794 2070 3829 nos
2101 3780 2292 3844 uspiam

204 3848 286 3895 lus
316 3850 499 3903 monet,
521 3844 771 3893 Diodorus
797 3842 931 3891 citat.
999 3842 1216 3904 Burghe·
1280 3842 1399 3890 alibi
1421 3841 1658 3891 videmus.
1723 3842 1924 3891 Nomen
1953 3843 2136 3894 tribuni
2169 3844 2294 3893 sexti

204 3910 324 3968 siuns
355 3907 601 3957 Dodvclli
643 3922 873 3966 acumen,
906 3905 991 3967 qui
1033 3904 1219 3967 primus
1282 3905 1445 3953 adhue
1468 3904 1605 3954 latet.

204 3974 331 4022 hsce
360 3971 561 4020 nomina
590 3971 643 4019 in
676 3970 842 4021 locum
868 3983 1013 4017 suum
1033 3968 1217 4026 retulit,
1344 3968 1377 4017 6
1411 3970 1576 4030 Capti,
1595 3976 1644 4017 et
1659 3976 1910 4032 stupuisse
1935 3972 2114 4029 anani]
2178 3968 2293 4017 Vox

203 4034 393 4085 meritis
422 4034 653 4084 laudibus
684 4038 985 4095 prosecutam,
1008 4030 1059 4081 in
1080 4032 1220 4093 quin-
1284 4034 1439 4080 mirsi
1468 4046 1585 4080 casu
1617 4034 1833 4082 secundo
1853 4032 2107 4095 singularis
2127 4046 2294 4079 nume-

206 4106 319 4147 tum
338 4099 521 4157 locum,
544 4098 875 4147 αῑωὸπίυπι.
898 4098 961 4145 P.
984 4096 1043 4143 F.
1064 4096 1127 4143 P.
1150 4096 1220 4143 N.
1285 4094 1345 4151 ri,
1364 4101 1422 4143 ut
1452 4110 1598 4156 aanor
1625 4098 1782 4143 animi
1809 4095 1918 4143 infr.
1941 4110 2058 4142 xxx.
2087 4107 2160 4155 15.
2213 4094 2294 4141 In-

208 4163 433 4221 Calvum,
444 4160 531 4223 qui
544 4162 609 4209 de
625 4161 876 4209 tribunatu
893 4158 1005 4209 Mil.
1022 4172 1103 4207 sn.
1114 4168 1222 4220 377.
1286 4158 1431 4207 terim
1458 4172 1558 4205 non
1579 4158 1808 4219 displicet
1829 4158 1974 4206 unius
1993 4158 2100 4204 cod.
2126 4155 2294 4204 Lovel.

212 4226 283 4277 U.
324 4224 383 4275 C.
432 4225 609 4273 cedere
648 4226 708 4273 L.
745 4224 983 4272 Menenio
1036 4220 1225 4283 optimo
1289 4220 1536 4279 micetio,
1567 4224 1700 4282 eapti
1736 4227 1785 4267 ee
1822 4226 2070 4281 stupemes
2106 4220 2309 4271 animis..

210 4290 317 4338 ium
368 4294 567 4335 eoscum
618 4292 710 4345 est,
764 4284 999 4346 reposuit,
1040 4283 1225 4351 quippe
1290 4283 1465 4331 Dant.

212 4366 359 4415 quem
392 4350 561 4399 Livius
581 4350 691 4399 infr.
718 4363 793 4412 39.
816 4348 1073 4395 tribunum
1098 4346 1223 4393 mili-

1795 4411 1966 4467 cc2

2929 1890 2938 2019 .-—-
2932 1798 2938 1883 -—-.
2931 1738 2938 1791 .-.-
