3000 4784
634 231 766 295 542
1420 223 1650 292 ΤΙΤῙ
1702 220 1978 294 LIVII

300 377 373 429 11.
396 379 457 429 0.
480 393 591 441 444.
628 364 938 516 fflmm,
960 361 1219 429 bellum.
1310 360 1756 428 Vastationem
1773 385 2052 449 namque
2069 363 2189 428 sub
2215 362 2494 428 Ciminii
2516 362 2766 429 montis

302 445 363 494 A.
396 443 456 494 0·
482 445 595 507 30⁸·
750 451 949 516 'cibus
992 450 1205 524 iacens
1250 471 1362 513 ora
1410 461 1714 527 senserat,
1759 449 2250 536 conciveratque
2297 449 2764 536 indignatione

301 548 485 610 Ingena
509 548 575 596 Ε-
630 560 763 602 non
783 536 1075 602 Etruriae
1106 534 1299 600 modo
1320 534 1612 623 populos,
1633 535 1750 600 sed
1780 535 2090 600 Umbriae
2107 535 2401 600 finitima.
2498 535 2763 623 Itaque,

298 618 572 724 ffiff
630 636 909 711 quantus
952 645 1081 686 non
1128 643 1413 708 unquam
1456 635 1666 699 antea,
1697 621 2016 686 exercitus
2059 621 2144 686 ad
2191 621 2488 686 Sutrium
2531 622 2760 687 venit:

299 738 560 802 colligitur.
629 731 841 796 neque
870 732 907 773 e
936 708 1109 772 silvis
1138 706 1582 772 tantummodo
1610 721 1901 794 promota
1925 722 2148 786 castra,
2173 708 2288 772 sed
2315 708 2520 772 etiam
2549 707 2766 772 avidi·

628 808 761 860 tate
818 793 1167 859 dimicandi
1224 816 1419 881 quam
1479 793 1758 882 primum
1813 794 1884 858 in
1943 815 2200 882 campos
2255 792 2476 858 delata
2537 794 2722 859 acies
2739 817 2760 858 ε

628 880 865 946 deinde
900 881 1211 946 instructa
1250 881 1459 967 primo
1497 903 1616 944 suo
1658 893 1824 945 stare
1867 879 2028 957 loc0‚
2068 880 2290 945 relicto
2323 880 2626 945 hostibus
2672 880 2762 944 ad

628 967 1075 1032 instruendum
1143 979 1365 1032 contra
1426 967 1668 1054 spatio:
1743 966 1917 1044 dein,
1975 979 2316 1054 postquam
2385 967 2760 1032 detrectare

626 1053 877 1119 hostem
894 1075 1146 1118 sensere
1170 1075 1471 1141 pugnam,
1496 1053 1582 1117 ad
1600 1051 1836 1117 vallum
1855 1053 2150 1117 subeunt.
2241 1051 2379 1117 Ubi
2401 1065 2758 1140 postquam

626 1141 931 1205 stationes
960 1162 1217 1227 quoque
1246 1151 1534 1225 receptas
1561 1139 1730 1203 intra
1757 1139 2158 1240 munimenta
2197 1159 2476 1238 sensere,
2507 1139 2760 1239 clamor

629 1225 2041 1389 ἷῗὲἓῖῑὲἆῖἓᾶῗέιῗέτὲἑὶἶεῆἲαζίῧτῗὲζὲ
2071 1226 2591 1388 Ἑῖἓηῗῗὲἶ
2610 1247 2754 1375 ἶῖἰῗ

630 1405 653 1438 ‘
672 1412 883 1476 nocte,
936 1411 1047 1463 aut
1102 1411 1275 1463 certe
1334 1397 1476 1462 luce
1523 1397 1732 1484 prima
1787 1410 1990 1462 castra
2034 1396 2316 1462 hostium
2371 1397 2754 1462 invasuros?

630 1483 859 1550 Nihilo
877 1485 1154 1573 quietior
1172 1483 1504 1548 Romanus
1521 1483 1841 1554 exercitus
1861 1483 2130 1570 imperio
2147 1482 2329 1548 ducis
2347 1485 2744 1548 continetur.

628 1571 904 1636 Decima
952 1585 1089 1636 erat
1138 1571 1269 1636 fere
1320 1569 1449 1634 diei
1495 1569 1670 1646 hora,
1719 1591 1922 1656 quum
1967 1569 2184 1633 cibum
2233 1591 2464 1656 capere
2515 1569 2748 1634 consul

626 1657 862 1722 milites
903 1658 1117 1733 iubet3
1162 1655 1491 1744 praecipit,
1523 1668 1599 1720 ut
1639 1655 1708 1719 in
1751 1655 1941 1720 armis
1983 1655 2131 1732 sint,
2175 1677 2570 1755 quacunque
2615 1655 2748 1720 diei

626 1744 909 1807 noctisve
952 1742 1109 1807 hora
1152 1742 1407 1829 signum
1454 1741 1722 1806 dederit.
1812 1741 2043 1806 Paucis
2087 1740 2322 1806 milltes
2369 1741 2738 1828 alloquitur,

630 1827 1013 1892 Samnitium
1064 1826 1233 1891 bella
1280 1827 1552 1905 extollit,
1599 1827 1804 1893 elevat
1855 1827 2195 1892 Etruscos:
2263 1835 2284 1866 ‘
2303 1849 2427 1892 nec
2486 1827 2738 1892 hostem
2755 1851 2792 1900 9

628 1921 649 1953 ‘
665 1912 853 1990 hosti,
900 1935 1021 1977 nec
1078 1912 1561 1977 multitudinem
1620 1911 2018 1978 multitudini
2073 1914 2602 2001 comparandam’
2651 1915 2740 1979 ait

628 2007 649 2039 ‘
668 2021 823 2065 esse.
914 1999 1257 2076 Praeterea
1272 1997 1473 2063 telum
1496 1999 1672 2064 aliud
1693 1999 2016 2064 occultum
2037 1999 2302 2065 scituros
2319 2001 2390 2063 in
2412 2012 2546 2064 tem
2639 2023 2736 2065 re:

628 2094 649 2125 ‘
668 2085 915 2150 interea
942 2085 1139 2150 taceri
1168 2107 1329 2174 opus
1356 2085 1533 2150 esse.’
1623 2085 1746 2150 His
1785 2086 2154 2172 ambagibus
2181 2085 2370 2173 prodi
2395 2085 2544 2150 simi

624 2171 858 2251 hostes,
890 2195 1021 2260 quo
1050 2173 1299 2236 animus
1326 2171 1604 2236 militum
1633 2170 2046 2236 multitudine
2081 2171 2338 2237 territus
2365 2172 2740 2237 restituere-

624 2271 763 2324 tur:
826 2271 911 2337 et‚
1010 2258 1141 2323 uod
1192 2258 1329 2322 sine
1378 2258 1782 2323 munimento
1833 2257 2271 2336 consederant,
2323 2257 2738 2324 verisimilium

628 2357 784 2423 erat,
820 2367 913 2431 qu
1037 2343 1465 2409 simulabatur.
1563 2341 1787 2408 Curati⁴
1829 2344 1973 2408 cibo
2011 2365 2276 2432 corpora
2311 2343 2521 2430 quieti
2553 2343 2739 2424 dant,

623 2442 693 2494 et
734 2441 960 2518 quarta
1000 2431 1131 2495 fere
1161 2429 1376 2517 vigilia
1418 2430 1556 2495 sine
1602 2429 1884 2494 tumultu
1925 2429 2189 2495 excitati
2231 2451 2406 2496 arma
2447 2431 2734 2517 capiunt.

624 2515 943 2582 Dolabrae
984 2516 1311 2581 calonibus
1348 2515 1725 2581 dividuntur
1757 2515 1841 2580 ad
1868 2516 2104 2581 vallum
2139 2515 2578 2603 proruendum
2607 2517 2738 2582 fos-

623 2624 850 2691 sasque
892 2602 1282 2689 implendast
1338 2603 1508 2668 intra
1549 2601 1950 2667 munimenta
1989 2602 2324 2668 instruitur
2363 2600 2570 2667 acies:
2619 2603 2740 2668 de-

622 2687 824 2754 lectae
882 2689 1175 2754 cohortes
1232 2688 1315 2754 ad
1370 2701 1696 2776 portarum
1755 2688 1968 2753 exitus
2024 2687 2432 2754 collocantur.
2555 2688 2734 2756 Dato

625 2775 861 2840 deinde
911 2775 1095 2862 signo
1150 2775 1367 2862 paullo
1419 2787 1567 2840 ante
1618 2773 1849 2852 lucem,
1903 2774 2079 2862 quod
2129 2773 2382 2840 aestivis
2433 2775 2734 2841 noctibus

624 2861 866 2960 sopitae
910 2861 1187 2924 maxime
1238 2861 1472 2962 quietis
1531 2873 1660 2925 tem
1705 2883 1780 2925 us
1830 2872 1946 2939 est,
2039 2874 2256 2925 roruto
2296 2859 2466 2926 vallo
2517 2863 2734 2962 erupit

297 2957 490 3034 Etmqei
511 2973 597 3022 op-
624 2966 825 3008 acies:
872 2957 1099 3009 stratos
1124 2967 1355 3032 passim
1400 2946 1646 3011 invadit
1661 2881 1918 3011 hostes:
1967 2881 2122 3012 alios
2165 2946 2544 3025 immobiles,
2573 2947 2734 3014 ahos

296 3037 445 3134 2¹:3⁸⁸!
466 3037 519 3070 ¹¹¹
622 3029 1036 3095 semisomnos
1078 3030 1147 3094 in
1189 3031 1504 3097 cubilibus
1547 3033 1695 3110 suis,
1741 3033 2084 3098 maximam
2133 3045 2380 3121 partem
2423 3033 2510 3098 ad
2553 3055 2734 3100 arma
2753 3062 2774 3098 1

400 3102 479 3137 η’·
623 3115 1033 3206 trepidanteS,
1081 3115 1309 3182 caedes
1358 3119 1703 3206 oppressit:
1765 3119 1987 3206 paucis
2036 3119 2324 3184 armandi
2380 3141 2448 3184 se
2501 3119 2732 3186 datum

620 3205 897 3292 spatium
936 3215 1051 3269 est.
1146 3201 1274 3270 Eos
1317 3204 1506 3292 ipsos,
1548 3227 1678 3270 non
1723 3205 1975 3292 signum
2019 3221 2284 3284 certum,
2315 3227 2448 3269 non
2491 3205 2730 3272 ducem

620 3305 981 3379 sequenteS,
1002 3290 1219 3356 fundit
1236 3291 1586 3369 Romanus,
1609 3291 1858 3379 fugatos
1879 3314 1916 3356 e
1963 3313 2076 3357 ues
2098 3291 2518 3380 persequitur.
2616 3293 2731 3357 Ad

620 3391 841 3456 castra,
866 3375 949 3442 ad
977 3377 1163 3443 silvas
1190 3377 1422 3442 diversi
1440 3377 1808 3442 tendebant.
1951 3377 2111 3442 ilvae
2141 3379 2342 3442 tutius
2361 3376 2605 3443 dedere
2628 3401 2730 3444 re—

618 3463 902 3551 fugium:
966 3485 1117 3528 nam
1158 3475 1362 3528 castra
1404 3463 1473 3527 in
1509 3463 1748 3550 campis
1789 3463 1912 3528 sita
1953 3462 2180 3528 eodem
2211 3463 2318 3528 die
2362 3464 2726 3551 capiuntur.

621 3553 877 3615 Aurum
918 3562 1381 3649 argentumque
1420 3549 1659 3613 iussum
1699 3548 1920 3613 referri
1953 3548 2037 3613 ad
2082 3549 2448 3614 consulem:
2511 3565 2732 3616 cetera

618 3635 856 3721 praeda
884 3635 1104 3700 mihtis
1129 3635 1269 3700 fuit.
1366 3635 1575 3700 Caesa
1611 3647 1724 3699 aut
1751 3648 1936 3722 capta
1963 3657 2042 3699 eo
2071 3635 2176 3699 die
2215 3635 2496 3700 hostium
2525 3637 2730 3703 millia

618 3719 703 3785 ad
740 3721 1088 3806 sexaginta.
1182 3720 1344 3786 Eam
1390 3733 1522 3784 tam
1562 3719 1794 3785 claram
1837 3743 2120 3808 pugnam
2160 3735 2332 3786 trans
2371 3720 2726 3788 Ciminiam
2745 3750 2772 3786 α

618 3803 839 3872 silvam
895 3804 980 3870 ad
1038 3805 1367 3872 Perusiam
1426 3817 1793 3893 pugnatam,
1855 3805 2116 3892 quidam
2185 3819 2475 3872 auctores
2533 3822 2722 3888 sunt3
2743 3835 2772 3886 ³

680 4041 714 4088 9
732 4027 914 4075 Elevat
926 4025 1185 4085 Etruscos]
1223 4023 1305 4074 Sic
1320 4041 1450 4088 supr.
1469 4025 1537 4074 iii.
1555 4041 1630 4076 τι.
1697 4026 1832 4075 tione
1853 4024 2180 4074 discurrentes
2199 4025 2264 4073 ad
2285 4039 2438 4074 arma.
2473 4026 2642 4075 θην.

617 4105 699 4138 vos
718 4091 917 4138 elevatis
938 4105 1061 4147 eam,
1083 4089 1132 4138 h.
1151 4103 1193 4137 e.
1217 4087 1403 4152 aliquid
1426 4091 1489 4138 de
1513 4105 1631 4151 pon-
1765 4106 1792 4139 α
1825 4091 2121 4151 Se-vaqinea]
2173 4089 2425 4137 Numerus
2459 4087 2598 4136 haud
2635 4089 2726 4136 du-

616 4153 731 4200 dere
768 4151 873 4200 eius
908 4152 1167 4212 deducitis,
1202 4151 1275 4202 ita
1308 4159 1363 4201 ut
1398 4153 1451 4200 in
1491 4155 1632 4201 lance
1698 4153 1778 4201 bie
1815 4153 1960 4201 fictus
1991 4159 2082 4210 est,
2116 4167 2176 4200 ex
2215 4153 2503 4200 funebribus
2535 4151 2726 4200 Fabiae

614 4229 805 4262 sursum
828 4215 1025 4264 feratur.
1454 4271 1466 4276 ,
1695 4215 1853 4276 gentis
1875 4215 2239 4264 laudationibus
2261 4216 2454 4265 ductus.

684 4289 703 4321 1
740 4277 825 4322 Aa
848 4293 989 4324 arma
1011 4280 1333 4337 trepidantes]
1382 4277 1514 4326 Cum
1537 4282 1629 4325 tre-
1759 4291 1787 4338 3
1823 4279 2035 4336 Quidam
2057 4279 2303 4337 anemos]
2353 4277 2496 4332 Quos
2531 4275 2723 4326 Diodo-

614 4334 864 4393 pidatione
895 4343 945 4386 et
978 4339 1127 4398 plena
1160 4340 1401 4386 tumultus
1432 4339 1628 4388 festina·
1695 4355 1776 4390 rus
1794 4339 2028 4401 sequitur,
2049 4355 2132 4390 xx.
2159 4353 2233 4401 35.
