3000 4784
799 228 990 295 LIB.
1038 228 1124 296 x,
1194 180 1413 297 cAi’.
1459 240 1564 298 40.
2106 240 2231 301 603

141 362 272 426 iam
315 385 432 427 sua
481 377 704 450 sponte
756 366 988 432 milites
1029 368 1438 445 disseruisset,
1483 367 1669 433 simul
1716 369 1966 435 divinae
2010 370 2233 436 huma·
2253 386 2320 436 U.
2342 386 2402 435 c.
2426 398 2541 449 459·

141 472 398 535 naeque
437 451 572 550 spei
610 451 804 537 pleni,
835 452 1105 519 clamore
1145 456 1565 520 consentienti
1605 477 1881 542 pugnam
1922 472 2189 545 poscunt
2212 483 2229 522 ε
2250 452 2313 501 A.
2334 452 2405 501 ·c·
2430 464 2541 513 293·

141 537 436 621 poenitet
469 560 538 599 m
657 551 890 603 sterum
923 540 1094 605 diem
1125 540 1393 605 dilatum
1427 556 1787 607 certamen:
1835 565 2073 608 moram
2104 544 2234 609 diei

143 623 480 709 noctisque
509 647 548 688 o
594 637 798 689 erunt.
889 626 1109 691 Tertia
1135 627 1349 714 vigilia
1380 629 1602 705 noctis,
1634 629 1759 693 iam
1799 629 2009 695 relatis
2038 630 2235 695 literis

96 724 126 770 8
143 732 183 772 a
209 709 472 797 collega,
497 710 592 774 Pa
635 711 788 775 irius
815 712 1064 777 silentio
1093 715 1310 801 surgit,
1336 728 1400 779 et
1421 714 1759 801 pullarium
1788 716 1856 779 in
1886 718 2235 805 auspicium

143 796 360 859 mittit.
455 795 589 861 Nul
618 820 725 861 um
769 812 904 863 erat
944 822 1144 885 genus
1189 800 1520 865 hominum
1564 802 1631 864 in
1671 804 1887 867 castris
1926 804 2234 868 intactum

143 881 496 968 cupiditate
526 905 814 971 pugnae:
860 887 1088 949 summi
1127 886 1456 974 infimique
1497 911 1699 974 aeque
1742 889 1970 953 intenti
2011 904 2229 955 erant:

143 968 282 1031 dux
340 969 634 1047 militum,
687 970 866 1035 miles
917 973 1096 1036 ducis
1153 973 1441 1038 ardorem
1491 975 1827 1060 spectabat.
1936 974 2001 1039 Is
2049 977 2236 1041 ardor

143 1055 436 1119 omnium
481 1057 673 1121 etiam
718 1058 799 1121 ad
845 1080 972 1136 eos,
1013 1059 1124 1145 qui
1171 1060 1449 1146 auspicio
1495 1060 1859 1138 intererant,
1900 1064 2229 1147 pervenit:

143 1164 316 1217 nam,
371 1166 570 1229 quum
630 1143 788 1230 pulli
838 1166 970 1208 non
1027 1159 1448 1232 pascerentur,
1508 1146 1830 1233 pullariuS,
1882 1150 2232 1236 auspicium
2250 1160 2539 1237 Auspicium

98 1254 130 1304 9
146 1229 404 1293 mentiri
469 1252 674 1306 ausUS,
741 1231 1090 1317 tripudium
1153 1232 1529 1296 solistimum
1593 1234 1835 1297 consuli
1900 1236 2229 1300 nuntiavit.
2250 1231 2483 1300 mentitur

151 1314 400 1379 Consul
428 1316 646 1393 laetus,
679 1318 1028 1403 auspicium
1063 1320 1388 1405 egregium
1423 1342 1576 1396 esse,
1609 1332 1675 1383 et
1701 1319 1837 1385 deis
1876 1322 2234 1386 auctoribus
2250 1290 2505 1352 pullanus.

147 1424 282 1465 rem
333 1416 637 1488 gesturoS,
691 1406 1098 1490 pronuntiat3
1165 1406 1545 1491 signumque
1605 1428 1855 1493 pugnae
1916 1428 2029 1494 pro
2116 1408 2230 1473 nit.

151 1488 436 1553 Exeunti
465 1490 592 1553 iam
613 1490 772 1554 forte
802 1490 870 1553 in
899 1492 1100 1555 aciem
1122 1492 1376 1556 nuntiat
1395 1492 1675 1579 perfuga,
1699 1493 1925 1581 viginti
1946 1517 2023 1559 eo
2070 1508 2237 1559 ortes

109 1595 128 1627 1
153 1574 534 1640 Samnitium
571 1576 1164 1663 (quadringenariae
1183 1577 1398 1643 ferme
1443 1583 1655 1665 erant)
1687 1578 2053 1644 Cominium
2090 1602 2237 1680 pro-

147 1662 358 1726 fectas
473 1662 668 1737 Quod
725 1686 806 1727 ne
865 1665 1182 1749 ignoraret
1239 1664 1499 1751 collega,
1560 1667 1881 1753 extemplo
1939 1682 2236 1732 nuntium

148 1748 384 1813 mittit:
455 1749 476 1811 i
551 1772 586 1813 e
637 1750 830 1837 signa*
867 1750 1041 1815 ocius
1089 1750 1350 1837 proferri
1408 1752 1603 1829 iubet,
1654 1753 2057 1839 subsidiaque
2108 1754 2236 1819 suis

147 1858 444 1921 quaeque
478 1772 659 1913 ῗέοἰε,
689 1849 757 1902 et
794 1837 1142 1923 praefectos
1179 1837 1472 1902 subsidiis
1510 1839 1895 1905 attribuerat.
1989 1840 2235 1905 Dextro
2269 1865 2278 1869 ·

147 1944 350 1986 cornu
389 1922 467 1986 L.
489 1922 924 2000 Volumnium,
965 1924 1216 1988 sinistro
1256 1923 1332 1988 L.
1363 1922 1743 2011 Scipionem,
1783 1926 2103 2012 equitibus
2145 1927 2238 1992 le-

147 2022 330 2159 gqatos
357 2008 531 2085 alios,
560 2008 753 2074 Gaios
779 2007 1152 2074 Caedicium
1181 2023 1248 2075 et
1277 2010 1688 2087 Trebonium,
1712 2013 2030 2098 praefecit.
2126 2014 2233 2114 Sp.

105 2121 132 2153 2
223 2096 466 2160 antium
497 2096 718 2173 muloe,
749 2096 1046 2160 detractis
1071 2096 1338 2171 clitellis,
1369 2119 1516 2160 cum
1544 2097 1905 2163 cohortibus
1934 2099 2139 2163 alariis
2168 2122 2237 2163 in

151 2181 470 2247 tumulum
517 2195 924 2269 conspectum
973 2204 1238 2282 propere
1285 2182 1753 2248 circumducere
1801 2184 1995 2261 iubet,
2044 2199 2235 2271 atque

149 2268 304 2332 inde
361 2269 530 2333 inter
586 2268 784 2355 ipsam
836 2268 1325 2344 dimicatlonem,
1379 2282 1618 2368 quanto
1676 2270 1949 2335 maxime
2006 2284 2235 2357 posset,

151 2368 326 2418 moto
356 2355 613 2441 pulvere
643 2354 992 2419 ostendere.
1069 2355 1247 2419 Dum
1276 2354 1374 2417 his
1403 2368 1687 2419 intentus
1716 2356 2053 2443 imperator
2080 2370 2235 2435 erat,

151 2440 478 2506 altercatio
529 2442 695 2507 inter
742 2441 1039 2529 pullarios
1089 2455 1227 2506 orta
1275 2441 1357 2506 de
1409 2441 1689 2528 auspicio
1739 2443 1875 2506 eius
1924 2443 2071 2521 diei,
2124 2466 2239 2509 ex-

151 2526 497 2614 auditaque
537 2529 616 2593 ab
645 2529 964 2614 equitibus
996 2527 1340 2593 Romanis:
1389 2528 1521 2614 qui,
1551 2549 1685 2592 rem
1725 2529 1895 2593 haud
1934 2552 2238 2616 spernen-

152 2614 302 2678 dam
345 2615 484 2691 rati,
522 2615 626 2700 Sp.
655 2615 910 2702 Papirio
949 2614 1154 2677 fratris
1191 2613 1324 2679 filio
1369 2614 1660 2692 consulis,
1690 2616 1923 2702 ambigi
1966 2616 2047 2681 de
2096 2640 2237 2681 aus-

152 2700 342 2787 pici0,
373 2702 908 2765 renuntiaverunt.
1000 2700 1274 2776 IuveniS,
1307 2713 1454 2765 ante
1489 2700 1839 2766 doctrinam
1874 2702 2027 2767 deos
2066 2726 2239 2790 sper-

151 2799 414 2851 nentem
463 2800 663 2865 natus,
697 2809 830 2851 rem
875 2786 1258 2873 inquisitam,
1296 2808 1378 2850 ne
1467 2786 1579 2850 uid
1624 2788 2083 2875 incompertum
2127 2788 2239 2854 de-

153 2874 348 2937 ferret
381 2872 465 2937 ad
497 2874 840 2949 consulem,
871 2872 1118 2937 detulit.
1214 2871 1341 2937 Cui
1381 2873 1425 2936 il
1451 2896 1508 2950 e,
1554 2882 1575 2912 ‘
1598 2874 1704 2937 Tu
1734 2874 1993 2961 quidem
2034 2890 2239 2942 macte

157 2968 176 2997 ‘
197 2962 433 3025 virtute
463 2960 914 3047 diligentiaque
956 2973 1128 3023 esto:
1176 2971 1458 3024 ceterum
1488 2961 1601 3046 qui
1642 2961 1920 3048 auspicio
1960 2962 2155 3039 adest,
2186 2964 2242 3027 si

155 3054 177 3085 ‘
201 3046 359 3132 quid
415 3046 553 3111 falsi
610 3047 881 3123 nuntiat,
935 3046 1004 3111 in
1055 3058 1254 3110 semet
1306 3046 1514 3132 ipsum
1571 3047 1941 3135 religionem
1998 3050 2239 3136 recipit.

220 3262 250 3307 8
283 3261 512 3319 Silemio]
555 3258 670 3306 Vid.
695 3264 794 3306 not.
817 3258 878 3306 ad
905 3256 1000 3305 viii.
1027 3271 1101 3318 ²3·
1230 3273 1290 3305 ea·
1323 3272 1403 3306 ore
1435 3258 1623 3315 cadere,
1644 3265 1691 3306 et
1723 3264 1901 3305 terram
1929 3260 2119 3318 pavire,
2142 3257 2173 3306 i.
2196 3274 2240 3307 e.

219 3340 252 3387 9
289 3325 580 3385 Tripudium
615 3324 920 3383 solistimum]
991 3320 1166 3382 Auspi-
1231 3320 1388 3379 ferire,
1410 3322 1731 3382 cmv-ipavium
1760 3324 1938 3382 primo,
1964 3338 2073 3369 moa·
2101 3324 2241 3371 teni-

156 3388 287 3435 cium
319 3403 348 3436 e
379 3386 531 3449 pullis
551 3402 742 3434 summa
763 3385 992 3448 religione
1013 3400 1045 3432 a
1068 3386 1166 3433 Ro-
1224 3386 1434 3445 pudium
1461 3386 1643 3433 dictum
1670 3391 1770 3433 est:
1802 3386 1889 3433 Ιιοσ
1921 3386 2111 3447 quidem
2142 3388 2242 3433 iam

155 3451 315 3500 manis
335 3452 639 3513 captabatur,
659 3450 753 3498 hoc
777 3450 937 3498 modo.
996 3448 1166 3497 Pullos
1230 3450 1500 3509 tripudium
1521 3450 1714 3497 dieitur.
1761 3450 2051 3496 Solistimum
2073 3456 2240 3497 autem

154 3516 204 3564 in
225 3530 374 3563 cavea
395 3514 702 3562 asservabant
723 3514 776 3571 ii,
791 3514 873 3575 qui
898 3528 956 3561 ex
981 3528 1038 3560 eo
1063 3512 1168 3574 ipso

155 3580 445 3627 dicebantur
458 3580 682 3640 pullarii.
729 3578 828 3625 His
842 3578 988 3640 igitur
1002 3577 1169 3643 pujlis,

155 3644 354 3705 quando
386 3642 626 3705 auspicari
658 3657 781 3705 opus
812 3647 932 3700 erat,
953 3643 1066 3703 puls
1091 3642 1167 3689 vel

156 3709 256 3757 offa
293 3706 622 3755 obiiciebatur.
701 3706 754 3755 Si
792 3706 916 3767 pulli
955 3721 982 3753 e
1020 3720 1168 3753 cavea

157 3771 331 3835 egressi
353 3786 450 3819 non
469 3776 644 3829 essent,
656 3775 743 3819 aut
765 3768 997 3832 progressi
1018 3768 1165 3816 offam

157 3852 256 3883 non
283 3835 569 3897 attigissent,
590 3834 706 3883 inde
738 3834 1056 3896 colligebatur
1087 3846 1168 3894 pe—

157 3901 368 3948 riculum
389 3898 658 3948 imminere.
710 3898 794 3947 Sin
817 3904 980 3945 autem
1005 3912 1168 3959 pasce-

157 3972 341 4022 rentur,
374 3964 556 4011 bonum
591 3961 845 4025 augurium
882 3960 1168 4017 habebatur,

159 4028 461 4090 praesertim,
489 4028 528 4074 si
562 4027 620 4074 iis
653 4025 954 4075 vescentibus
984 4024 1166 4087 aliquid

159 4108 220 4141 ex
261 4108 344 4140 ore
382 4091 662 4139 decidisset:
715 4090 864 4151 idque
899 4090 1170 4151 tripudium

157 4159 440 4205 solistimum
460 4155 818 4217 appellabatur.
867 4156 997 4211 Quia
1017 4153 1165 4212 enim,

159 4221 320 4283 inquit
345 4220 518 4269 Cicero
548 4220 610 4267 de
639 4218 804 4267 Dis-in.
838 4218 887 4265 ii.
923 4230 994 4279 72.
1017 4234 1166 4279 qrmm

159 4292 434 4347 pascuntur
471 4284 615 4345 pulli,
651 4298 838 4332 neccsse
875 4289 944 4329 est
980 4282 1168 4343 aliquid

1232 3510 1485 3559 dicebatur
1505 3526 1536 3559 a
1555 3512 1668 3569 solo,
1684 3513 1815 3571 quod
1836 3512 2039 3560 feriebat
2060 3513 2157 3560 offa
2177 3529 2239 3561 ex

1232 3590 1314 3623 ore
1336 3576 1458 3637 pulli
1482 3576 1724 3624 decidens.
1760 3578 1923 3625 (ἔμεν.

1303 3654 1320 3687 ι
1349 3642 1803 3701 ρααάνίηρεηανὶαε
1812 3642 1974 3701 seme
1992 3644 2159 3703 erant]
2178 3642 2239 3692 cf.
2292 3676 2301 3695 .

1233 3702 1372 3765 Supr.
1398 3702 1476 3751 vii.
1505 3716 1545 3765 7.
1596 3704 1677 3751 Ita
1697 3710 1752 3751 ut
1774 3704 1866 3753 hae
1889 3704 2109 3753 cohortes
2130 3713 2241 3755 octo

1231 3766 1390 3815 millia
1411 3766 1623 3815 militum
1644 3768 1953 3829 conficerent,
1968 3776 2153 3831 partem
2171 3770 2243 3818 ‹li-

1233 3832 1434 3879 midiam
1449 3832 1755 3881 Samnitium.
1780 3834 1841 3882 cf.
1860 3850 1987 3896 supr.
2006 3836 2080 3895 38.
2134 3836 2244 3883 Has

1234 3895 1354 3944 duas
1376 3894 1587 3958 legiones
1607 3896 1754 3945 fuisse
1776 3906 1941 3946 censet
1964 3898 2011 3946 N
2016 3898 2167 3947 iebhr.
2189 3897 2241 3947 ii.

1232 3976 1280 4007 n.
1311 3976 1326 4008 ι
1370 3976 1410 4008 2.

1297 4039 1324 4072 α
1339 3972 1469 4072 ⁷Cum
1489 4026 1575 4073 coh
1590 4026 1759 4073 ‘tibus
1780 4026 1975 4083 alariis]
2012 4024 2241 4087 Intellige

1232 4087 1454 4136 cohortes
1471 4088 1687 4137 sociales.
1732 4090 1879 4135 Alam
1896 4088 2025 4134 enim
2047 4088 2240 4150 proprie

1229 4158 1280 4199 et
1311 4152 1496 4213 signate
1530 4153 1593 4200 de
1625 4150 1766 4199 sociis
1801 4151 1851 4198 in
1890 4152 2107 4199 exercitu
2141 4152 2237 4201 dici

1230 4216 1415 4277 egregie
1449 4217 1621 4277 probat
1652 4214 1845 4275 Lipsius
1866 4216 1927 4264 de
1954 4216 2065 4265 Mil.
2092 4217 2237 4265 Rom.

1231 4278 1260 4327 i.
1289 4280 1420 4327 Dial.
1449 4290 1494 4339 7.
