3000 4784
866 229 1048 296 LIB.
1096 229 1219 295 IX.
1282 230 1506 296 CAP.
1556 233 1614 298 7.
2158 238 2283 303 507

244 386 421 430 nere
446 365 595 430 facti
672 388 774 443 ue,
808 376 945 429 tum
966 366 1161 429 etiam
1190 377 1393 431 aetate
1424 365 1758 443 verendus,
1791 365 1979 455 longe
2009 366 2191 433 aliter
2217 392 2285 435 se
2307 388 2377 438 U.
2399 386 2459 436 C.
2484 400 2598 448 433.

202 452 421 515 abere
448 475 583 516 rem
596 388 894 515 Sdixisse:
947 461 967 489 ‘
988 452 1325 516 Silentium
1354 452 1517 517 illud
1557 452 1962 531 obstinatum,
1994 454 2156 519 fixos
2203 480 2284 521 ue
2306 455 2366 501 A.
2401 451 2460 500 C·
2488 465 2598 514 3¹9·

150 545 172 575 ‘
199 538 281 602 in
306 551 546 615 terram
577 538 813 615 ocuIOS,
833 552 899 602 et
927 539 1145 603 surdas
1174 539 1257 603 ad
1280 540 1495 603 omnia
1516 539 1740 604 solatia
1767 563 1968 619 aureS,
1992 554 2059 605 et
2079 564 2170 628 pu
2215 566 2286 607 ο-
2305 516 2554 629 ἓῗξζαξί,

92 632 131 681 6
152 632 175 661 ‘
192 646 359 687 rem
390 626 736 689 intuendae
760 624 937 701 luciS,
958 626 1285 711 ingentem
1310 626 1543 689 molem
1563 626 1798 690 irarum
1815 650 1896 693 ex
1925 628 2054 692 alto
2073 630 2286 693 animo
2303 642 2622 692 mmsilentio

152 718 177 747 ‘
200 712 454 775 cientis
483 712 723 775 indicia
756 734 927 776 esse:
976 725 1088 775 aut
1124 712 1419 777 Romana
1445 734 1512 776 se
1547 714 1838 799 ignorare
1868 715 2145 801 ingenia,
2179 728 2290 780 aut
2305 706 2557 757 iudicium.

154 804 177 834 ‘
196 797 551 861 silentium
590 797 753 861 illud
807 798 1195 862 Samnitibus
1236 798 1478 863 flebiles
1517 800 1694 863 brevi
1739 799 2044 865 clamores
2089 804 2290 888 gemi-

154 891 177 923 ‘
382 906 461 949 ue
502 886 961 962 excitaturum3
1013 882 1475 971 Caudinaeque
1520 886 1694 973 pacis
1745 886 2071 974 aliquanto
2111 886 2292 953 Sam-

156 977 180 1008 ‘
204 970 349 1033 niti
397 992 489 1048 us,
502 993 695 1057 quam
718 970 1024 1035 Romanis
1042 972 1379 1035 tristiorem
1399 972 1768 1036 memoriam
1786 973 1938 1037 fore.
2029 974 2290 1063 Quippe

156 1064 180 1095 ‘
204 1078 377 1121 suos
406 1079 729 1144 quemque
776 1079 995 1121 eorum
1026 1058 1270 1122 animos
1310 1057 1696 1134 habiturum,
1731 1059 2098 1145 ubicunque
2139 1084 2293 1126 con·
2397 1116 2403 1122 .

156 1150 178 1181 ‘
292 1144 501 1259 esquri
558 1144 721 1208 sint:
794 1144 989 1209 saltus
1037 1142 1366 1208 Caudinos
1422 1167 1556 1208 non
1607 1145 1846 1231 ubique
1904 1145 2294 1211 Samnitibus

158 1238 181 1268 ‘
232 1252 379 1294 ore.

256 1315 413 1380 Iam
467 1315 713 1380 Romae
765 1318 957 1381 etiam
1010 1340 1125 1381 sua
1174 1316 1427 1381 infamis
1477 1315 1690 1380 clades
1739 1329 1892 1382 erat.
1989 1316 2293 1384 Obsessos

114 1430 145 1481 7
160 1404 465 1489 primum
537 1403 914 1467 audierunt:
994 1403 1230 1467 tristior
1286 1401 1522 1467 deinde
1595 1402 2054 1489 ignominiosae
2165 1406 2292 1469 acis
2311 1419 2499 1469 Luctus
2522 1419 2624 1467 Ro-

160 1489 407 1575 magiS,
438 1512 631 1575 quam
674 1489 959 1575 periculi,
990 1490 1253 1553 nuntius
1292 1490 1430 1553 fuit.
1523 1489 1637 1554 Ad
1673 1490 1906 1554 famam
1947 1491 2082 1555 obsi
2151 1492 2292 1556 onis
2309 1498 2440 1533 ¹¹²oe-

162 1575 473 1640 delectus
515 1575 733 1640 haberi
777 1589 1040 1663 coeptus
1082 1589 1255 1641 erat:
1304 1576 1598 1639 dimissus
1633 1576 1868 1641 deinde
1908 1577 2292 1643 auxiliorum

164 1674 541 1749 apparatuS,
572 1674 909 1749 postquam
938 1661 1333 1727 deditionem
1375 1675 1504 1725 tam
1539 1661 1723 1727 foede
1758 1662 1990 1729 factam
2029 1688 2291 1752 accepe-

164 1761 334 1812 runt
359 1772 377 1812 =
422 1749 871 1898 extemploque
900 1749 1035 1813 sine
1067 1748 1197 1813 ulla
1224 1748 1481 1837 publica
1509 1750 1881 1815 auctoritate
1911 1772 2290 1817 consensum

166 1836 245 1899 in
310 1857 574 1900 omnem
657 1857 897 1899 ormam
954 1835 1163 1900 luctus
1222 1848 1335 1900 est.
1456 1835 1789 1900 Tabernae
1857 1838 2026 1903 circa
2080 1838 2290 1902 forum

170 1922 457 1999 clausae,
504 1922 947 2007 iustitiumque
994 1922 1063 1987 in
1113 1922 1251 1988 foro
1300 1944 1416 1986 sua
1465 1936 1692 2009 sponte
1744 1937 2044 2010 coeptum
2093 1925 2290 2011 prim,

122 1994 384 2121 {quam
440 2008 793 2072 indictum:
864 2007 975 2072 lati
1034 2008 1213 2085 clavi,
1274 2008 1495 2073 annuli
1553 2010 1730 2074 aurei
1759 2011 2016 2158 dpositi3
2085 2031 2289 2097 paene

172 2095 485 2159 maestior
540 2094 825 2159 exercitu
876 2094 1014 2180 ipso
1066 2095 1284 2158 civitas
1333 2118 1510 2158 esse:
1580 2118 1701 2160 nec
1805 2096 2028 2160 ucibus
2085 2097 2291 2161 solum

173 2193 384 2268 atque
423 2181 781 2245 auctoribus
820 2181 1353 2267 sponsoribusque
1397 2181 1570 2266 pacis
1612 2181 1813 2256 irasci,
1846 2181 1961 2246 sed
1981 2182 2292 2246 -innoxios

174 2268 383 2331 etiam
426 2266 659 2332 milites
702 2267 929 2344 odisse,
966 2279 1035 2331 et
1077 2270 1308 2353 negare
1354 2268 1511 2330 urbe
1559 2266 1820 2331 tectisve
1867 2267 2287 2353 accipiendos,

182 2353 411 2428 Quam
454 2354 941 2419 concitationem
987 2354 1344 2417 animorum
1379 2352 1571 2439 fregit
1608 2353 1917 2419 adventus
1956 2355 2293 2431 exercitus,

178 2440 384 2504 etiam
430 2441 602 2505 iratis
652 2440 1039 2505 miserabilia
1132 2439 1200 2503 N
1204 2462 1289 2503 on
1336 2440 1508 2504 enim
1557 2451 1860 2527 tanquam
1907 2440 1978 2503 in
2023 2441 2294 2527 patriam

178 2540 577 2591 revertentes
622 2550 707 2592 ex
752 2528 1071 2613 insperato
1114 2525 1483 2603 incolumes,
1535 2525 1648 2590 sed
1692 2539 2023 2613 captorum
2069 2527 2294 2591 habitu

178 2614 501 2700 vultuque
552 2614 816 2700 ingressi
868 2635 1008 2678 sero
1058 2613 1129 2675 in
1174 2613 1417 2689 urbem,
1466 2613 1557 2677 ita
1607 2634 1674 2677 se
1727 2614 1795 2676 in
1847 2614 1975 2677 suis
2021 2613 2292 2699 quisque

182 2702 377 2764 tectis
428 2700 831 2776 abdiderunt,
885 2712 959 2763 ut
1000 2712 1253 2785 postero
1297 2711 1489 2786 atque
1542 2700 2026 2787 insequentibus
2069 2699 2294 2763 diebus

182 2806 385 2851 nemo
428 2808 648 2850 eorum
694 2787 901 2850 forum
948 2797 1059 2850 aut
1108 2786 1438 2873 publicum
1488 2786 1768 2872 aspicere
1811 2785 2021 2851 vellet.
2118 2783 2296 2849 Con-

184 2872 380 2949 sules,
428 2872 499 2935 in
548 2872 792 2959 privato
843 2871 1063 2949 abditi,
1116 2872 1278 2936 nihil
1327 2894 1444 2959 pro
1495 2873 1865 2960 magistratu
1913 2895 2118 2960 ageoe,
2173 2871 2296 2936 nisi

186 2960 373 3044 quod
400 2980 765 3046 expressum
795 2959 1341 3023 senatusconsulto
1370 2970 1484 3036 est,
1510 2972 1583 3024 ut
1609 2960 1984 3025 dictatorem
2007 2959 2296 3024 dicerent

186 3046 595 3109 comitiorum
634 3066 837 3109 causa.
934 3045 1017 3119 Q„
1046 3044 1313 3110 Fabium
1346 3045 1734 3111 Ambustum
1764 3046 2084 3123 dixerunt,
2123 3060 2188 3109 et
2218 3045 2290 3110 P.
2315 3058 2381 3113 Q.
2400 3055 2584 3105 Fabiu-

188 3132 459 3196 Aelium
489 3132 762 3195 Paetum
806 3132 1175 3218 magistrum
1218 3134 1548 3219 equitum:
1597 3134 1830 3220 quibus
1857 3133 2014 3197 vitio
2049 3132 2294 3208 creatiS,
2313 3121 2535 3169 dictator.

191 3340 479 3403 Campanos
520 3339 775 3388 nobilitate
818 3337 1025 3399 incluta,
1060 3354 1215 3399 usque

192 3406 257 3453 ad
292 3406 481 3453 bellum
514 3405 759 3453 Punicum
792 3405 1061 3452 secundum
1084 3402 1218 3451 varia

194 3469 371 3543 fide-in
394 3470 648 3518 Romanos
669 3472 787 3517 erat.
828 3469 890 3517 cf.
913 3468 1023 3517 infr.
1046 3467 1112 3515 ix.
1138 3464 1215 3515 26.

196 3547 411 3645 1131ssAE
442 3599 542 3645 alto
573 3599 736 3647 animo
768 3596 965 3655 cientis]
1000 3598 1088 3643 Ea·
1118 3596 1216 3643 alto

196 3662 353 3709 enirm·
385 3663 575 3719 cinaeis,
602 3662 733 3723 quod
760 3660 977 3710 Gronov.
1000 3664 1051 3707 et
1073 3660 1216 3708 Crev-

197 3727 425 3784 probant,
446 3725 499 3773 in
520 3731 713 3774 textum
736 3724 953 3787 reposuit
976 3724 1189 3771 Bekker.

268 3800 294 3849 7
332 3792 537 3839 Tristior
558 3826 571 3839 .
596 3824 609 3838 .
634 3825 647 3838 .
670 3825 683 3837 .
706 3790 887 3851 παρὰ]
937 3787 1220 3836 Sufficiebat

201 3853 398 3903 tristior.
465 3854 563 3901 Sed
601 3854 774 3901 eodem
814 3852 961 3900 modo
1002 3851 1220 3899 Iustinus

202 3914 269 3964 iii.
307 3932 349 3965 α.
382 3922 501 3967 Non
532 3919 811 3967 inventione
842 3932 1015 3965 earum
1046 3918 1218 3977 mayis,

200 3994 347 4051 quam
366 3984 582 4043 exemplo
602 3984 795 4030 clarior.
864 3980 947 4029 Sic
976 3986 1027 4028 et
1054 3982 1219 4041 potius

200 4046 415 4105 mugitur
454 4060 566 4095 cum
606 4046 707 4095 alia
740 4060 859 4093 voce
902 4044 1217 4106 comparativi

203 4110 393 4218 galdus,
421 4111 556 4171 apud
591 4110 697 4160 Cic.
724 4110 821 4171 Ep.
845 4109 909 4157 ad
941 4108 1057 4157 Div.
1080 4107 1147 4157 ix.
1172 4122 1216 4157 α.

252 4186 363 4223 mv.

276 4238 307 4284 8
343 4240 459 4286 Lati
494 4240 648 4298 clavi]
716 4240 874 4287 Laena
912 4240 1081 4287 clavus
1117 4241 1223 4284 erat

210 4300 369 4349 tunica
406 4304 663 4363 purpureis
700 4302 989 4363 quibusdam
1030 4301 1079 4347 in
1120 4314 1220 4347 mo-

211 4362 323 4413 dum
344 4366 612 4425 clavorum,
632 4366 787 4428 iisque
810 4366 923 4413 latis
951 4371 1001 4413 et
1027 4362 1222 4425 amplis,

1281 3337 1493 3396 orbibus,
1529 3338 1608 3385 vel
1642 3336 1860 3395 intextis,
1889 3336 1964 3385 vel
1998 3336 2190 3396 insutis,
2225 3352 2298 3385 or-

1279 3406 1411 3449 nata.
1478 3401 1634 3449 Latus
1671 3402 1840 3448 clavus
1879 3406 1986 3449 erat
2021 3408 2299 3449 senatorum

1280 3465 1499 3527 insigne:
1555 3469 1790 3527 angustus
1837 3466 2020 3525 clavus,
2063 3464 2299 3525 equitum.

1282 3530 1444 3579 Cam.

1346 3608 1379 3657 9
1398 3594 1596 3641 Annali
1617 3594 1786 3653 aurei]
1820 3592 2076 3641 Annulum
2097 3608 2299 3642 aureum

1282 3662 1528 3705 senatores
1560 3664 1610 3705 et
1643 3657 1830 3718 equites
1864 3658 2116 3707 Romanos
2145 3664 2300 3721 gesta-

1284 3722 1407 3771 visse
1450 3727 1660 3781 constat,
1693 3723 1779 3770 sed
1821 3738 1920 3771 non
1959 3723 2304 3773 vetustioribus

1282 3785 1580 3848 reipublicae
1612 3787 1932 3849 temporibus,
1953 3788 2129 3850 quibus
2158 3803 2300 3836 usum

1284 3852 1576 3899 annulorum
1609 3850 1905 3901 rarissimum
1935 3853 2100 3910 fuisse,
2123 3864 2302 3911 eosque

1282 3914 1441 3977 primo
1472 3916 1652 3963 ferreos
1683 3916 1859 3977 gestari
1885 3918 2052 3964 solitos
2076 3931 2180 3962 esse
2205 3920 2300 3961 tra-

1282 3980 1355 4027 dit
1375 3979 1566 4029 Plinius
1585 3980 1654 4028 Η.
1671 3980 1739 4029 N.
1757 3979 1928 4028 xxxiii.
1947 3994 1987 4027 1.
2037 3978 2106 4025 Et
2126 3992 2178 4023 re
2195 3976 2299 4036 qui-

1283 4044 1395 4093 dem
1418 4044 1526 4105 ipsa
1548 4044 1670 4091 haec
1691 4044 1850 4105 prima
1869 4040 2054 4089 mentio
2070 4040 2201 4101 apud
2219 4038 2298 4111 Ist-

1284 4108 1417 4157 vium
1446 4110 1740 4157 annulorum
1774 4120 2030 4155 aureorum
2058 4108 2296 4151 occurrit:

1285 4188 1377 4221 nec
1399 4187 1461 4219 ex
1482 4172 1578 4219 hoc
1601 4172 1710 4219 loeo
1731 4169 2057 4229 colligendum
2089 4171 2162 4214 est
2192 4171 2298 4214 tum

1286 4236 1510 4296 vulgares
1541 4235 1808 4283 admodum
1838 4232 1998 4280 fuisse.
2044 4230 2162 4279 vid.
2195 4236 2297 4279 not.

1286 4300 1350 4347 ad
1373 4298 1448 4359 46.
1471 4298 1582 4346 infr.
1620 4299 1796 4349 Casv..
