3000 4784
779 244 970 334 Lis.
1020 244 1207 311 vm
1276 246 1499 313 CAP.
1554 252 1651 313 15.
2129 252 2258 315 469

134 376 231 441 Et
266 378 559 443 Antium
596 402 761 445 nova
795 381 1045 446 colonia
1082 382 1268 446 missa
1304 404 1451 446 cum
1481 405 1579 461 eo,
1612 393 1684 447 ut
1713 380 2084 447 Antiatibus
2103 405 2255 484 per-
2277 402 2344 453 U.
2368 404 2428 453 c.
2449 414 2561 465 41⁷·

132 464 537 542 mitteretur,
582 466 635 529 si
678 479 747 530 et
794 468 913 553 ipsi
966 468 1192 532 ascribi
1236 468 1445 533 coloni
1486 466 1741 533 vellent.
1835 467 2050 533 Naves
2099 470 2252 535 inde
2271 469 2332 549 A.
2367 468 2425 517 0·
2450 478 2562 531 335·

132 549 381 637 longae
434 553 712 630 abactae,
759 554 1167 619 interdictum
1216 577 1297 619 ue
1344 555 1504 619 mari
1552 554 1802 619 Antiati
1852 555 2090 643 populo
2136 571 2252 633 est,

130 650 204 701 et
269 636 504 703 civitas
559 638 723 703 data.
833 638 1133 705 Tiburtes
1170 578 1711 729 ‹l5raenestinique
1771 663 1922 728 agro
1980 642 2251 720 multati,

130 744 365 809 neque
414 725 498 789 ob
542 747 763 789 recens
810 736 1059 789 tantum
1104 726 1485 805 rebellionis,
1533 749 1870 792 commune
1921 750 2071 793 cum
2115 728 2254 793 aliis

130 807 425 887 Latinis,
475 811 754 887 crimen3
808 812 921 875 sed
968 812 1161 899 quod,
1212 813 1422 878 taedio
1465 813 1716 901 imperii
1762 814 2060 891 Romani,
2105 836 2252 879 cum

132 892 383 973 Gallis,
421 910 613 983 gente
654 898 929 975 efferata,
972 919 1145 962 arma
1184 899 1510 999 quondam
1548 900 2026 967 consociassent.
2123 900 2253 966 Ce-

130 982 301 1045 teris
352 981 603 1047 Latinis
648 983 901 1071 populis
945 985 1267 1049 connubia
1310 986 1815 1072 commerciaque
1867 998 1934 1050 et
1983 987 2253 1051 concilia

128 1068 319 1131 inter
372 1090 443 1133 se
494 1068 885 1134 ademerunt.
982 1068 1347 1157 Campanis,
1400 1072 1692 1157 equitum
1739 1072 1996 1137 honoris
2043 1072 2248 1151 cau'sa,

128 1154 301 1240 quia
331 1178 483 1219 cum
514 1156 760 1220 Latinis
788 1155 1088 1222 rebellare
1120 1156 1485 1234 noluissent,
1520 1156 1971 1244 Fundanisque
2001 1171 2068 1221 et
2097 1158 2250 1223 For-

127 1240 401 1318 mianis,
428 1242 605 1328 quod
633 1264 749 1329 per
775 1242 939 1308 fines
966 1265 1187 1307 eorum
1219 1255 1357 1307 tuta
1503 1254 1734 1329 ataque
1763 1266 2014 1331 semper
2032 1243 2252 1309 fuisset

128 1327 268 1403 via,
301 1328 527 1393 civitas
566 1328 701 1393 sine
742 1329 1037 1416 suffragio
1078 1328 1243 1393 data.
1339 1266 1668 1393 ffimoe
1711 1328 2249 1416 Suessulanosque

130 1412 443 1478 eiusdem
481 1414 637 1479 iuris
672 1413 1202 1499 conditionisque,
1244 1414 1425 1479 cuius
1458 1413 1771 1502 Capuam,
1813 1438 1948 1480 esse
1990 1414 2246 1502 placuit.

134 1497 212 1561 Ν
214 1521 371 1563 aves
400 1500 765 1565 Antiatium
795 1501 1023 1587 partim
1052 1502 1123 1564 in
1152 1501 1399 1565 navalia
1431 1501 1677 1566 Romae
1708 1502 2076 1578 subductae,
2107 1524 2250 1589 par-

132 1585 265 1648 tim
326 1585 643 1664 incensae,
702 1587 915 1651 rostris
961 1609 1041 1651 ue
1100 1610 1317 1651 earum
1374 1600 1762 1675 suggestum,
1815 1588 1884 1650 in
1941 1586 2078 1652 foro
2136 1611 2250 1652 ex-

130 1682 483 1750 structum,
534 1672 829 1737 adornari
880 1696 925 1760 p
950 1673 1159 1737 acuit:
1228 1673 1585 1761 Rostraque
1642 1673 1713 1737 id
1771 1672 2082 1760 templum
2139 1696 2252 1761 ap-
2269 1689 2448 1739 Rostra
2469 1706 2556 1740 un-

130 1756 474 1843 penatum.
2266 1754 2330 1801 de
2351 1754 2496 1805 dicta.

238 1842 319 1907 C.
370 1842 653 1931 Sulpicio
706 1844 961 1946 Longe,
1006 1844 1080 1909 P.
1116 1844 1305 1910 Aelio
1357 1845 1560 1911 Paeto
1612 1846 1993 1922 consulibus,
2047 1868 2248 1933 quum
2378 1859 2475 1920 15.

137 1930 365 1993 omnia
414 1953 545 1995 uon
596 1953 749 2017 opes
798 1952 999 2031 magis
1047 1931 1395 2009 Romanae,
1446 1954 1640 2032 quam
1689 1932 2017 1997 beneficiis
2066 1946 2248 2019 parta
2269 1942 2335 1991 U.
2359 1942 2417 1991 c.
2441 1943 2552 2003 418.

136 2016 353 2101 gratia
394 2017 564 2081 bona
606 2039 765 2103 pace
811 2018 1146 2095 obtineret,
1194 2018 1361 2081 inter
1411 2016 1726 2082 Sidicinos
1775 2018 2243 2105 Auruncosque
2263 2007 2326 2118 g·
2340 2006 2428 2117 Sil
2443 2019 2560 2119 3ξὲξὸ

138 2100 389 2166 bellum
440 2115 669 2167 ortum.
762 2101 1074 2178 Aurunci,
1127 2128 1167 2169 a
1216 2103 1295 2167 T.
1331 2102 1582 2168 Manlio
1634 2104 1890 2167 consule
1944 2105 2014 2167 in
2067 2103 2245 2169 dedi·
2265 2106 2322 2181 p]
2342 2084 2486 2182 Aelii>
2561 2104 2578 2131 ’

142 2187 393 2252 tionem
428 2190 691 2275 accepti,
722 2188 885 2252 nihil
912 2189 1148 2253 deinde
1189 2201 1554 2253 moverant:
1603 2211 1682 2252 eo
1721 2189 1986 2274 petendi
2025 2190 2245 2253 auxilii
2263 2198 2398 2245 Coss.

143 2274 231 2337 ab
266 2272 571 2339 Romanis
610 2298 799 2340 causa
832 2275 1057 2339 iustior
1093 2275 1231 2340 fuit.
1328 2274 1457 2339 Sed
1500 2275 1694 2361 priua„
1726 2295 1918 2360 quam
1958 2275 2248 2339 consules

144 2360 231 2423 ab
278 2361 434 2425 urbe
478 2361 774 2449 (iusserat
817 2362 991 2425 enim
1042 2373 1297 2425 senatus
1342 2360 1603 2425 defendi
1652 2360 2022 2446 Auruncos)
2067 2382 2249 2425 exer-

145 2446 347 2509 citum
394 2447 759 2525 educerent,
800 2447 969 2511 fama
1013 2448 1289 2525 affertur,
1329 2446 1672 2511 Auruncos
1716 2460 1896 2511 metu
1941 2470 1980 2510 o
2025 2446 2250 2533 pidum

116 2532 517 2611 deseruisse,
548 2534 975 2621 profugosque
1006 2557 1151 2598 cum
1188 2533 1564 2620 coniugibus
1600 2554 1672 2596 ac
1709 2532 1922 2597 liberis
2002 2554 2247 2597 uessam

146 2620 588 2699 communisse,
634 2643 799 2706 quae
842 2642 1017 2685 nunc
1062 2621 1373 2684 Aurunca
1421 2618 1776 2706 appellata3
1830 2618 2086 2683 moenia
2133 2640 2246 2684 an-

222 2846 249 2895 7
278 2835 471 2882 Antiati
498 2836 707 2897 populo]
756 2833 963 2883 Antium
996 2838 1162 2881 autem
1228 2848 1333 2893 nas,
1354 2830 1500 2881 finisse
1522 2836 1764 2881 testantur
1785 2832 1900 2883 Dio.
1923 2834 2058 2884 Cass.
2081 2835 2162 2884 Fr.
2178 2834 2242 2885 iv.

148 2901 321 2959 postea
358 2897 486 2946 inter
520 2898 791 2947 maritimas
830 2898 1045 2946 colonias
1080 2912 1163 2945 an·
1230 2911 1278 2958 p.
1297 2914 1343 2957 4.
1362 2897 1439 2945 ed.
1458 2896 1621 2945 Reim.
1657 2896 1788 2946 Serv.
1811 2897 1864 2945 in
1887 2899 2011 2948 Aen.
2035 2898 2113 2947 vii.
2137 2909 2241 2961 727.

150 2967 443 3009 numeratur.
474 2961 586 3011 infr.
608 2962 757 3011 xxvii.
783 2963 859 3023 38.
1224 2961 1285 3008 cf.
1327 2959 1504 3009 Festus
1539 2976 1582 3009 v.
1619 2963 1905 3010 Ausoniam.
1985 2963 2073 3010 Illi
2111 2978 2242 3023 vero,

220 3026 251 3071 8
284 3026 502 3074 Tiburtes
522 3027 958 3088 Praenestinique]
997 3024 1067 3073 Hi
1090 3023 1160 3071 in·
1224 3038 1382 3085 aeque
1406 3040 1463 3072 ac
1488 3022 1710 3083 Sidicini,
1733 3026 1862 3074 Osca
1883 3025 2064 3088 on'gine
2087 3033 2242 3087 erant,

152 3094 229 3137 ter
260 3090 387 3136 tertii
414 3090 609 3151 qenes-is
644 3088 917 3149 municipes
950 3102 981 3135 a
1014 3088 1161 3136 Festo
1224 3103 1383 3149 neque
1417 3086 1468 3135 in
1499 3088 1864 3150 Campanorum
1898 3090 2241 3138 conluvionem

154 3158 419 3201 censentur.
495 3154 727 3201 Ceterum
770 3166 918 3213 quam
962 3151 1161 3199 omnino
1227 3152 1577 3199 confluxerant.

157 3215 452 3265 Praenestini
478 3216 531 3263 in
562 3216 851 3265 auctoritate
875 3215 1067 3263 Romae
1088 3230 1157 3262 es-
1290 3232 1322 3274 4
1340 3215 1594 3273 Suessam]
1623 3212 1807 3261 Nescio
1825 3229 1888 3261 an
1903 3214 2000 3261 hoc
2014 3214 2139 3261 illud
2156 3230 2240 3276 op-

153 3282 279 3337 sent,
294 3280 539 3341 collegeris
558 3296 620 3327 ex
676 3278 873 3327 raetoris
892 3276 1159 3326 Praenesti·
1226 3276 1397 3337 pidum
1420 3277 1499 3334 sit,
1517 3276 1650 3336 quod
1668 3278 1848 3324 Suessa
1867 3278 2089 3325 Pometia
2111 3292 2241 3339 supr.

154 3342 205 3390 ni
229 3348 358 3390 metu
377 3342 487 3393 infr.
508 3344 576 3392 ix.
605 3358 624 3391 1
663 3378 675 3392 .
701 3346 925 3391 narrata·
1226 3338 1257 3386 i.
1293 3350 1369 3399 52.
1409 3338 1457 3387 ii.
1494 3350 1572 3399 25.
1607 3344 1824 3397 vocatur,
1865 3344 1914 3387 et
1949 3340 2241 3388 Volscorum

218 3421 252 3469 9
274 3408 519 3455 Cannabia
546 3407 944 3469 metam]
974 3404 1161 3460 Quem·
1225 3402 1374 3450 fuisse
1416 3401 1613 3461 dicitur,
1652 3404 1785 3463 quod
1827 3403 1958 3451 idem
2002 3403 2239 3477 oppidum

154 3470 412 3518 admodum
425 3471 715 3533 quibusdam
730 3470 1059 3518 Hernicorum
1076 3482 1160 3529 po-
1228 3467 1570 3513 Auruncorum
1593 3480 1697 3513 esse
1718 3480 1848 3528 supr.
1871 3466 1921 3515 ii.
1944 3464 2015 3514 16.
2034 3468 2239 3516 Videtur.

156 3532 285 3595 pulis
302 3533 403 3581 infr.
422 3535 488 3582 ix.
508 3550 585 3597 43.
608 3540 659 3583 et
682 3532 1039 3582 Macedonibus
1058 3532 1157 3579 xlv.
1224 3528 1276 3578 Si
1317 3527 1646 3577 Niebuhrium
1681 3529 1713 3577 i.
1744 3544 1791 3577 n.
1829 3544 1936 3591 213·
1966 3528 2240 3591 audiamus,

158 3612 237 3661 29.
299 3598 407 3646 Hoc
430 3614 543 3647 vero
574 3613 709 3647 more
728 3596 905 3659 agendi
924 3598 1159 3644 Latinum
1223 3607 1403 3641 nomen
1442 3594 1595 3641 Volsci
1624 3591 1676 3640 in
1709 3593 1952 3641 veteribus
1981 3593 2240 3643 annalibus

156 3677 323 3710 nornen
364 3662 575 3711 Romani
618 3663 920 3724 frangebant,
962 3665 1013 3707 et
1052 3664 1158 3707 tan-
1223 3658 1429 3705 eandem
1460 3661 1676 3719 gentem,
1697 3672 1846 3718 quam
1877 3660 2127 3718 Aurunci,
2155 3660 2235 3709 de-

158 3739 299 3786 quam
315 3726 647 3775 commissmas
662 3725 875 3787 corporis
884 3722 1048 3772 Latini
1064 3722 1157 3771 dis-
1222 3721 1458 3783 signabat,
1479 3725 1530 3769 et
1545 3721 1645 3768 duo
1667 3720 1852 3783 oppida
1873 3728 2028 3782 erant,
2049 3722 2237 3772 scilicet

160 3788 425 3851 iungebant.
1224 3783 1451 3834 Pometia
1492 3789 1544 3832 et
1581 3784 1774 3845 Suessa,
1817 3785 1912 3833 hoc
1955 3787 2088 3848 quod
2129 3790 2234 3835 Au-

228 3866 248 3900 1
281 3854 649 3917 Fundanisque]
688 3852 799 3901 Hos
831 3866 943 3900 cum
970 3850 1155 3899 Formi·
1219 3865 1429 3899 runcum
1465 3849 1568 3897 sive
1597 3852 1948 3901 Auruncorum
1979 3866 2132 3909 num,
2167 3866 2233 3899 sc.

158 3916 263 3965 anis
296 3922 342 3965 et
370 3916 607 3967 Cuman'm
640 3918 767 3966 inter
800 3916 944 3979 primi
976 3914 1156 3963 ordinis
1220 3913 1349 3962 Livii
1370 3928 1510 3969 aevo,
1523 3914 1830 3975 appellatum
1851 3914 2081 3973 est‚illud
2103 3914 2234 3974 quod

159 3980 419 4043 municipes
439 3987 730 4031 annumerat
752 3982 941 4031 Festus.
1218 3976 1405 4025 incuria
1462 3979 1642 4027 Suessa
1697 3980 1919 4027 Pometia
1981 3975 2232 4037 scriptum.

224 4058 250 4091 α
280 4046 540 4109 Rostraque
573 4046 627 4093 ed
662 4046 917 4109 templum]
976 4041 1157 4098 Quivis
1220 4042 1349 4090 Fieri
1374 4047 1534 4103 potest
1561 4048 1616 4089 ut
1643 4042 1693 4089 in
1716 4039 1957 4090 veteribus
1976 4038 2235 4085 annalibus

159 4109 290 4157 locus
331 4108 641 4173 inauguratus
690 4112 919 4171 templum
962 4106 1153 4155 dicitur.
1216 4108 1397 4155 Suessa
1436 4106 1661 4154 Pmtia
1707 4104 1909 4174 antiquo
1959 4115 2094 4148 more
2143 4116 2232 4175 pro

160 4173 325 4223 Ciceso
338 4174 385 4222 in
408 4174 572 4223 vatin.
596 4189 669 4224 10.
691 4176 759 4222 In
778 4174 964 4230 rostris,
978 4173 1035 4219 tn
1056 4170 1156 4229 illo,
1216 4170 1395 4219 Suessa
1434 4175 1485 4218 et
1525 4170 1748 4217 Pometia
1791 4178 1881 4239 sen
1919 4168 2026 4211 tum
2039 4226 2050 4239 ο
2067 4164 2231 4239 fuerit,

158 4239 363 4299 immam,
392 4240 695 4300 inauqumto
733 4238 907 4299 templo
942 4252 1003 4285 ac
1038 4235 1149 4285 loco.
1215 4239 1268 4281 et
1309 4246 1466 4281 crasso
1511 4230 1690 4279 librarii
1739 4245 1816 4278 cui
1909 4240 1991 4275 am
2037 4242 2230 4290 ingenio

160 4302 361 4351 ὃπως-ιι.
1216 4310 1369 4345 unum
1406 4294 1644 4357 oppidum
1677 4290 1950 4353 intelligere
1974 4290 2228 4341 videretur.

225 4378 251 4423 3
281 4366 555 4426 Auruncos]
599 4366 831 4423 Eosdem,
850 4378 973 4426 quos
998 4363 1152 4412 Auso·
1218 4358 1425 4408 Niebhr.
1448 4359 1479 4406 i.
1506 4374 1552 4419 p.
1579 4370 1687 4418 505.
1719 4357 1766 4403 ii.
1791 4372 1838 4403 n.
1869 4351 1972 4403 186.
