3000 4784
377 309 443 357 U.
555 324 663 371 3²0·

376 374 435 422 A.

378 746 612 797 Servilius

376 811 601 861 dictator.

484 1082 586 1141 22.

470 310 527 357 C.

471 374 529 424 C.
554 388 664 435 43²·

697 174 821 233 248
1464 165 1689 231 ΤΙΤΙ
1748 164 2027 230 LIVII

706 303 1162 379 Romanorum,
1188 324 1398 388 neque
1429 302 1742 365 sociorum
1769 301 2082 388 precibus,
2105 298 2402 387 potuere)
2421 300 2574 364 duo
2605 296 2842 387 populi

704 390 1005 453 transiere
1039 387 1401 463 Anienem3
1448 402 1641 473 atque
1670 388 1844 451 haud
1874 387 2093 474 procul
2127 385 2386 451 Collina
2411 400 2626 473 porta.
2655 386 2846 471 signa

704 474 997 539 habuere.
1090 473 1510 575 Trepidatum
1539 474 1774 561 itaque,
1807 496 1940 538 non
1967 474 2039 537 in
2065 474 2228 560 agris
2259 474 2476 561 magis,
2513 480 2760 559 quam‘
2779 472 2846 533 in

702 562 879 639 urbe,
917 575 1027 627 est.
1120 560 1321 625 Iuhus
1364 561 1586 625 consul
1629 561 1697 624 in
1900 583 1967 624 re
2015 560 2336 647 murisque
2383 560 2702 647 explieat
2741 580 2850 621 co-

703 648 873 734 pias:
922 670 962 711 a
988 647 1284 734 Virginio
1322 659 1578 711 senatus
1617 647 1688 710 in
1721 671 1796 711 ae
1843 670 1878 711 e
1916 646 2174 722 Quirini
2211 647 2600 711 consulitur.
2723 644 2850 708 Di-

704 747 1009 799 ctatorem
1032 733 1160 798 dici
1184 734 1267 797 A.
1286 732 1620 797 Servilium
1645 733 1870 820 placet,
1891 734 1997 797 cui
2020 732 2240 797 Prisco
2262 734 2389 811 alii,
2414 734 2524 797 alii
2559 732 2854 797 Structo
2873 752 2894 784 ι

702 821 892 884 fiiisse
936 842 1292 907 cognomen
1336 820 1611 885 tradunt.
1706 820 2055 907 VirginiuS,
2102 820 2256 883 dum
2301 819 2634 906 collegam
2685 840 2854 917 con-

706 906 957 984 suleret,
1006 919 1303 983 moraturi,
1351 906 1761 994 permittente
1813 928 1910 982 eo,
1959 918 2146 970 nocte
2193 905 2579 971 dictatorem
2645 904 2850 968 duit.
2950 918 2951 977 j

706 992 772 1057 Is
822 994 941 1058 sibi
1002 994 1369 1080 magistrum
1421 992 1711 1078 equitum
1755 992 2132 1057 Postumum
2178 993 2534 1057 Aebutium
2591 990 2854 1055 Elvam

704 1080 876 1144 dicit.
970 1079 1263 1144 Dictator
1296 1101 1517 1143 omnes
1549 1078 1691 1144 luce
1731 1080 1938 1166 prima
1979 1092 2160 1143 extra
2194 1092 2442 1165 portam
2485 1078 2852 1143 Collinam
2950 1090 2951 1155 j

705 1167 922 1231 adesse
976 1167 1169 1231 iubet.
1265 1166 1772 1251 Quibuscunque
1817 1166 1980 1229 vires
2029 1167 2452 1265 suppetebant
2507 1166 2598 1229 ad
2655 1186 2852 1228 anna
2950 1218 2951 1221 ,

705 1254 983 1330 ferenda,
1021 1266 1271 1341 praesto
1305 1253 1521 1316 fuere:
1570 1252 1751 1337 signa
1787 1275 1869 1315 ex
1909 1274 2148 1315 aerario
2187 1265 2483 1339 prompta
2515 1252 2853 1316 feruntur

706 1341 790 1404 ad
847 1340 1236 1406 dictatorem.
1334 1338 1520 1413 Quae
1626 1362 1780 1402 uum
1837 1351 2194 1425 agerentur,
2253 1338 2465 1403 hostes
2532 1339 2614 1401 in
2693 1338 2848 1401 loca
2950 1352 2951 1355 ’

706 1427 929 1492 altiora
967 1448 1349 1491 concessere.
1442 1424 1541 1489 Eo
1639 1436 1842 1489 ctator
1959 1424 2130 1489 mine
2167 1424 2395 1489 infesto
2425 1426 2600 1489 subit
2629 1450 2650 1487 ε
2713 1446 2844 1487 nec

704 1513 927 1600 procul
980 1512 1306 1576 Nomento
1358 1510 1556 1597 signis
1607 1511 1866 1587 collatis,
1879 1448 2080 1575 affudit
2130 1510 2428 1576 Etruscas
2476 1511 2795 1598 legiones
2818 1533 2837 1571 t

376 1606 592 1656 Eidem·
604 1622 689 1669 op·
707 1598 1013 1685 compulit
1062 1597 1213 1661 inde
1274 1598 1342 1659 in
1400 1598 1624 1661 urbem
1673 1595 1962 1673 Fidenas,
2010 1596 2300 1683 valloque
2361 1596 2838 1661 circumdedit.

376 1678 579 1733 pugnat.

373 2488 620 2536 Cuniculo

373 2551 520 2614 capit.

710 1684 840 1749 Sed
869 1706 1078 1769 neque
1108 1682 1287 1747 scalis
1316 1682 1456 1769 capi
1485 1696 1734 1769 poterat
1763 1684 1911 1747 urbs
1941 1684 2066 1747 alta
2099 1697 2164 1747 et
2193 1684 2459 1761 munita,
2491 1707 2726 1771 neque
2759 1683 2838 1744 in

707 1770 1033 1835 obsidione
1084 1769 1177 1833 vis
1228 1768 1358 1831 ulla
1408 1783 1563 1845 erat,
1613 1769 1766 1855 quia
1813 1770 2202 1833 frumentum
2253 1793 2385 1833 non
2445 1768 2836 1835 necessitati

705 1856 897 1921 modo
939 1856 1106 1932 satiS,
1151 1855 1266 1919 sed
1309 1854 1527 1940 copiae
1569 1878 1847 1941 quoque,
1893 1856 2144 1919 abunde
2185 1878 2268 1919 ex
2307 1868 2456 1920 ante
2496 1870 2832 1920 convecto

702 1942 1065 2007 sufficiebat.
1175 1941 1293 2017 Ita,
1345 1963 1471 2027 exp
1561 1942 1757 2005 nandi
1807 1943 2042 2041 pariter
2097 1942 2496 2029 cogendique
2556 1944 2644 2007 ad
2702 1943 2831 2005 de-

702 2029 1011 2093 ditionem
1056 2050 1167 2115 spe
1213 2028 1455 2104 amissa,
1473 1962 1764 2092 ἰΞοῐειίιοι·
1807 2052 1874 2091 in
1916 2028 2090 2105 lociS‚
2127 2042 2386 2127 propter
2473 2029 2828 2115 ropinqui-

704 2128 900 2181 tatem
944 2116 1129 2192 notiS,
1172 2116 1250 2179 ab
1294 2136 1511 2179 aversa
1555 2128 1728 2201 parte
1776 2114 1946 2179 urbis
1991 2137 2262 2178 maxime
2308 2138 2434 2200 neg
2459 2128 2619 2192 ecta,
2705 2116 2824 2178 uia

2949 1872 2951 1931 4

2949 2072 2951 2195 Ι

701 2214 924 2302 suapte
975 2216 1201 2267 natura
1249 2200 1562 2265 tutissima
1611 2214 1765 2277 erat,
1815 2223 2000 2300 agere
2053 2201 2120 2263 in
2171 2223 2379 2264 arcem
2431 2203 2622 2267 cunic
2697 2224 2818 2266 um
2839 2218 2868 2264 3
2950 2288 2951 2293 ¹

700 2289 1013 2353 instituit:
1091 2288 1243 2374 ipse,
1305 2286 1740 2351 diversissimis
1805 2287 1958 2351 locis
2016 2286 2349 2351 subeundo
2406 2287 2488 2351 ad
2548 2290 2818 2353 moenia

701 2374 1149 2461 quadrifariam
1194 2373 1393 2437 diviso
1437 2373 1741 2450 exercitu,
1775 2373 1888 2460 qui
1931 2372 2037 2437 alii
2081 2373 2218 2437 aliis
2261 2373 2679 2439 succederent
2723 2373 2816 2439 ad

746 2484 1001 2550 ugnam‚
1040 2460 1392 2526 continenti
1431 2460 1538 2524 die
1585 2482 1658 2523 ac
1705 2474 1892 2524 nocte
1939 2459 2180 2545 proelio
2227 2460 2307 2523 ab
2353 2482 2544 2525 sensu
2594 2462 2812 2548 operis

698 2484 911 2613 Eostes
940 2549 1295 2612 avertebat:
1345 2546 1569 2623 donec,
1602 2546 1876 2632 perfosso
1907 2570 1945 2609 a
1973 2546 2189 2609 castris
2223 2558 2460 2622 monte,
2493 2561 2708 2612 erecta
2737 2548 2810 2610 in

700 2658 909 2699 arcem
944 2635 1047 2698 via
1085 2646 1219 2710 est3
1267 2632 1656 2719 intentisque
1690 2631 1972 2696 Etruscis
2020 2631 2104 2695 ad
2150 2654 2339 2695 vanas
2386 2655 2425 2696 a
2469 2648 2648 2698 certo
2691 2656 2808 2720 pe-

648 2722 651 2729 '
699 2721 901 2785 riculo
948 2721 1170 2796 minas,
1220 2720 1456 2783 clamor
1507 2740 1698 2804 supra
1741 2731 1933 2804 caput
1977 2718 2241 2807 hostilis⁸
2271 2732 2522 2805 captam
2577 2722 2804 2785 urbem

477 3159 559 3218 23

372 3240 440 3291 U.
464 3241 523 3291 C.
549 3200 657 3303 {21-

372 3307 431 3355 A,
464 3305 523 3357 C.
545 3320 655 3369 43¹·

700 2806 994 2870 ostendit.

788 2890 887 2954 Eo
932 2914 1099 2954 anno
1148 2890 1225 2955 C.
1252 2890 1479 2955 Furius
1523 2890 1777 2955 Pacilus
1820 2903 1886 2955 et
1929 2890 2025 2954 M.
2057 2889 2385 2977 Geganius
2429 2890 2801 2957 Macerinus

698 2998 989 3043 censores
1031 2975 1242 3038 villam
1285 2976 1604 3061 publicam
1657 2978 1724 3039 in
1777 3000 2001 3063 campo
2047 2976 2285 3041 Martio
2328 2978 2794 3064 probaverunt:

696 3063 787 3127 ibi
836 3085 914 3126 ue
989 3062 1219 3126 rimum
1250 3084 1474 3125 census
1503 3062 1722 3147 populi
1753 3076 1849 3128 est
1877 3076 2068 3127 actus.

846 3172 915 3213 os
962 3171 1063 3218 em
1108 3146 1395 3216 consules
1439 3148 1802 3234 insequenti
1847 3172 2016 3213 anno
2061 3150 2344 3228 refectoS,
2388 3148 2633 3215 Iulium
2677 3164 2798 3216 ter-

698 3236 878 3314 tium,
914 3236 1003 3303 Vi
1080 3234 1281 3300 inium
1326 3233 1576 3310 iterum,
1610 3236 1778 3321 apud
1818 3234 2110 3299 Macrum
2147 3235 2470 3300 Licinium
2517 3238 2790 3303 invenio.

698 3321 992 3389 Valerius
1131 3321 1246 3388 tias
1275 3332 1341 3387 et
1376 3320 1457 3399 Q.
1482 3320 1740 3387 Tubero
1773 3320 1866 3385 M.
1891 3320 2208 3387 Manlium
2241 3335 2306 3388 et
2333 3323 2416 3398 Q.
2443 3322 2835 3411 Sulpicium6

2815 2970 2843 3013 4

2816 3030 2844 3078 5

762 3549 789 3582 2
824 3534 887 3582 A.
914 3534 1204 3592 Servilium]
1258 3534 1355 3581 Pro
1384 3535 1518 3581 Aulo
1553 3532 1712 3589 Quin-
1851 3545 1878 3594 5
1913 3536 2282 3595 Probaverunt]
2340 3537 2564 3585 Probare
2604 3537 2794 3597 proprie

696 3605 802 3645 tum
846 3598 1181 3659 reponendum
1217 3596 1441 3659 Sigonius
1484 3604 1652 3645 monet
1685 3612 1713 3645 c
1778 3596 2007 3644 dicuntu'r
2039 3614 2278 3658 censores,
2308 3613 2460 3659 quum
2493 3614 2640 3660 opus,
2665 3600 2794 3661 quod

698 3662 830 3709 Fast.
854 3660 1017 3722 Capit.
1042 3662 1173 3721 quod
1189 3660 1400 3709 Crevier.
1425 3667 1476 3709 et
1500 3662 1710 3722 Rupert.
1775 3662 2084 3721 mancipibus
2096 3663 2472 3711 construendum
2490 3663 2794 3721 locaverunt,

696 3725 747 3772 in
769 3730 961 3773 textum
984 3730 1287 3786 receperunt.
1776 3724 2062 3772 examinant
2099 3732 2248 3787 atque
2283 3726 2550 3787 inquirunt,
2579 3741 2648 3775 an
2683 3742 2792 3774 con-

763 3802 791 3849 3
826 3789 1146 3847 Caniculam]
1183 3788 1257 3837 Ut
1280 3794 1450 3850 postea
1466 3790 1581 3835 urbs
1599 3787 1713 3835 Veii
1776 3788 1962 3835 fectum
2001 3788 2064 3836 nit
2099 3791 2370 3838 secundum
2409 3790 2618 3837 formam
2659 3806 2790 3851 prae-

696 3859 843 3913 capta
872 3852 1021 3899 fixisse
1053 3851 1249 3910 dicitur,
1275 3853 1336 3900 cf.
1362 3852 1568 3901 Niebhr.
1591 3851 1640 3899 ii.
1664 3868 1711 3899 n.
1777 3854 2024 3914 scriptam.
2071 3853 2132 3900 cf.
2162 3853 2272 3903 infr.
2303 3855 2402 3902 xlv.
2440 3866 2528 3915 153
2561 3854 2790 3914 quemad—

701 3914 836 3977 1063.
1775 3916 1978 3963 modum
2021 3918 2296 3978 approbare
2334 3918 2566 3966 dicuntur
2605 3918 2788 3966 redem-

758 3980 789 4040 24
828 3981 1001 4028 Villam
1017 3981 1291 4042 publicam]
1320 3980 1478 4027 Varro
1491 3981 1555 4028 de
1570 3979 1710 4027 R.R.
1775 3983 1957 4039 ptores,
1971 3995 2122 4041 quum
2140 3995 2282 4042 opus,
2295 3982 2426 4041 quod
2441 3981 2786 4028 exstruendum

694 4044 762 4093 iii.
788 4058 831 4093 2.
868 4046 994 4092 Villa
1021 4045 1222 4106 publica
1248 4045 1315 4091 ad
1338 4060 1440 4093 rem
1464 4044 1714 4105 publicam
1777 4043 2133 4101 conduxerunt,
2185 4046 2455 4093 secundum
2470 4064 2484 4081 s
2513 4044 2651 4105 leges
2705 4045 2788 4093 sibi

692 4109 1129 4157 adnnenmmndam
1146 4116 1216 4156 est
1230 4108 1481 4165 utilismbi
1496 4107 1710 4155 cohortes
1776 4106 1932 4155 dictas
1973 4107 2254 4155 absolutum
2297 4123 2401 4156 esse
2439 4108 2785 4159 demonstrant.

692 4174 760 4219 ad
788 4173 1021 4222 delectum
1058 4173 1245 4221 consuli
1283 4172 1522 4218 adductae
1558 4172 1709 4218 consi-
1777 4168 1952 4219 Diux.

690 4238 830 4293 dans,
854 4238 939 4284 ubi
968 4252 1109 4284 arma
1135 4236 1405 4291 ostendant,
1430 4234 1484 4280 id
1509 4240 1596 4291 est,
1621 4236 1708 4282 ubi
1835 4232 1868 4282 6
1892 4238 1949 4293 Q.
1967 4236 2178 4293 Tubero]
2213 4234 2368 4283 Hunc
2383 4234 2674 4297 scriptoram
2689 4239 2784 4285 lan-

692 4313 909 4348 eonsores
930 4315 1078 4347 censu
1098 4300 1357 4346 admittant
1374 4298 1628 4359 populum.
1772 4297 1858 4346 dat
1882 4298 2167 4360 Dionysius,
2192 4314 2354 4349 versus
2375 4298 2522 4349 finem
2557 4299 2670 4349 libri
2697 4302 2782 4363 pri·
