3000 4784
695 232 822 295 368
1467 225 1693 295 ΤΙΤΙ
1748 226 2025 295 LIVII

643 408 658 423 .
697 377 967 451 utraque
1007 363 1214 429 acrior
1247 362 1579 451 aliquanto
1612 379 1831 431 coorta
1866 378 2051 442 esset,
2084 365 2154 429 in
2192 364 2425 453 propin
2468 384 2639 428 uum
2674 383 2803 427 eer-

643 470 658 487 ·
697 464 912 517 tamen
960 450 1178 515 aderat
1215 463 1282 515 et
1321 450 1625 517 Manlius.
1720 452 2053 517 Advocato
2092 451 2361 516 domum
2402 472 2447 537 p
2468 450 2615 525 ebe,
2664 470 2807 513 cum

695 537 1090 624 principibus
1131 538 1567 603 novandarum
1610 560 1823 603 rerum
1854 538 2137 603 interdiu
2176 550 2507 623 noctuque
2542 534 2809 600 consilia

695 624 910 709 agitat,
941 622 1192 711 plenior
1230 622 1556 710 aliquanto
1585 626 1941 689 animorum
1970 622 2357 711 irarumque,
2391 644 2593 710 quam
2620 634 2811 685 antea

695 709 918 775 fiierat.
1009 708 1180 775 Iram
1229 710 1607 775 accenderat
1664 710 2016 797 ignominia
2065 732 2288 775 recens
2338 710 2411 773 in
2458 710 2687 773 animo
2733 704 2810 770 ad

697 795 1148 861 contumeliam
1207 796 1579 896 inexperto:
1642 798 1900 884 spiritus
1950 796 2162 873 dabat,
2262 795 2395 860 uod
2442 817 2569 859 nec
2620 814 2812 859 ausus

697 896 864 947 esset
892 883 1066 947 idem
1105 882 1176 947 in
1213 905 1282 947 se
1313 882 1603 960 dictator,
1636 882 1812 968 quod
1850 883 1919 947 in
1964 882 2071 969 Sp.
2100 882 2255 947 Mae
2282 882 2343 946 'o
2376 881 2813 946 Cincinnatus

703 967 1048 1044 Quinctius
1075 968 1326 1035 fecisset
1333 993 1352 1046 3
1401 983 1468 1035 et
1499 970 1895 1033 vinculorum
1916 991 2176 1034 suorum
2204 968 2519 1033 invidiam
2548 990 2689 1032 non
2718 966 2813 1029 di-

699 1068 900 1120 ctator
929 1056 1119 1121 modo
1159 1054 1513 1121 abdicando
1556 1056 1932 1121 dictaturam
1960 1055 2245 1142 flag-isset,
2274 1054 2391 1119 sed
2426 1078 2513 1119 ne
2554 1067 2815 1119 senatus

699 1142 966 1228 quidem
999 1142 1310 1208 sustinere
1355 1142 1679 1229 potuisset.
1774 1141 1899 1205 His
1936 1140 2127 1207 simul
2166 1140 2425 1205 inflatus
2464 1140 2815 1205 exacerba-

371 1238 605 1351 222222
703 1241 942 1381 Qut
962 1230 1234 1381 isarna·
1259 1252 1326 1329 ³⁶
1357 1226 2543 1379 nummum&
2564 1226 2815 1378 ,1er

374 1366 570 1416 Manlii.
704 1410 725 1441 ‘
740 1340 877 1468 Γιῗὲε
917 1403 1181 1489 quidem
1226 1337 1515 1489 igme
1554 1400 1801 1465 voluit?
1844 1336 2177 1464 numeria}=
2216 1400 2464 1476 saltem,
2496 1412 2665 1485 quot
2694 1396 2855 1485 ipsi6

705 1496 725 1527 ‘
739 1491 894 1567 sitis,
927 1502 1084 1576 quot
1113 1487 1498 1553 adversarios
1520 1486 1821 1551 habeatis·
1897 1485 1967 1551 Si
1996 1486 2231 1574 singuli
2252 1484 2541 1572 singulos
2560 1506 2816 1573 ῳ·

705 1583 726 1614 6
741 1576 869 1640 suri
901 1576 1138 1652 essetis,
1163 1588 1378 1639 tamen
1405 1573 1612 1639 acrius
1640 1572 1967 1637 crederem
1988 1595 2099 1637 vos
2128 1594 2243 1660 pro
2272 1572 2595 1649 libertate,
2618 1592 2815 1658 quam

704 1661 884 1727 ‘illos
935 1684 1050 1747 pro
1107 1660 1563 1737 dominatione,
1612 1670 1972 1724 certaturos,
2070 1660 2251 1734 Quot
2306 1657 2505 1729 enim,
2544 1658 2817 1723 clientes
2832 1676 2857 1723 ῖ

706 1755 726 1784 6
748 1748 916 1811 circa
959 1747 1240 1835 singulos
1281 1746 1488 1811 fuistis
1584 1758 1855 1822 atreum,
1904 1757 2001 1810 tot
2042 1768 2215 1809 nunc
2259 1744 2565 1810 adversus
2610 1764 2815 1809 unum

705 1842 726 1871 ‘
747 1834 996 1897 hostem
1025 1833 1216 1897 eritis.
1301 1832 1507 1897 Osten
1561 1833 1643 1897 ‘te
1674 1832 1865 1897 modo
1893 1831 2169 1908 bellum3
2215 1854 2441 1918 pacem
2470 1830 2812 1897 habebitis.

705 1927 726 1957 ‘
749 1917 1032 1983 Videant
1059 1941 1170 1982 vos
1203 1931 1453 2005 paratos
1481 1919 1567 1983 ad
1594 1920 1761 1995 vim3
1808 1918 1909 1982 ius
1948 1918 2067 2005 ipsi
2095 1919 2439 1983 remittent.
2537 1918 2815 1983 Auden·

705 2013 725 2043 ‘
743 2004 900 2070 dum
945 2018 1043 2069 est
1093 2004 1338 2091 aliquid
1383 2005 1711 2082 universiS,
1737 2018 1871 2069 ‘aut
1920 2005 2136 2069 omnia
2176 2002 2441 2091 singulis
2484 2004 2811 2105 patienda.

706 2101 724 2131 ‘
747 2092 1102 2179 Quousque
1121 2114 1224 2155 me
1241 2091 1881 2180 circumspectabitis?
1913 2090 2055 2177 Ego
2072 2090 2519 2179 quidem‘nulh
2528 2102 2814 2156 vestrum

707 2187 727 2217 ‘
743 2179 970 2245 deero:
1020 2201 1103 2244 ne
1131 2178 1388 2243 fortuna
1413 2200 1559 2243 mea
1596 2176 1780 2254 desit,
1812 2176 2044 2242 videte.
2120 2176 2283 2265 ‚Ipse
2312 2176 2554 2243 vindex
2582 2192 2813 2252 vester,

707 2273 728 2304 ‘
749 2266 859 2331 ubi
903 2266 1108 2331 visum
1153 2264 1425 2330 inimicis
1467 2277 1583 2341 est,
1625 2264 1840 2329 nullus
1878 2277 2141 2351 repente
2176 2263 2304 2328 fui:
2352 2276 2421 2329 et
2455 2264 2715 2330 vidistis
2746 2264 2815 2328 in

708 2361 726 2389 6
748 2352 1000 2417 vincula
1039 2351 1191 2417 duci
1237 2351 1515 2416 universi
1562 2372 1731 2428 eum,
1776 2350 1891 2437 qui
1934 2374 1975 2415 a
2016 2349 2281 2437 singulis
2322 2350 2504 2415 vobis
2554 2350 2817 2417 vincula

707 2448 727 2476 6
743 2438 1131 2526 depuleram.
1227 2437 1408 2514 Quid
1550 2460 1705 2515 rem,
1736 2438 1789 2501 si
1818 2437 1963 2524 plus
1990 2437 2059 2500 in
2090 2460 2193 2502 me
2212 2436 2493 2501 audeant
2518 2437 2815 2503 inimici?

707 2534 728 2563 ‘
750 2549 834 2590 an
891 2526 1138 2591 exitum
1201 2524 1408 2590 Cassii
1622 2523 1691 2589 lii
1742 2546 1819 2588 ue
1879 2537 2243 2611 exspectem
2261 2524 2292 2587 Ρ
2351 2522 2535 2589 Bene
2584 2525 2811 2600 finitis,

707 2621 727 2652 6
751 2612 926 2699 quod
953 2612 1442 2678 abominamini:
1491 2610 1583 2675 dii
1612 2546 2042 2698 prociaibebunt
2074 2610 2274 2675 haec:
2322 2608 2435 2675 sed
2473 2632 2813 2699 nunquam

707 2708 726 2737 6
749 2711 1006 2785 propter
1055 2722 1158 2763 me
1203 2698 1286 2763 de
1329 2697 1509 2762 coelo
1554 2697 1965 2763 descendent.
2055 2696 2260 2763 Vobis
2300 2696 2461 2761 dent
2503 2712 2811 2773 mentem,

707 2794 726 2823 ‘
749 2798 1018 2872 oportet,
1049 2798 1123 2849 ut
1149 2784 1567 2871 prohibeatis:
1616 2784 1779 2849 sicut
1818 2783 1978 2847 mihi
2008 2782 2328 2848 dederunt
2358 2798 2603 2849 armato
2636 2798 2813 2873 toga-

707 2880 726 2908 6
745 2884 958 2969 toque,
991 2882 1066 2935 ut
1101 2892 1212 2934 vos
1251 2892 1290 2932 a
1333 2870 1613 2934 barbaris
1642 2870 1947 2946 hostibus,
1992 2894 2031 2934 a
2068 2871 2355 2957 superbis
2394 2870 2811 2937 defenderem

707 2965 726 2994 6
743 2956 1002 3020 civibus.
1095 2956 1262 3019 Tam
1289 2978 1519 3042 parvus
1560 2958 1810 3021 animus
1850 2956 2011 3021 tanti
2046 2955 2269 3056 populi
2296 2970 2413 3034 est,
2444 2970 2521 3021 ut
2560 2978 2813 3047 semper

707 3050 727 3081 ‘
747 3042 926 3107 vobis
976 3040 1288 3106 auxilium
1333 3041 1634 3105 adversus
1690 3042 1981 3107 inimicos
2026 3056 2175 3107 satis
2220 3043 2352 3107 sit?
2409 3066 2535 3108 nec
2584 3045 2807 3121 ullum,
2824 3058 2851 3105 8

707 3139 725 3167 ‘
743 3128 866 3194 nisi
909 3141 1226 3215 quatenus
1271 3126 1360 3191 im
1445 3128 1569 3192 rari
1620 3130 1799 3194 vobis
1846 3127 2086 3206 sinatis
2132 3143 2457 3195 certamen
2506 3131 2810 3198 adversus

707 3226 725 3254 ‘
749 3216 969 3282 Patres
999 3214 1264 3281 noritis?
1311 3149 1455 3279 hg:
1482 3214 1607 3279 hoc
1635 3229 1863 3279 natura
1900 3215 2161 3281 insitum
2191 3217 2369 3281 vobis
2397 3230 2511 3293 est,
2544 3219 2665 3283 sed
2694 3240 2809 3284 usu

706 3313 725 3342 ‘
743 3303 1172 3391 possidemini.
1270 3301 1409 3367 Cur
1437 3302 1613 3366 enim
1640 3301 1939 3366 adversus
1967 3316 2265 3367 externos
2284 3314 2531 3367 tantum
2564 3306 2809 3369 animo-

706 3398 726 3429 6
747 3412 890 3454 rum
918 3390 1156 3478 geritis,
1182 3402 1255 3453 ut
1282 3389 1593 3476 imperare
1624 3387 1748 3451 illis
1774 3410 2053 3475 aequum
2082 3390 2427 3455 censeatis?
2471 3390 2633 3476 quia
2660 3414 2809 3457 con·

705 3486 725 3515 ‘
742 3478 968 3542 suestis
1007 3500 1154 3541 cum
1199 3476 1274 3540 iis
1313 3498 1429 3564 pro
1468 3474 1737 3561 imperio
1775 3488 2037 3553 certare,
2068 3474 2366 3541 adversus
2404 3476 2523 3541 hos
2564 3491 2805 3543 tentare

365 372 428 487 &C

423 372 522 487 βξ)

546 386 576 499 mm

767 3716 801 3765 6
832 3720 1104 3768 Numerata
1121 3722 1318 3780 saltem]
1353 3722 1414 3769 cf.
1431 3722 1566 3769 Xen.
1584 3720 1723 3769 Hell.
1789 3720 1914 3769 Tab.
1946 3719 2149 3769 clientes
2180 3720 2230 3769 in
2263 3720 2417 3769 tribus
2448 3736 2565 3771 cum
2606 3722 2805 3787 plebeiis

705 3780 772 3829 iii.
810 3794 853 3841 3.
893 3781 976 3829 ubi
1011 3782 1240 3831 Cinadon
1277 3784 1723 3833 lacedaemonium
1788 3784 1997 3833 ordinati
2018 3790 2197 3843 essent,
2218 3792 2271 3833 et
2290 3787 2421 3847 quod
2450 3788 2589 3848 plebe
2614 3790 2805 3837 urbana

705 3844 950 3906 quendam
989 3845 1274 3906 alloquitur,
1312 3852 1364 3895 et
1401 3848 1538 3909 quoti
1578 3847 1723 3909 Spar·-
1788 3847 1863 3896 sui
1884 3848 2134 3911 temporis,
2152 3864 2278 3909 quae
2293 3849 2495 3898 libertos
2514 3857 2567 3899 et
2590 3850 2641 3900 id
2658 3864 2804 3914 genus

703 3908 849 3957 tiates
868 3908 921 3955 in
943 3908 1048 3956 foro
1063 3907 1176 3966 sint,
1195 3924 1452 3959 numerare
1471 3912 1718 3960 admonet.
1786 3911 1963 3961 civium
1998 3913 2297 3971 continebat,
2324 3913 2621 3975 plerumque
2652 3916 2802 3963 inme

781 3986 808 4034 7
844 3974 970 4031 Quot
1009 3974 1165 4031 enim]
1224 3974 1515 4035 supplenda
1558 3975 1721 4023 forsan
1784 3978 1999 4026 {noer-ba
2011 3979 2213 4038 patroni
2224 3978 2421 4026 addicta
2432 3984 2574 4027 esset.
2601 3980 2654 4028 N
2656 3978 2801 4027 iebhr.

705 4038 828 4087 haec
853 4038 1025 4086 verbs:
1061 4039 1094 4063 ‘⁶
1111 4038 1196 4085 sed
1218 4038 1362 4101 longe
1383 4038 1634 4087 elisvobis
1648 4037 1720 4089 di·
1785 4039 1816 4090 i.
1841 4056 1889 4102 p.
1916 4052 2025 4103 575.

705 4100 920 4151 micandi
943 4100 1158 4150 conditio
1181 4101 1428 4164 proposita
1443 4108 1531 4151 est.
1580 4104 1721 4159 Quot
1850 4106 1880 4153 8
1911 4104 2199 4163 Anneium]
2238 4118 2305 4152 sc.
2330 4104 2684 4166 himnorum,
2704 4106 2800 4168 qui,

705 4167 836 4215 enim
861 4202 873 4215 .
897 4202 910 4215 .
935 4200 948 4215 .
972 4168 1022 4216 .’'
1079 4166 1194 4214 Hoc
1217 4167 1327 4215 loco
1351 4165 1521 4215 Livius
1536 4166 1723 4215 incuria
1786 4175 2047 4231 quatenus,
2068 4182 2168 4216 non
2195 4173 2365 4216 autem
2392 4184 2487 4231 quo
2518 4172 2689 4219 mium
2716 4170 2798 4217 im-

705 4232 916 4291 qundam
945 4231 1008 4279 de
1042 4232 1187 4293 plebe
1219 4236 1454 4293 tanquam
1487 4230 1539 4279 in
1574 4231 1721 4280 elien·
1788 4238 2038 4294 peraretur
2073 4230 2295 4293 plebeiis,
2332 4232 2457 4281 fines
2492 4234 2684 4283 auxilio
2718 4248 2799 4283 suo

705 4295 808 4341 tela
855 4299 1053 4355 patrum
1095 4295 1340 4358 descripta
1383 4294 1616 4357 loquitur,
1660 4296 1723 4343 ob
1786 4295 2130 4345 terminabant.

705 4356 833 4404 hanc
865 4358 966 4407 fere
999 4374 1214 4420 oaunsm,
1240 4360 1372 4422 quod
1405 4359 1593 4421 legibus
1622 4372 1721 4409 xxx.
