3000 4784
211 720 230 754 ι
739 667 1885 773 PRAEFATIO.

265 1117 999 1268 FACTURUSNE
1043 1142 1270 1208 operae
1317 1121 1595 1208 pretium
1639 1122 1781 1201 sim,
1827 1122 1880 1188 si
1925 1147 1964 1188 a
2012 1123 2358 1211 primordio

412 1207 586 1271 urbis
625 1229 725 1271 res
763 1207 982 1308 populi
1015 1206 1294 1271 Romani
1331 1209 1821 1295 perscripserim,
1853 1233 1974 1275 nec
2011 1211 2159 1276 satis
2188 1211 2353 1286 sci03

261 1315 404 1370 nec,
451 1294 506 1357 si
549 1294 762 1372 sciam,
807 1293 1018 1358 dlcere
1063 1295 1290 1358 ausim:
1339 1295 1497 1382 quip
1623 1296 1756 1382 qui,
1803 1319 2003 1383 quum
2052 1311 2353 1375 veterem,

261 1392 402 1444 tum
441 1380 760 1468 vulgatam
797 1403 930 1444 esse
975 1403 1129 1458 rem,
1170 1380 1441 1458 videam,
1526 1404 1635 1445 um
1683 1383 1833 1446 novi
1880 1406 2129 1471 semper
2163 1384 2358 1470 scrip-

262 1479 452 1545 tores,
483 1479 592 1531 aut
621 1466 690 1530 in
718 1467 904 1531 rebus
933 1468 1162 1532 certius
1191 1465 1432 1554 aliquid
1461 1467 1759 1532 allaturos
1787 1491 1874 1546 se,
1901 1481 2012 1534 aut
2040 1469 2357 1534 scribendi
2404 1481 2411 1492 ·

259 1565 400 1616 arte
441 1553 666 1617 rudem
717 1565 1096 1620 vetustatem
1147 1567 1565 1640 superaturos,
1626 1555 1913 1620 credunt.
2006 1555 2358 1643 Utcunque

259 1639 406 1716 erit,
459 1639 702 1706 iuvabit
751 1653 985 1718 tamen,
1033 1662 1246 1704 rerum
1294 1655 1613 1727 gestarum
1660 1643 1999 1707 memoriae
2052 1643 2355 1731 principis

260 1737 573 1790 terrarum
617 1727 837 1814 populi
872 1749 988 1815 pro
1022 1725 1187 1790 virili
1226 1739 1404 1814 parte
1451 1739 1518 1792 et
1556 1750 1658 1792 me
1700 1729 1908 1816 ipsum
1937 1729 2351 1806 consuluisse3

211 1839 242 1874 α
261 1825 350 1888 et,
386 1813 440 1876 si
483 1813 552 1876 in
593 1825 769 1878 tanta
805 1814 1179 1914 scriptorum
1225 1813 1410 1878 turba.
1447 1837 1593 1879 mea.
1630 1813 1797 1880 fama
1832 1816 1902 1880 in
1942 1817 2208 1881 obscuro
2250 1815 2352 1894 sit,

259 1898 594 1964 nobilitate
624 1922 698 1964 ac
725 1899 1166 1988 magmtudine
1197 1922 1436 1977 eorum,
1467 1923 1613 1965 meo
1642 1902 1755 1988 qui
1782 1903 2028 1966 nomini
2058 1901 2354 1981 officient,

260 2008 367 2049 me
397 1986 699 2052 consoler.
791 1986 924 2051 Res
953 1999 1048 2052 est
1074 1999 1401 2073 praeterea
1429 1999 1494 2051 et
1525 1988 1817 2052 immensi
1847 1988 2072 2076 operiS,
2097 2003 2171 2053 ut
2192 2013 2356 2078 quae

259 2095 453 2172 supra.
510 2073 1144 2161 septingentesimum
1203 2095 1444 2138 annum
1502 2087 1858 2162 repetatur3
1921 2089 1989 2140 et
2045 2099 2229 2163 quae,
2276 2077 2355 2142 ab

259 2159 512 2247 exiguis
558 2158 840 2247 profecta
888 2159 1106 2238 initiis,
1155 2183 1232 2224 eo
1279 2159 1568 2238 creverit,
1622 2173 1695 2225 ut
1740 2160 1867 2226 iam
1913 2162 2355 2263 magnitudine

259 2245 506 2311 laboret
549 2269 696 2310 sua:
759 2259 822 2311 et
873 2245 1222 2334 legentium
1280 2247 1620 2336 plerisque,
1671 2247 1845 2312 haud
1903 2247 2146 2327 dub1t0‚
2195 2250 2355 2336 quin

259 2333 504 2420 primae
557 2333 832 2420 origines
921 2333 1126 2397 roxim
1213 2355 1290 2397 ue
1340 2333 1689 2422 originibus
1735 2335 1946 2399 minus
1996 2337 2359 2423 praebitura.

259 2418 605 2506 voluptatis
649 2421 797 2497 sint,
881 2419 1180 2484 estinanti
1226 2442 1300 2484 us
1358 2419 1441 2484 ad
1491 2420 1649 2486 haec
1708 2444 1890 2498 nova,
1941 2422 2171 2521 quibus
2228 2423 2356 2487 iam

261 2505 514 2593 pridem
554 2505 972 2594 praevalentis
1084 2505 1222 2593 puli
1261 2506 1424 2571 vires
1454 2529 1521 2570 se
1553 2506 1724 2596 ipsae
1756 2507 2120 2572 conficlunt.
2214 2507 2356 2594 Ego

261 2605 490 2657 contra
514 2591 634 2658 hoc
664 2615 919 2680 quoque
950 2529 1181 2657 laffiris
1219 2593 1573 2678 praemium
1610 2605 1845 2679 petam,
1878 2604 1951 2658 ut
1985 2616 2087 2657 me
2128 2617 2167 2658 a
2205 2616 2358 2657 con-

262 2691 488 2766 spectu
543 2679 871 2758 malorum,
917 2701 1080 2766 quae
1139 2689 1354 2742 nostra
1405 2690 1500 2743 tot
1551 2700 1667 2767 per
1712 2701 1911 2743 annos
1956 2678 2116 2744 vidit
2165 2691 2355 2757 actae,

265 2765 588 2854 tantisper,
621 2779 790 2832 certe
822 2765 976 2830 dum
1006 2765 1212 2854 prisca
1240 2764 1350 2830 illa
1378 2777 1511 2830 tota
1540 2777 1754 2830 mente
1788 2777 2023 2854 repete,
2055 2779 2355 2845 avertam,

261 2852 469 2917 omnis
487 2875 712 2940 expers
730 2875 938 2931 curae,
957 2875 1120 2939 quae
1140 2851 1470 2917 scribentis
1488 2852 1792 2930 animum,
1813 2853 1931 2917 etsi
1952 2875 2083 2922 non
2100 2853 2355 2918 flectere

261 2961 304 3004 a
342 2962 513 3017 vere,
545 2938 884 3005 sollicitum
929 2952 1143 3007 tamen
1187 2939 1432 3004 efficere
1477 2939 1689 3028 possit.
1787 2939 1973 3016 Quae
2015 2952 2163 3005 ante
2202 2964 2355 3006 con-

215 3021 463 3094 ἑᾶὶωῐη
509 3026 987 3092 condendamve
1031 3027 1274 3102 urbem,
1311 3025 1577 3114 poeticis
1612 3026 1810 3114 magis
1850 3025 2082 3092 decora
2109 3026 2355 3106 fabulis,

261 3135 456 3200 quam
485 3113 866 3202 incorruptis
893 3135 1104 3177 rerum
1148 3125 1467 3199 gestarum
1507 3114 1955 3192 monumentis,
1998 3113 2354 3194 traduntur,

1339 3316 1475 3350 mero
1490 3307 1731 3350 memoret
1748 3300 1917 3350 Livius
1933 3301 2001 3358 Q..
2020 3300 2229 3350 Fabium
2248 3302 2359 3352 Pic-

1339 3371 1493 3414 torem
1533 3365 1642 3415 inst.
1680 3366 1713 3414 i.
1752 3383 1831 3426 44.
1898 3366 1956 3415 L.
1990 3365 2217 3415 Cincium
2253 3366 2356 3414 Ali-

1339 3435 1492 3504 ment.
1520 3427 1600 3478 vii.
1634 3447 1681 3490 4.
1747 3429 1806 3478 L.
1836 3430 2162 3506 Calpurnium
2188 3430 2356 3480 Pison.

1341 3494 1601 3607 &2135ss
1626 3494 1851 3607 321³&
1868 3495 2359 3607 ἓῗ“ἑῗ““·ι,ῗὲι;ῑὲιῗᾱ

1342 3623 1588 3681 Macrum,
1604 3620 1668 3670 ir.
1690 3633 1732 3684 7.
1800 3622 1868 3679 Q..
1892 3622 2089 3670 Aelium
2112 3623 2359 3674 Tuberon-

1339 3685 1402 3734 iv.
1427 3700 1505 3748 23·
1570 3685 1648 3735 Cf.
1672 3685 1863 3735 Fabrie.
1890 3686 2021 3735 Bibl.
2046 3685 2155 3735 Lat.
2178 3686 2241 3736 iv,
2268 3702 2313 3736 α.

1406 3763 1434 3824 3
1455 3751 1667 3800 Paelicis
1682 3752 1838 3812 mgis
1852 3751 2247 3812 dsoerafabulis]
2278 3751 2360 3801 De

1341 3815 1517 3876 quibus
1544 3813 1734 3864 Ennius
1765 3829 1847 3876 ap.
1870 3815 1976 3864 Cic.
2005 3815 2145 3864 Brut.
2182 3816 2257 3874 18,
2286 3830 2359 3880 ¹9·

1340 3879 1374 3906 ‘⁶
1391 3877 1496 3927 Scri
1679 3878 1766 3926 alii
1808 3893 1911 3928 rem
1956 3879 2201 3936 Versibu',
2238 3894 2361 3942 quos

1341 3942 1460 3992 olim
1519 3942 1635 3992 suni
1650 3941 1901 4004 vatesque
1918 3945 2210 3992 canebanw‘
2255 3943 2360 4000 Qui

331 3316 352 3350 1
379 3299 532 3350 Hane
547 3300 802 3350 Livianam
819 3300 1276 3365 praefationem&

261 3365 502 3417 imitanda
540 3371 645 3414 arte
688 3366 872 3416 conseri
1013 3401 1030 3424 ,
1071 3367 1277 3416 celeber.

263 3428 377 3478 Tib.
410 3429 748 3480 Hemsterhus.
782 3430 1032 3494 discipulis
1063 3429 1162 3478 suis
1199 3445 1276 3478 eo-

260 3493 414 3556 gimo
463 3494 794 3556 meditateque
843 3495 1099 3563 legendam
1149 3509 1277 3542 eom-

261 3559 542 3608 mendsbet.
585 3558 741 3607 Moris
755 3557 886 3608 enim
900 3557 1150 3607 eratillius
1165 3573 1277 3606 con-

259 3622 510 3671 suefacere
543 3621 808 3685 discipulos
840 3637 954 3672 suos
985 3623 1118 3671 locos
1149 3627 1276 3670 vete-

261 3701 372 3734 rum
392 3685 694 3749 Scriptorum
725 3687 938 3736 illustres
958 3691 1204 3745 excutere,
1225 3691 1276 3735 et

259 3751 314 3799 in
347 3751 556 3813 legendo
598 3750 766 3799 iudicii
799 3751 1106 3800 severitatem
1139 3750 1276 3798 adhi-

261 3816 405 3864 bere:
440 3821 590 3877 atque
604 3815 691 3874 ita,
707 3813 797 3864 etsi
815 3816 1061 3878 praeclare
1077 3814 1277 3873 sciebat,

263 3879 418 3928 Iearis
441 3894 541 3927 non
573 3894 678 3927 mse
699 3881 938 3941 aptandas
957 3880 1078 3938 alas,
1099 3885 1155 3926 ut
1177 3894 1277 3927 verb

261 3943 338 3992 bis
360 3941 650 3992 Ruhnkenii
681 3948 807 4003 utar,
827 3949 994 3994 tamen
1021 3942 1278 4006 sagacioris

261 4007 442 4056 indolis
476 4008 810 4056 adolescentes
846 4011 1036 4056 mature
1072 4007 1278 4058 critiam

262 4071 418 4122 veluti
447 4078 594 4134 gustu
622 4071 834 4134 quodam
865 4071 1131 4122 imbuebat.
1198 4070 1276 4119 Ex

261 4135 369 4185 eius
409 4135 668 4199 disciplina
729 4137 893 4198 plures
943 4135 1280 4196 acutiomsque

263 4200 490 4259 Critioos,
514 4215 663 4262 quarn
695 4216 724 4249 e
757 4200 1042 4261 cuiusquam
1075 4206 1190 4248 ante
1221 4198 1278 4248 il·

265 4265 388 4323 lum,
409 4263 644 4327 prodiisse
665 4264 829 4314 scribit
845 4263 1112 4316 Ruhnken.
1131 4278 1277 4326 quem

265 4327 327 4378 cf.
351 4329 535 4392 opusc.
559 4344 607 4391 p.
633 4341 741 4392 274.

241 4419 270 4430 -·
331 4408 358 4446 ἰ
391 4395 692 4458 δαὶμων-υ·
713 4393 885 4455 mm]
921 4393 984 4446 In
999 4392 1172 4442 horum
1189 4407 1276 4440 nu·

1341 4021 1521 4066 versus,
1553 4006 1728 4056 senarii
1759 4006 2109 4069 hypereslecti,
2146 4007 2359 4056 Saturnii

1343 4072 1657 4129 vocabantur,
1683 4071 1859 4133 quibus
1886 4077 1937 4120 et
1967 4087 1999 4119 ι
2033 4071 2225 4120 Naevio
2257 4073 2358 4120 bel-

1343 4135 1446 4182 lum
1470 4135 1715 4184 Punicum
1741 4135 1975 4198 seriptum
1998 4141 2089 4194 est,
2110 4141 2161 4182 et
2181 4150 2215 4182 a
2232 4137 2359 4183 mul-

1341 4199 1404 4248 tis
1435 4199 1547 4248 aliis
1578 4201 1721 4261 plura
1752 4215 1863 4248 eom
1898 4200 2023 4249 osita
2050 4203 2178 4247 sunt.
2244 4199 2359 4248 Fes-

1339 4268 1420 4312 tus
1441 4279 1485 4312 ν.
1510 4264 1761 4314 Saturnus.
1886 4301 1897 4312 .
1924 4263 2161 4312 Asconius
2181 4263 2233 4311 in
2251 4263 2358 4314 cie.

1342 4328 1483 4378 Verr.
1522 4327 1571 4377 ii.
1623 4342 1694 4380 ιο.
1770 4327 1935 4376 Bentl.
1978 4326 2173 4376 Phalsr.
2218 4327 2247 4390 5
2291 4329 2358 4382 xi.

1345 4391 1549 4454 Ηογιιὶί,
1574 4392 1776 4456 Exclu-s.
1799 4391 1863 4442 ad
1888 4392 2012 4444 Aen.
2038 4389 2115 4439 vii.
