3000 4784
654 207 784 269 384
835 260 858 270 -
1425 199 1668 266 TITI'
1714 198 1984 271 LIVII

327 342 396 393 U·
419 343 480 394 0·
507 344 616 407 ³78·
653 341 774 406 bus
819 340 1030 417 minis,
1065 338 1137 403 ni
1183 338 1492 403 nefandos
1538 338 1721 426 ignes
1766 336 1988 425 procul
2030 336 2314 403 delubris
2360 338 2835 403 movissent.

323 408 388 457 A.
421 408 481 458 C.
506 422 534 468 3

324 470 600 521 Tusculum

323 551 356 583 a
379 536 570 585 Latinis

325 605 544 663 mptum.

541 420 616 470 ⁷⁴·
655 426 956 492 Incensos
999 448 1078 491 ea
1117 425 1291 491 rabie
1335 425 1614 511 impetus
1642 424 1998 489 Tusculum
2038 422 2205 502 tulit,
2236 427 2321 490 ob
2351 424 2535 501 iram,
2570 424 2835 511 quod,

654 514 904 578 deserto
951 512 1277 577 communi
1327 511 1601 577 concilio
1646 511 2043 588 Latinorum,
2090 534 2223 575 non
2272 512 2347 575 in
2396 512 2841 576 societatem

654 600 846 665 modo
907 600 1286 675 Romanam,
1341 598 1456 662 sed
1514 598 1709 662 etiam
1766 598 1835 661 in
1893 597 2238 676 civitatem,
2288 620 2357 663 se
2417 597 2835 663 dedissent.

655 686 1032 751 Patentibus
1075 686 1274 772 portis
1317 706 1521 771 quum
1562 684 1905 771 improviso
1949 684 2341 762 incidissent,
2380 684 2605 771 primo
2662 683 2839 749 cla-

654 795 830 837 more
871 772 1181 861 oppidum
1224 784 1476 858 praeter
1514 793 1724 835 arcem
1772 783 2029 857 captum
2070 782 2183 835 est.
2275 770 2355 836 In
2394 792 2625 835 arcem
2684 795 2839 858 op-

703 859 876 923 idani
942 858 1232 959 refugere
1291 880 1441 922 cum
1502 857 1881 943 coniugibus
1938 881 2014 921 ae
2078 856 2311 935 liberis,
2372 858 2835 945 nuntiosque

655 882 954 1022 Romam,
1055 968 1122 1009 ui
1183 944 1519 1010 certiorem
1579 944 1661 1009 de
1718 966 1836 1008 suo
1894 966 2045 1008 casu
2110 956 2401 1009 senatum
2458 943 2833 1021 facerent,

656 1032 902 1096 misere.
998 969 1197 1096 fiand
1233 1032 1508 1118 segnius»,
1542 1052 1735 1117 quam
1764 1030 1893 1095 fide
1928 1029 2154 1118 populi
2184 1030 2465 1095 Romani
2494 1030 2831 1117 dignum

653 1118 798 1196 fuit,
847 1119 1168 1183 exercitus
1218 1117 1573 1183 Tusculum
1632 1118 1879 1182 ductus·
1972 1117 2050 1181 L.
2095 1115 2441 1192 Quinctius
2496 1129 2572 1181 et
2642 1117 2823 1183 Ser.
2854 1146 2877 1179 1

663 1204 983 1306 Sulpicius
1011 1205 1254 1270 tribuni
1283 1205 1559 1269 militum
1590 1203 1851 1269 duxere.
1948 1202 2213 1268 Clausas
2240 1216 2452 1290 portas
2474 1203 2825 1281 Tusculi,

659 1292 1052 1380 Latinosque
1111 1291 1300 1355 simul
1357 1290 1786 1355 obsidentium
1845 1302 1910 1355 at
1955 1313 2037 1354 ue
2097 1291 2491 1355 obsessorum
2546 1291 2825 1355 animo

657 1378 809 1444 hinc
839 1380 1094 1443 moenia
1122 1377 1388 1443 Tusculi
1426 1378 1592 1442 tueri
1620 1378 1861 1454 vident,
1892 1377 1941 1440 il
1968 1377 2073 1441 'nc
2108 1399 2318 1442 arcem
2352 1398 2769 1464 oppugnare
2790 1402 2815 1453 3

331 1478 374 1525 A
403 1476 644 1525 Romanis
659 1478 894 1531 terrere
935 1488 1068 1529 una
1108 1488 1182 1529 ac
1225 1486 1472 1552 pavere.
1567 1464 1905 1528 Adventus
1938 1463 2376 1528 Romanorum
2412 1477 2821 1529 mutaverat

329 1546 598 1603 receptum.

442 2767 545 2826 34.

658 1553 990 1639 utriusque
1077 1552 1228 1615 artis
1267 1552 1531 1616 animos.
1624 1550 2022 1615 Tusculanos
2064 1574 2149 1615 ex
2188 1550 2436 1637 ingenti
2472 1562 2673 1615 metu
2716 1553 2815 1615 in

658 1662 970 1704 summam
1011 1662 1050 1702 a
1073 1638 1417 1714 acritatem,
1451 1637 1717 1703 Latinos
1760 1653 1843 1701 ex
1886 1660 2084 1723 prope
2123 1650 2299 1701 certa
2334 1636 2572 1701 fiducia
2620 1659 2811 1703 mox

657 1725 1006 1812 capiendae
1039 1725 1215 1801 arciS‚
1241 1723 1547 1810 quoniam
1577 1747 1662 1810 op
1708 1723 1813 1787 ido
1842 1724 2219 1810 potirentur,
2252 1724 2321 1787 in
2349 1724 2665 1810 exiguam
2698 1725 2807 1789 de

659 1834 725 1875 se
763 1811 914 1896 ipsis
948 1832 1124 1895 spem
1154 1823 1444 1881 verterat.
1539 1810 1663 1875 Tol
1692 1811 1816 1874 'tur
1844 1833 1927 1874 ex
1961 1833 2103 1875 arce
2134 1810 2371 1875 clamor
2404 1812 2484 1875 ab
2514 1810 2803 1877 Tuscu-

659 1897 854 1961 lanis:
927 1895 1244 1982 excipitur
1301 1895 1385 1959 ali
1435 1910 1633 1962 uanto
1692 1896 1927 1961 maiore
1980 1898 2060 1962 ab
2111 1896 2396 1963 exercitu
2444 1897 2799 1963 Romano.

663 1982 1008 2069 Utrimque
1061 1996 1372 2069 urgentur
1387 1920 1677 2047 cReatini:
1727 2006 1865 2047 >nec
1910 1983 2187 2069 impetus
2234 1983 2801 2061 Tusculanorum,

660 2068 1136 2134 decurrentium
1181 2092 1263 2133 ex
1303 2071 1627 2157 superiore
1669 2070 1827 2147 loen,
1859 2070 2213 2135 sustinent:
2260 2092 2381 2135 nec
2415 2070 2795 2149 Romanos,

661 2158 1006 2233 subeuntes
1058 2156 1314 2220 moenia
1371 2156 1832 2243 molientesque
1886 2157 2099 2221 obices
2156 2170 2499 2244 portarum,
2550 2180 2797 2223 arcere

660 2257 943 2331 possunt.
1040 2242 1240 2307 Scalis
1269 2243 1444 2329 prius
1473 2244 1729 2307 moenia
1756 2255 1980 2343 capta3
2025 2243 2177 2307 inde
2208 2243 2466 2308 effracta
2493 2244 2799 2309 claustra

661 2344 1024 2417 portarum:
1075 2342 1143 2393 et
1179 2352 1382 2415 quum
1422 2352 1655 2416 anceps
1698 2328 1896 2393 hostis
1942 2342 2009 2394 et
2054 2353 2093 2396 a
2136 2330 2343 2394 fronte
2390 2343 2458 2394 et
2500 2353 2541 2395 a
2580 2344 2791 2419 tergo

663 2429 958 2504 urgeret3
1005 2440 1126 2480 nec
1167 2416 1249 2480 ad
1289 2438 1571 2503 pugnam
1610 2415 1741 2480 ulla
1767 2416 1881 2494 vis,
1912 2439 2033 2480 nec
2069 2416 2153 2480 ad
2180 2416 2395 2503 fugam
2430 2416 2555 2481 loci
2582 2420 2793 2505 quie-

664 2527 857 2591 quam
897 2516 1291 2592 superesset3
1339 2503 1409 2566 in
1455 2502 1672 2567 medio
1718 2502 1883 2567 caesi
1928 2503 2012 2567 ad
2050 2526 2253 2567 unum
2300 2526 2537 2569 omnes-
2634 2504 2793 2571 Re-

663 2602 966 2678 cuperato
1013 2592 1093 2655 ab
1143 2590 1430 2656 hostibus
1476 2589 1779 2667 Tusculo,
1829 2590 2147 2654 exercitus
2196 2588 2474 2655 Romam
2518 2602 2615 2655 est
2674 2614 2791 2659 re-

664 2677 912 2742 ductus·

757 2764 1019 2838 Quanto
1054 2765 1254 2852 magis
1288 2764 1603 2852 prosperis
1638 2786 1716 2829 eo
1756 2786 1926 2828 anno
1964 2763 2145 2829 bellis
2181 2764 2525 2851 tranquilla
2552 2766 2793 2831 omnia

662 2850 814 2914 foris
858 2862 1056 2927 erant,
1093 2864 1270 2916 tanto
1309 2852 1378 2915 in
1426 2852 1583 2916 urbe
1619 2851 1713 2915 vis
1748 2849 2013 2915 Patrum
2060 2851 2130 2914 in
2172 2850 2309 2915 dies
2349 2850 2563 2917 miseri
2692 2876 2789 2918 ue

710 2934 872 2999 lebis
901 2937 1307 3013 crescebant3
1355 2960 1557 3022 quum
1597 2959 1676 3002 eo
1714 2938 1870 3024 ips0,
1904 2936 2080 3023 quod
2118 2959 2373 3003 necesse
2415 2951 2552 3003 erat
2588 2960 2661 3002 so
2688 2939 2787 3015 vi,
2808 2962 2839 2997 α

662 2958 930 3084 {multas
979 3020 1267 3086 solvendi
1317 3022 1753 3109 impediretur.
1846 3022 2094 3125 Itaque,
2136 3046 2339 3110 quum
2384 3023 2515 3089 iam
2563 3046 2647 3089 ex
2706 3047 2785 3091 ne

664 3106 827 3172 nihil
871 3106 1010 3172 dari
1053 3120 1282 3194 posset,
1313 3107 1482 3173 fama
1525 3122 1593 3173 et
1637 3132 1919 3197 corpore,
1957 3109 2219 3175 ludicati
2266 3124 2459 3197 atque
2507 3110 2783 3189 addicti,
2806 3134 2835 3181 3

663 3193 1082 3260 creditoribus
1133 3194 1619 3273 satisfaciebant,
1666 3218 2003 3283 poenaque
2054 3196 2125 3261 in
2168 3196 2376 3262 vicem
2426 3196 2583 3263 fidei
2634 3220 2785 3263 σῶ-
2800 3224 2835 3265 4

665 3299 848 3347 serat.
912 3281 1103 3348 Adeo
1133 3304 1284 3383 ergo
1319 3282 1628 3347 obnoxios
1656 3282 2101 3348 summiserant
2129 3283 2375 3349 animos
2400 3306 2536 3348 non
2564 3283 2783 3348 infimi

665 3367 890 3446 solum,
939 3369 1055 3433 sed
1083 3369 1420 3519 ¹principes
1466 3368 1661 3433 etiam
1706 3368 1930 3456 plebis,
1979 3383 2054 3434 ut
2098 3392 2232 3435 non
2280 3370 2473 3435 modo
2524 3368 2609 3435 ad
2658 3372 2781 3434 tri-

665 3455 980 3521 bunatum
1015 3455 1099 3519 m'
1133 3454 1292 3521 ‘tum
1331 3457 1504 3520 inter
1535 3454 1833 3543 patricios
1870 3455 2243 3543 petendum,
2275 3456 2453 3544 quod
2482 3468 2660 3523 tanta
2684 3457 2777 3537 vi,

735 3646 756 3679 1
781 3634 1048 3682 Exercitus
1066 3635 1356 3693 Tusculum]
1381 3648 1447 3682 se.
1461 3634 1687 3683 Senior-es
1748 3648 1782 3682 a
1811 3636 2034 3695 praetore
2058 3634 2299 3695 udaium,
2327 3633 2378 3683 h.
2400 3649 2447 3684 e.
2468 3634 2595 3683 liber
2622 3634 2775 3684 alicui

665 3694 749 3756 qui
781 3696 846 3743 ad
879 3696 1042 3744 subita
1060 3696 1181 3745 belli
1202 3696 1471 3745 ministeria
1491 3702 1686 3760 praesto
1749 3696 1999 3758 mancipio
2041 3698 2186 3746 datus
2222 3704 2314 3758 est,
2350 3700 2589 3749 iudicium
2625 3706 2777 3761 turpe

665 3763 817 3806 erant.
1748 3760 1961 3821 subibat,
1978 3766 2029 3810 et
2043 3763 2207 3823 eapite
2220 3764 2499 3812 deminutus
2515 3768 2643 3812 erat:
2670 3778 2775 3811 m

737 3836 766 3869 2
801 3822 944 3879 Quod
977 3836 1168 3871 nocens
1203 3829 1313 3872 erat
1347 3826 1495 3886 solvi]
1547 3824 1685 3873 Hinc
1742 3824 2009 3887 pore‚quia
2030 3825 2137 3887 ipse
2156 3826 2349 3875 debitor
2362 3826 2648 3889 familiaque
2666 3826 2773 3877 eius

663 3890 999 3948 opportunum
1033 3890 1232 3947 tempus
1263 3894 1548 3949 exspectare
1585 3904 1685 3938 non
1750 3890 1801 3936 in
1823 3888 2107 3937 servitutem
2131 3890 2359 3939 creditori
2380 3890 2751 3941 addicebantur.

665 3954 909 4013 poterant,
931 3949 1014 3998 sed
1037 3950 1226 3997 solvere
1253 3950 1416 3999 alieno
1443 3966 1533 4001 suo
1561 3957 1683 4001 tem·
1812 3970 1845 4013 4
1865 3955 2131 4018 Poenaque
2150 3956 2207 4003 in
2228 3956 2514 4017 171·oede
2534 3958 2769 4016 msam]

665 4029 784 4078 pore
801 4012 958 4064 coacti
975 4018 1127 4063 erant.
1151 4014 1366 4066 Srnorn.
1411 4015 1533 4078 Ipsa
1553 4016 1686 4065 enim
1750 4016 1815 4066 In
1850 4018 2015 4066 locum
2048 4016 2307 4068 solutionis
2340 4034 2500 4083 poena
2531 4034 2771 4069 succus«.h

663 4078 928 4129 necessitas
951 4078 1173 4127 solvendi
1199 4077 1488 4129 facultatem
1516 4080 1685 4143 aequis
1748 4086 1839 4131 rat.
1888 4082 2151 4131 Debitores
2166 4096 2319 4144 quum
2342 4083 2492 4131 fidem
2514 4083 2775 4135 solutionis

664 4142 1024 4193 conditionibus
1095 4142 1356 4206 pecuniam
1420 4144 1683 4207 quaerendi
1750 4150 1997 4207 praestrue
2030 4162 2129 4195 non
2164 4152 2381 4209 possent,
2410 4162 2574 4209 poena
2598 4162 2635 4197 a
2666 4148 2775 4211 lege

663 4212 858 4319 {alatum
901 4222 1000 4256 non
1039 4207 1238 4257 omnino
1277 4208 1547 4257 emtoribus
1583 4206 1684 4272 agri
1749 4208 1938 4324 igdicta
2004 4210 2325 4261 creditoribus
2390 4210 2775 4263 sstisfficiebant.

729 4271 864 4321 emit.
1798 4288 1916 4323 asv-

731 4348 760 4395 3
781 4336 938 4383 Fama
959 4342 1008 4387 et
1027 4338 1252 4399 corpore]
1281 4337 1456 4396 Fama,
1472 4336 1589 4397 quia
1602 4336 1685 4399 qui
