<?xml version="1.0" encoding="UTF-8"?>
<!DOCTYPE html PUBLIC "-//W3C//DTD XHTML 1.0 Transitional//EN"
    "http://www.w3.org/TR/xhtml1/DTD/xhtml1-transitional.dtd">
<html xmlns="http://www.w3.org/1999/xhtml" xml:lang="en" lang="en">
 <head>
  <title>
</title>
<meta http-equiv="Content-Type" content="text/html;charset=utf-8" />
  <meta name='ocr-system' content='tesseract 3.04.00' />
  <meta name='ocr-capabilities' content='ocr_page ocr_carea ocr_par ocr_line ocrx_word'/>
</head>
<body>
  <div class='ocr_page' id='page_1' title='image "./tliviipatavinih10unkngoog_0271.png"; bbox 0 0 3000 4784; ppageno 0'>
   <div class='ocr_carea' id='block_1_1' title="bbox 826 220 2282 289">
    <p class='ocr_par' dir='ltr' id='par_1_1' title="bbox 826 220 2282 289">
     <span class='ocr_line' id='line_1_1' title="bbox 826 220 2282 289; baseline 0.003 -4"><span class='ocrx_word' id='word_1_1' title='bbox 826 220 1017 286; x_wconf 93' lang='lat' dir='ltr'><strong>LIB.</strong></span> <span class='ocrx_word' id='word_1_2' title='bbox 1066 220 1185 286; x_wconf 87' lang='lat' dir='ltr'><strong>IV.</strong></span> <span class='ocrx_word' id='word_1_3' title='bbox 1253 220 1476 287; x_wconf 88' lang='lat' dir='ltr'><strong>CAP.</strong></span> <span class='ocrx_word' id='word_1_4' title='bbox 1527 228 1628 287; x_wconf 88' lang='lat'><strong>31.</strong></span> <span class='ocrx_word' id='word_1_5' title='bbox 2159 226 2282 289; x_wconf 82' lang='lat'><strong>257</strong></span> 
     </span>
    </p>
   </div>
   <div class='ocr_carea' id='block_1_2' title="bbox 92 356 2602 3121">
    <p class='ocr_par' dir='ltr' id='par_1_2' title="bbox 92 356 2592 1133">
     <span class='ocr_line' id='line_1_2' title="bbox 144 356 2590 445; baseline 0.004 -27"><span class='ocrx_word' id='word_1_6' title='bbox 144 356 479 421; x_wconf 80' lang='lat' dir='ltr'><strong>exercitus</strong></span> <span class='ocrx_word' id='word_1_7' title='bbox 508 358 943 435; x_wconf 84' lang='lat' dir='ltr'><strong>mitterentur,</strong></span> <span class='ocrx_word' id='word_1_8' title='bbox 972 356 1197 445; x_wconf 79' lang='lat' dir='ltr'><strong>religio</strong></span> <span class='ocrx_word' id='word_1_9' title='bbox 1226 358 1502 423; x_wconf 83' lang='lat' dir='ltr'><strong>obstitit:</strong></span> <span class='ocrx_word' id='word_1_10' title='bbox 1549 358 1794 425; x_wconf 80' lang='lat' dir='ltr'><strong>fetiales</strong></span> <span class='ocrx_word' id='word_1_11' title='bbox 1819 358 1998 445; x_wconf 87' lang='lat' dir='ltr'><strong>prius</strong></span> <span class='ocrx_word' id='word_1_12' title='bbox 2025 358 2286 423; x_wconf 87' lang='lat' dir='ltr'><strong>mitten·-</strong></span> <span class='ocrx_word' id='word_1_13' title='bbox 2304 374 2372 426; x_wconf 88' lang='lat' dir='ltr'><strong>U.</strong></span> <span class='ocrx_word' id='word_1_14' title='bbox 2395 377 2454 427; x_wconf 88' lang='lat' dir='ltr'><strong>c.</strong></span> <span class='ocrx_word' id='word_1_15' title='bbox 2481 378 2590 439; x_wconf 60' lang='grc' dir='ltr'><strong>με.</strong></span> 
     </span>
     <span class='ocr_line' id='line_1_3' title="bbox 144 439 2592 533; baseline 0.003 -30"><span class='ocrx_word' id='word_1_16' title='bbox 144 439 261 504; x_wconf 87' lang='lat' dir='ltr'><strong>dos</strong></span> <span class='ocrx_word' id='word_1_17' title='bbox 304 442 395 506; x_wconf 85' lang='lat' dir='ltr'><strong>ad</strong></span> <span class='ocrx_word' id='word_1_18' title='bbox 440 466 554 508; x_wconf 89' lang='lat' dir='ltr'><strong>res</strong></span> <span class='ocrx_word' id='word_1_19' title='bbox 600 444 981 531; x_wconf 88' lang='lat' dir='ltr'><strong>repetendas</strong></span> <span class='ocrx_word' id='word_1_20' title='bbox 1020 466 1343 509; x_wconf 83' lang='lat' dir='ltr'><strong>censuere.</strong></span> <span class='ocrx_word' id='word_1_21' title='bbox 1438 442 1611 509; x_wconf 87' lang='lat' dir='ltr'><strong>Cum</strong></span> <span class='ocrx_word' id='word_1_22' title='bbox 1655 443 2036 509; x_wconf 83' lang='lat' dir='ltr'><strong>Veientibus</strong></span> <span class='ocrx_word' id='word_1_23' title='bbox 2077 440 2362 533; x_wconf 71' lang='lat' dir='ltr'><strong>nuperA·</strong></span> <span class='ocrx_word' id='word_1_24' title='bbox 2397 441 2456 492; x_wconf 78' lang='lat'><strong>0·</strong></span> <span class='ocrx_word' id='word_1_25' title='bbox 2481 455 2592 503; x_wconf 77' lang='lat'><strong>424·</strong></span> 
     </span>
     <span class='ocr_line' id='line_1_4' title="bbox 142 527 2284 597; baseline 0.002 -6"><span class='ocrx_word' id='word_1_26' title='bbox 142 527 277 591; x_wconf 83' lang='lat' dir='ltr'><strong>acie</strong></span> <span class='ocrx_word' id='word_1_27' title='bbox 308 528 715 595; x_wconf 80' lang='lat' dir='ltr'><strong>dimicatum</strong></span> <span class='ocrx_word' id='word_1_28' title='bbox 743 530 825 593; x_wconf 81' lang='lat' dir='ltr'><strong>ad</strong></span> <span class='ocrx_word' id='word_1_29' title='bbox 850 529 1247 595; x_wconf 88' lang='lat' dir='ltr'><strong>Nomentum</strong></span> <span class='ocrx_word' id='word_1_30' title='bbox 1278 542 1345 597; x_wconf 89' lang='lat' dir='ltr'><strong>et</strong></span> <span class='ocrx_word' id='word_1_31' title='bbox 1374 528 1647 595; x_wconf 78' lang='lat' dir='ltr'><strong>Fidenas</strong></span> <span class='ocrx_word' id='word_1_32' title='bbox 1675 531 1916 595; x_wconf 59' lang='lat' dir='ltr'><strong>fixerat:</strong></span> <span class='ocrx_word' id='word_1_33' title='bbox 1964 530 2284 595; x_wconf 82' lang='lat' dir='ltr'><strong>indutiae-</strong></span> 
     </span>
     <span class='ocr_line' id='line_1_5' title="bbox 186 615 2280 703; baseline 0.003 -28"><span class='ocrx_word' id='word_1_34' title='bbox 186 635 271 676; x_wconf 85' lang='lat' dir='ltr'><strong>ue</strong></span> <span class='ocrx_word' id='word_1_35' title='bbox 311 615 503 693; x_wconf 88' lang='lat' dir='ltr'><strong>inde,</strong></span> <span class='ocrx_word' id='word_1_36' title='bbox 545 640 689 681; x_wconf 89' lang='lat' dir='ltr'><strong>non</strong></span> <span class='ocrx_word' id='word_1_37' title='bbox 726 639 873 703; x_wconf 83' lang='lat' dir='ltr'><strong>pax,</strong></span> <span class='ocrx_word' id='word_1_38' title='bbox 903 616 1101 681; x_wconf 86' lang='lat' dir='ltr'><strong>facta:</strong></span> <span class='ocrx_word' id='word_1_39' title='bbox 1150 638 1417 703; x_wconf 83' lang='lat' dir='ltr'><strong>quarum</strong></span> <span class='ocrx_word' id='word_1_40' title='bbox 1458 629 1526 681; x_wconf 93' lang='lat' dir='ltr'><strong>et</strong></span> <span class='ocrx_word' id='word_1_41' title='bbox 1571 616 1708 681; x_wconf 85' lang='lat' dir='ltr'><strong>dies</strong></span> <span class='ocrx_word' id='word_1_42' title='bbox 1741 616 2001 694; x_wconf 84' lang='lat' dir='ltr'><strong>exierat,</strong></span> <span class='ocrx_word' id='word_1_43' title='bbox 2029 630 2097 681; x_wconf 92' lang='lat' dir='ltr'><strong>et</strong></span> <span class='ocrx_word' id='word_1_44' title='bbox 2131 630 2280 681; x_wconf 89' lang='lat' dir='ltr'><strong>ante</strong></span> 
     </span>
     <span class='ocr_line' id='line_1_6' title="bbox 92 698 2278 781; baseline 0 -14"><span class='ocrx_word' id='word_1_45' title='bbox 92 726 123 767; x_wconf 73' lang='grc'><strong>4</strong></span> <span class='ocrx_word' id='word_1_46' title='bbox 188 698 316 763; x_wconf 80' lang='lat' dir='ltr'><strong>&#39;em</strong></span> <span class='ocrx_word' id='word_1_47' title='bbox 375 702 875 768; x_wconf 78' lang='lat' dir='ltr'><strong>rebellaverant.</strong></span> <span class='ocrx_word' id='word_1_48' title='bbox 991 702 1177 767; x_wconf 88' lang='lat' dir='ltr'><strong>Missi</strong></span> <span class='ocrx_word' id='word_1_49' title='bbox 1234 716 1449 767; x_wconf 85' lang='lat' dir='ltr'><strong>tamen</strong></span> <span class='ocrx_word' id='word_1_50' title='bbox 1505 702 1780 767; x_wconf 85' lang='lat' dir='ltr'><strong>fetiales:</strong></span> <span class='ocrx_word' id='word_1_51' title='bbox 1857 726 1979 767; x_wconf 89' lang='lat' dir='ltr'><strong>nec</strong></span> <span class='ocrx_word' id='word_1_52' title='bbox 2035 724 2278 781; x_wconf 87' lang='lat' dir='ltr'><strong>eorum,</strong></span> 
     </span>
     <span class='ocr_line' id='line_1_7' title="bbox 182 786 2276 876; baseline 0.003 -28"><span class='ocrx_word' id='word_1_53' title='bbox 182 808 346 850; x_wconf 86' lang='lat' dir='ltr'><strong>uum</strong></span> <span class='ocrx_word' id='word_1_54' title='bbox 378 810 579 853; x_wconf 86' lang='lat' dir='ltr'><strong>more</strong></span> <span class='ocrx_word' id='word_1_55' title='bbox 614 802 863 876; x_wconf 75' lang='lat' dir='ltr'><strong>patrum</strong></span> <span class='ocrx_word' id='word_1_56' title='bbox 892 788 1081 855; x_wconf 85' lang='lat' dir='ltr'><strong>iurati</strong></span> <span class='ocrx_word' id='word_1_57' title='bbox 1110 801 1473 875; x_wconf 85' lang='lat' dir='ltr'><strong>repeterent</strong></span> <span class='ocrx_word' id='word_1_58' title='bbox 1500 812 1620 866; x_wconf 86' lang='lat' dir='ltr'><strong>res,</strong></span> <span class='ocrx_word' id='word_1_59' title='bbox 1645 790 1836 853; x_wconf 86' lang='lat' dir='ltr'><strong>verba</strong></span> <span class='ocrx_word' id='word_1_60' title='bbox 1863 786 2013 854; x_wconf 73' lang='lat' dir='ltr'><strong>s&#39;unt</strong></span> <span class='ocrx_word' id='word_1_61' title='bbox 2041 790 2276 855; x_wconf 86' lang='lat' dir='ltr'><strong>audita.</strong></span> 
     </span>
     <span class='ocr_line' id='line_1_8' title="bbox 202 874 2592 963; baseline 0.004 -28"><span class='ocrx_word' id='word_1_62' title='bbox 202 876 633 939; x_wconf 78' lang='lat' dir='ltr'><strong>ontroversia</strong></span> <span class='ocrx_word' id='word_1_63' title='bbox 657 875 809 940; x_wconf 89' lang='lat' dir='ltr'><strong>inde</strong></span> <span class='ocrx_word' id='word_1_64' title='bbox 839 874 981 951; x_wconf 87' lang='lat' dir='ltr'><strong>fuit,</strong></span> <span class='ocrx_word' id='word_1_65' title='bbox 1012 888 1227 939; x_wconf 91' lang='lat' dir='ltr'><strong>utrum</strong></span> <span class='ocrx_word' id='word_1_66' title='bbox 1256 898 1341 963; x_wconf 92' lang='lat' dir='ltr'><strong>po</strong></span> <span class='ocrx_word' id='word_1_67' title='bbox 1390 874 1479 939; x_wconf 85' lang='lat' dir='ltr'><strong>uli</strong></span> <span class='ocrx_word' id='word_1_68' title='bbox 1521 876 1695 939; x_wconf 89' lang='lat' dir='ltr'><strong>iussu</strong></span> <span class='ocrx_word' id='word_1_69' title='bbox 1723 876 2112 940; x_wconf 85' lang='lat' dir='ltr'><strong>indiceretur</strong></span> <span class='ocrx_word' id='word_1_70' title='bbox 2145 876 2280 940; x_wconf 89' lang='lat' dir='ltr'><strong>bel-</strong></span> <span class='ocrx_word' id='word_1_71' title='bbox 2299 892 2592 945; x_wconf 73' lang='lat' dir='ltr'><strong>Veientibus</strong></span> 
     </span>
     <span class='ocr_line' id='line_1_9' title="bbox 134 956 2576 1070; baseline 0.004 -51"><span class='ocrx_word' id='word_1_72' title='bbox 134 956 293 1035; x_wconf 92' lang='lat' dir='ltr'><strong>lum,</strong></span> <span class='ocrx_word' id='word_1_73' title='bbox 342 982 437 1023; x_wconf 85' lang='lat' dir='ltr'><strong>an</strong></span> <span class='ocrx_word' id='word_1_74' title='bbox 494 962 659 1026; x_wconf 81' lang='lat' dir='ltr'><strong>satis</strong></span> <span class='ocrx_word' id='word_1_75' title='bbox 700 975 865 1027; x_wconf 86' lang='lat' dir='ltr'><strong>esset</strong></span> <span class='ocrx_word' id='word_1_76' title='bbox 906 974 1313 1027; x_wconf 82' lang='lat' dir='ltr'><strong>senatuscons</strong></span> <span class='ocrx_word' id='word_1_77' title='bbox 1384 974 1538 1026; x_wconf 89' lang='lat' dir='ltr'><strong>tum.</strong></span> <span class='ocrx_word' id='word_1_78' title='bbox 1631 962 1964 1027; x_wconf 81' lang='lat' dir='ltr'><strong>Pervieere</strong></span> <span class='ocrx_word' id='word_1_79' title='bbox 2014 963 2275 1041; x_wconf 83' lang='lat' dir='ltr'><strong>tribuni,</strong></span> <span class='ocrx_word' id='word_1_80' title='bbox 2294 958 2484 1070; x_wconf 56' lang='lat' dir='ltr'><strong>giellum</strong></span> <span class='ocrx_word' id='word_1_81' title='bbox 2505 960 2576 1009; x_wconf 71' lang='lat'>5¹¹·</span> 
     </span>
     <span class='ocr_line' id='line_1_10' title="bbox 134 1027 2497 1133; baseline 0.004 -27"><span class='ocrx_word' id='word_1_82' title='bbox 134 1042 621 1112; x_wconf 79' lang='lat' dir='ltr'><strong>denuntiando</strong></span> <span class='ocrx_word' id='word_1_83' title='bbox 648 1048 1065 1133; x_wconf 82' lang='lat' dir='ltr'><strong>impedituros</strong></span> <span class='ocrx_word' id='word_1_84' title='bbox 1104 1070 1171 1113; x_wconf 81' lang='lat' dir='ltr'><strong>se</strong></span> <span class='ocrx_word' id='word_1_85' title='bbox 1201 1046 1541 1125; x_wconf 86' lang='lat' dir='ltr'><strong>delectum,</strong></span> <span class='ocrx_word' id='word_1_86' title='bbox 1573 1062 1647 1111; x_wconf 90' lang='lat' dir='ltr'><strong>ut</strong></span> <span class='ocrx_word' id='word_1_87' title='bbox 1681 1048 1970 1113; x_wconf 87' lang='lat' dir='ltr'><strong>consules</strong></span> <span class='ocrx_word' id='word_1_88' title='bbox 1998 1048 2079 1113; x_wconf 92' lang='lat' dir='ltr'><strong>de</strong></span> <span class='ocrx_word' id='word_1_89' title='bbox 2110 1048 2278 1115; x_wconf 90' lang='lat' dir='ltr'><strong>bello</strong></span> <span class='ocrx_word' id='word_1_90' title='bbox 2347 1027 2497 1073; x_wconf 84' lang='lat' dir='ltr'><strong>etum.</strong></span> 
     </span>
    </p>

    <p class='ocr_par' dir='ltr' id='par_1_3' title="bbox 92 1129 2276 1386">
     <span class='ocr_line' id='line_1_11' title="bbox 92 1129 2276 1219; baseline 0.004 -28"><span class='ocrx_word' id='word_1_91' title='bbox 92 1142 121 1191; x_wconf 78' lang='lat'>⁵</span> <span class='ocrx_word' id='word_1_92' title='bbox 136 1129 220 1193; x_wconf 82' lang='lat' dir='ltr'><strong>ad</strong></span> <span class='ocrx_word' id='word_1_93' title='bbox 278 1132 627 1219; x_wconf 87' lang='lat' dir='ltr'><strong>populum</strong></span> <span class='ocrx_word' id='word_1_94' title='bbox 682 1134 937 1199; x_wconf 86' lang='lat' dir='ltr'><strong>ferrent.</strong></span> <span class='ocrx_word' id='word_1_95' title='bbox 1032 1133 1277 1199; x_wconf 82' lang='lat' dir='ltr'><strong>Omnes</strong></span> <span class='ocrx_word' id='word_1_96' title='bbox 1334 1134 1658 1199; x_wconf 83' lang='lat' dir='ltr'><strong>centuriae</strong></span> <span class='ocrx_word' id='word_1_97' title='bbox 1716 1133 1967 1199; x_wconf 87' lang='lat' dir='ltr'><strong>iussere.</strong></span> <span class='ocrx_word' id='word_1_98' title='bbox 2060 1134 2140 1199; x_wconf 91' lang='lat' dir='ltr'><strong>In</strong></span> <span class='ocrx_word' id='word_1_99' title='bbox 2197 1158 2276 1199; x_wconf 92' lang='lat' dir='ltr'><strong>eo</strong></span> 
     </span>
     <span class='ocr_line' id='line_1_12' title="bbox 136 1219 2276 1317; baseline 0.002 -38"><span class='ocrx_word' id='word_1_100' title='bbox 136 1239 409 1317; x_wconf 84' lang='lat' dir='ltr'><strong>quoque</strong></span> <span class='ocrx_word' id='word_1_101' title='bbox 462 1220 657 1307; x_wconf 82' lang='lat' dir='ltr'><strong>plebs</strong></span> <span class='ocrx_word' id='word_1_102' title='bbox 714 1220 1000 1307; x_wconf 83' lang='lat' dir='ltr'><strong>superior</strong></span> <span class='ocrx_word' id='word_1_103' title='bbox 1042 1220 1185 1298; x_wconf 87' lang='lat' dir='ltr'><strong>fuit,</strong></span> <span class='ocrx_word' id='word_1_104' title='bbox 1234 1220 1411 1307; x_wconf 91' lang='lat' dir='ltr'><strong>quod</strong></span> <span class='ocrx_word' id='word_1_105' title='bbox 1458 1219 1686 1296; x_wconf 85' lang='lat' dir='ltr'><strong>tenuit,</strong></span> <span class='ocrx_word' id='word_1_106' title='bbox 1734 1243 1817 1284; x_wconf 89' lang='lat' dir='ltr'><strong>ne</strong></span> <span class='ocrx_word' id='word_1_107' title='bbox 1867 1220 2157 1285; x_wconf 86' lang='lat' dir='ltr'><strong>consules</strong></span> <span class='ocrx_word' id='word_1_108' title='bbox 2207 1221 2276 1284; x_wconf 89' lang='lat' dir='ltr'><strong>in</strong></span> 
     </span>
     <span class='ocr_line' id='line_1_13' title="bbox 136 1320 1209 1386; baseline 0.004 -20"><span class='ocrx_word' id='word_1_109' title='bbox 136 1323 529 1386; x_wconf 79' lang='lat' dir='ltr'><strong>pronmum</strong></span> <span class='ocrx_word' id='word_1_110' title='bbox 561 1329 805 1371; x_wconf 87' lang='lat' dir='ltr'><strong>annum</strong></span> <span class='ocrx_word' id='word_1_111' title='bbox 832 1320 1209 1371; x_wconf 79' lang='lat' dir='ltr'><strong>crearentur.</strong></span> 
     </span>
    </p>

    <p class='ocr_par' dir='ltr' id='par_1_4' title="bbox 224 1388 2501 1479">
     <span class='ocr_line' id='line_1_14' title="bbox 224 1388 2501 1479; baseline 0 -26"><span class='ocrx_word' id='word_1_112' title='bbox 224 1388 528 1456; x_wconf 80' lang='lat' dir='ltr'><strong>Tribuni</strong></span> <span class='ocrx_word' id='word_1_113' title='bbox 560 1392 836 1458; x_wconf 90' lang='lat' dir='ltr'><strong>militum</strong></span> <span class='ocrx_word' id='word_1_114' title='bbox 870 1392 1183 1457; x_wconf 83' lang='lat' dir='ltr'><strong>consulari</strong></span> <span class='ocrx_word' id='word_1_115' title='bbox 1211 1404 1522 1479; x_wconf 75' lang='lat' dir='ltr'><strong>potestate</strong></span> <span class='ocrx_word' id='word_1_116' title='bbox 1553 1404 1854 1479; x_wconf 87' lang='lat' dir='ltr'><strong>quattuor</strong></span> <span class='ocrx_word' id='word_1_117' title='bbox 1881 1393 2074 1457; x_wconf 81' lang='lat' dir='ltr'><strong>creati</strong></span> <span class='ocrx_word' id='word_1_118' title='bbox 2105 1405 2274 1469; x_wconf 88' lang='lat' dir='ltr'><strong>sunt,</strong></span> <span class='ocrx_word' id='word_1_119' title='bbox 2399 1392 2501 1453; x_wconf 87' lang='lat'><strong>31.</strong></span> 
     </span>
    </p>

    <p class='ocr_par' dir='ltr' id='par_1_5' title="bbox 94 1472 2602 3121">
     <span class='ocr_line' id='line_1_15' title="bbox 94 1472 2582 1556; baseline -0 -14"><span class='ocrx_word' id='word_1_120' title='bbox 94 1478 125 1527; x_wconf 84' lang='grc'><strong>6</strong></span> <span class='ocrx_word' id='word_1_121' title='bbox 140 1472 220 1537; x_wconf 90' lang='grc' dir='ltr'><strong>Τ.</strong></span> <span class='ocrx_word' id='word_1_122' title='bbox 259 1474 639 1551; x_wconf 81' lang='lat' dir='ltr'><strong>Quinctius</strong></span> <span class='ocrx_word' id='word_1_123' title='bbox 676 1479 941 1545; x_wconf 88' lang='lat' dir='ltr'><strong>Pennus</strong></span> <span class='ocrx_word' id='word_1_124' title='bbox 979 1502 1061 1543; x_wconf 86' lang='lat' dir='ltr'><strong>ex</strong></span> <span class='ocrx_word' id='word_1_125' title='bbox 1105 1478 1459 1556; x_wconf 79' lang='lat' dir='ltr'><strong>consulatu,</strong></span> <span class='ocrx_word' id='word_1_126' title='bbox 1507 1477 1584 1543; x_wconf 86' lang='lat' dir='ltr'><strong>C.</strong></span> <span class='ocrx_word' id='word_1_127' title='bbox 1619 1477 1867 1556; x_wconf 88' lang='lat' dir='ltr'><strong>Furius,</strong></span> <span class='ocrx_word' id='word_1_128' title='bbox 1916 1478 2012 1543; x_wconf 90' lang='lat' dir='ltr'><strong>M.</strong></span> <span class='ocrx_word' id='word_1_129' title='bbox 2047 1479 2277 1543; x_wconf 86' lang='lat' dir='ltr'><strong>Postu·</strong></span> <span class='ocrx_word' id='word_1_130' title='bbox 2295 1472 2363 1522; x_wconf 88' lang='lat' dir='ltr'><strong>U.</strong></span> <span class='ocrx_word' id='word_1_131' title='bbox 2387 1474 2446 1523; x_wconf 74' lang='grc' dir='ltr'><strong>Ο·</strong></span> <span class='ocrx_word' id='word_1_132' title='bbox 2473 1490 2582 1541; x_wconf 82' lang='lat'><strong>329·</strong></span> 
     </span>
     <span class='ocr_line' id='line_1_16' title="bbox 138 1538 2580 1659; baseline 0.002 -36"><span class='ocrx_word' id='word_1_133' title='bbox 138 1561 325 1639; x_wconf 86' lang='lat' dir='ltr'><strong>mius,</strong></span> <span class='ocrx_word' id='word_1_134' title='bbox 374 1563 467 1629; x_wconf 91' lang='lat' dir='ltr'><strong>A.</strong></span> <span class='ocrx_word' id='word_1_135' title='bbox 504 1563 853 1631; x_wconf 86' lang='lat' dir='ltr'><strong>Cornelius</strong></span> <span class='ocrx_word' id='word_1_136' title='bbox 893 1564 1145 1631; x_wconf 78' lang='lat' dir='ltr'><strong>Cossus·</strong></span> <span class='ocrx_word' id='word_1_137' title='bbox 1239 1564 1343 1629; x_wconf 88' lang='lat' dir='ltr'><strong>Ex</strong></span> <span class='ocrx_word' id='word_1_138' title='bbox 1382 1565 1461 1630; x_wconf 90' lang='lat' dir='ltr'><strong>iis</strong></span> <span class='ocrx_word' id='word_1_139' title='bbox 1503 1564 1742 1630; x_wconf 85' lang='lat' dir='ltr'><strong>Cossus</strong></span> <span class='ocrx_word' id='word_1_140' title='bbox 1827 1565 2054 1631; x_wconf 82' lang='lat' dir='ltr'><strong>raefuit</strong></span> <span class='ocrx_word' id='word_1_141' title='bbox 2095 1565 2271 1631; x_wconf 85' lang='lat' dir='ltr'><strong>urbi:</strong></span> <span class='ocrx_word' id='word_1_142' title='bbox 2293 1538 2580 1659; x_wconf 54' lang='lat' dir='ltr'>sschuiffi</span> 
     </span>
     <span class='ocr_line' id='line_1_17' title="bbox 142 1650 2602 1751; baseline 0.004 -42"><span class='ocrx_word' id='word_1_143' title='bbox 142 1659 287 1725; x_wconf 84' lang='lat' dir='ltr'><strong>tres,</strong></span> <span class='ocrx_word' id='word_1_144' title='bbox 341 1650 623 1716; x_wconf 86' lang='lat' dir='ltr'><strong>delectu</strong></span> <span class='ocrx_word' id='word_1_145' title='bbox 672 1651 909 1729; x_wconf 82' lang='lat' dir='ltr'><strong>habito,</strong></span> <span class='ocrx_word' id='word_1_146' title='bbox 962 1651 1229 1751; x_wconf 86' lang='lat' dir='ltr'><strong>profecti</strong></span> <span class='ocrx_word' id='word_1_147' title='bbox 1286 1664 1435 1717; x_wconf 85' lang='lat' dir='ltr'><strong>sunt</strong></span> <span class='ocrx_word' id='word_1_148' title='bbox 1492 1650 1710 1731; x_wconf 86' lang='lat' dir='ltr'><strong>Veios,</strong></span> <span class='ocrx_word' id='word_1_149' title='bbox 1803 1664 2273 1738; x_wconf 89' lang='lat' dir='ltr'><strong>ocumentoque</strong></span> <span class='ocrx_word' id='word_1_150' title='bbox 2290 1664 2506 1739; x_wconf 50' lang='grc' dir='ltr'><strong>σῆψις.</strong></span> <span class='ocrx_word' id='word_1_151' title='bbox 2518 1668 2602 1718; x_wconf 84' lang='lat' dir='ltr'><strong>Tr.</strong></span> 
     </span>
     <span class='ocr_line' id='line_1_18' title="bbox 142 1729 2403 1825; baseline 0.003 -30"><span class='ocrx_word' id='word_1_152' title='bbox 142 1730 343 1813; x_wconf 88' lang='lat' dir='ltr'><strong>fuere,</strong></span> <span class='ocrx_word' id='word_1_153' title='bbox 392 1760 605 1824; x_wconf 79' lang='lat' dir='ltr'><strong>quam</strong></span> <span class='ocrx_word' id='word_1_154' title='bbox 648 1737 927 1825; x_wconf 88' lang='lat' dir='ltr'><strong>plurium</strong></span> <span class='ocrx_word' id='word_1_155' title='bbox 970 1738 1309 1825; x_wconf 75' lang='lat' dir='ltr'><strong>imperium</strong></span> <span class='ocrx_word' id='word_1_156' title='bbox 1351 1738 1520 1803; x_wconf 88' lang='lat' dir='ltr'><strong>bello</strong></span> <span class='ocrx_word' id='word_1_157' title='bbox 1557 1737 1786 1803; x_wconf 89' lang='lat' dir='ltr'><strong>inutile</strong></span> <span class='ocrx_word' id='word_1_158' title='bbox 1821 1750 2002 1803; x_wconf 82' lang='lat' dir='ltr'><strong>esset.</strong></span> <span class='ocrx_word' id='word_1_159' title='bbox 2096 1738 2274 1803; x_wconf 89' lang='lat' dir='ltr'><strong>Ten-</strong></span> <span class='ocrx_word' id='word_1_160' title='bbox 2291 1729 2403 1778; x_wconf 69' lang='lat' dir='ltr'><strong>Mnl.</strong></span> 
     </span>
     <span class='ocr_line' id='line_1_19' title="bbox 142 1816 2270 1925; baseline 0.004 -44"><span class='ocrx_word' id='word_1_161' title='bbox 142 1816 363 1887; x_wconf 87' lang='lat' dir='ltr'><strong>dendo</strong></span> <span class='ocrx_word' id='word_1_162' title='bbox 404 1824 498 1889; x_wconf 79' lang='lat' dir='ltr'><strong>ad</strong></span> <span class='ocrx_word' id='word_1_163' title='bbox 540 1846 659 1887; x_wconf 84' lang='lat' dir='ltr'><strong>sua</strong></span> <span class='ocrx_word' id='word_1_164' title='bbox 696 1825 967 1925; x_wconf 77' lang='lat' dir='ltr'><strong>quisque</strong></span> <span class='ocrx_word' id='word_1_165' title='bbox 1012 1824 1290 1901; x_wconf 78' lang='lat' dir='ltr'><strong>consilia,</strong></span> <span class='ocrx_word' id='word_1_166' title='bbox 1372 1847 1528 1889; x_wconf 87' lang='lat' dir='ltr'><strong>uum</strong></span> <span class='ocrx_word' id='word_1_167' title='bbox 1569 1823 1744 1888; x_wconf 86' lang='lat' dir='ltr'><strong>aliud</strong></span> <span class='ocrx_word' id='word_1_168' title='bbox 1783 1824 1889 1889; x_wconf 82' lang='lat' dir='ltr'><strong>alii</strong></span> <span class='ocrx_word' id='word_1_169' title='bbox 1931 1824 2270 1902; x_wconf 86' lang='lat' dir='ltr'><strong>videretur,</strong></span> 
     </span>
     <span class='ocr_line' id='line_1_20' title="bbox 146 1910 2268 2011; baseline 0.002 -40"><span class='ocrx_word' id='word_1_170' title='bbox 146 1923 553 1990; x_wconf 82' lang='lat' dir='ltr'><strong>aperuerunt</strong></span> <span class='ocrx_word' id='word_1_171' title='bbox 583 1910 665 1974; x_wconf 81' lang='lat' dir='ltr'><strong>ad</strong></span> <span class='ocrx_word' id='word_1_172' title='bbox 694 1932 1090 1977; x_wconf 78' lang='lat' dir='ltr'><strong>occasionem</strong></span> <span class='ocrx_word' id='word_1_173' title='bbox 1118 1910 1329 1975; x_wconf 89' lang='lat' dir='ltr'><strong>locum</strong></span> <span class='ocrx_word' id='word_1_174' title='bbox 1415 1911 1554 1976; x_wconf 87' lang='lat' dir='ltr'><strong>osti.</strong></span> <span class='ocrx_word' id='word_1_175' title='bbox 1646 1910 1964 1975; x_wconf 84' lang='lat' dir='ltr'><strong>Incertam</strong></span> <span class='ocrx_word' id='word_1_176' title='bbox 1991 1934 2268 2011; x_wconf 81' lang='lat' dir='ltr'><strong>namque</strong></span> 
     </span>
     <span class='ocr_line' id='line_1_21' title="bbox 144 1992 2270 2084; baseline 0.003 -30"><span class='ocrx_word' id='word_1_177' title='bbox 144 1992 371 2073; x_wconf 84' lang='lat' dir='ltr'><strong>aciem,</strong></span> <span class='ocrx_word' id='word_1_178' title='bbox 402 1997 673 2084; x_wconf 82' lang='lat' dir='ltr'><strong>signum</strong></span> <span class='ocrx_word' id='word_1_179' title='bbox 710 1996 847 2061; x_wconf 85' lang='lat' dir='ltr'><strong>aliis</strong></span> <span class='ocrx_word' id='word_1_180' title='bbox 890 1997 1049 2073; x_wconf 85' lang='lat' dir='ltr'><strong>dari,</strong></span> <span class='ocrx_word' id='word_1_181' title='bbox 1073 1997 1359 2084; x_wconf 90' lang='lat' dir='ltr'><strong>receptui</strong></span> <span class='ocrx_word' id='word_1_182' title='bbox 1396 1996 1534 2061; x_wconf 79' lang='lat' dir='ltr'><strong>aliis</strong></span> <span class='ocrx_word' id='word_1_183' title='bbox 1573 1997 1718 2060; x_wconf 86' lang='lat' dir='ltr'><strong>cani</strong></span> <span class='ocrx_word' id='word_1_184' title='bbox 1754 1997 2138 2075; x_wconf 88' lang='lat' dir='ltr'><strong>iubentibus,</strong></span> <span class='ocrx_word' id='word_1_185' title='bbox 2169 2020 2270 2061; x_wconf 85' lang='lat'>111-</span> 
     </span>
     <span class='ocr_line' id='line_1_22' title="bbox 151 2082 2534 2171; baseline 0.003 -28"><span class='ocrx_word' id='word_1_186' title='bbox 151 2098 365 2145; x_wconf 80' lang='lat' dir='ltr'><strong>vasere</strong></span> <span class='ocrx_word' id='word_1_187' title='bbox 414 2095 791 2171; x_wconf 89' lang='lat' dir='ltr'><strong>opportune</strong></span> <span class='ocrx_word' id='word_1_188' title='bbox 832 2082 1174 2148; x_wconf 89' lang='lat' dir='ltr'><strong>Veientes:</strong></span> <span class='ocrx_word' id='word_1_189' title='bbox 1222 2095 1425 2147; x_wconf 87' lang='lat' dir='ltr'><strong>castra</strong></span> <span class='ocrx_word' id='word_1_190' title='bbox 1466 2083 1830 2170; x_wconf 82' lang='lat' dir='ltr'><strong>propinqua</strong></span> <span class='ocrx_word' id='word_1_191' title='bbox 1870 2084 2154 2149; x_wconf 86' lang='lat' dir='ltr'><strong>turbatos</strong></span> <span class='ocrx_word' id='word_1_192' title='bbox 2195 2108 2268 2149; x_wconf 84' lang='lat' dir='ltr'><strong>ac</strong></span> <span class='ocrx_word' id='word_1_193' title='bbox 2289 2094 2352 2141; x_wconf 91' lang='lat' dir='ltr'><strong>In</strong></span> <span class='ocrx_word' id='word_1_194' title='bbox 2375 2100 2534 2171; x_wconf 58' lang='lat' dir='ltr'><strong>eastre</strong></span> 
     </span>
     <span class='ocr_line' id='line_1_23' title="bbox 152 2160 2574 2272; baseline 0.004 -46"><span class='ocrx_word' id='word_1_195' title='bbox 152 2174 213 2226; x_wconf 88' lang='lat' dir='ltr'><strong>te</strong></span> <span class='ocrx_word' id='word_1_196' title='bbox 388 2167 629 2233; x_wconf 83' lang='lat' dir='ltr'><strong>dantes</strong></span> <span class='ocrx_word' id='word_1_197' title='bbox 687 2191 1005 2255; x_wconf 82' lang='lat' dir='ltr'><strong>accepere.</strong></span> <span class='ocrx_word' id='word_1_198' title='bbox 1115 2168 1271 2233; x_wconf 89' lang='lat' dir='ltr'><strong>Plus</strong></span> <span class='ocrx_word' id='word_1_199' title='bbox 1328 2169 1558 2257; x_wconf 46' lang='lat' dir='ltr'><strong>itaque³</strong></span> <span class='ocrx_word' id='word_1_200' title='bbox 1605 2169 2014 2268; x_wconf 72' lang='lat' dir='ltr'><strong>ignominiae,</strong></span> <span class='ocrx_word' id='word_1_201' title='bbox 2075 2192 2268 2256; x_wconf 89' lang='lat' dir='ltr'><strong>quam</strong></span> <span class='ocrx_word' id='word_1_202' title='bbox 2287 2160 2574 2272; x_wconf 33' lang='lat' dir='ltr'><strong>ffmpulxass‘</strong></span> 
     </span>
     <span class='ocr_line' id='line_1_24' title="bbox 154 2186 2596 2342; baseline 0.003 -28"><span class='ocrx_word' id='word_1_203' title='bbox 154 2186 369 2330; x_wconf 53' lang='lat' dir='ltr'><strong>effi</strong></span> <span class='ocrx_word' id='word_1_204' title='bbox 423 2268 531 2321; x_wconf 84' lang='lat' dir='ltr'><strong>est</strong></span> <span class='ocrx_word' id='word_1_205' title='bbox 579 2268 929 2342; x_wconf 82' lang='lat' dir='ltr'><strong>acceptum.</strong></span> <span class='ocrx_word' id='word_1_206' title='bbox 1022 2254 1273 2320; x_wconf 82' lang='lat' dir='ltr'><strong>Maesta</strong></span> <span class='ocrx_word' id='word_1_207' title='bbox 1317 2255 1538 2321; x_wconf 87' lang='lat' dir='ltr'><strong>civitas</strong></span> <span class='ocrx_word' id='word_1_208' title='bbox 1579 2254 1720 2333; x_wconf 81' lang='lat' dir='ltr'><strong>fult,</strong></span> <span class='ocrx_word' id='word_1_209' title='bbox 1764 2256 1934 2319; x_wconf 84' lang='lat' dir='ltr'><strong>vinci</strong></span> <span class='ocrx_word' id='word_1_210' title='bbox 1976 2256 2263 2321; x_wconf 83' lang='lat' dir='ltr'><strong>insueta:</strong></span> <span class='ocrx_word' id='word_1_211' title='bbox 2285 2236 2493 2337; x_wconf 52' lang='grc' dir='ltr'><strong>εῃῗῖῗζζζ,</strong></span> <span class='ocrx_word' id='word_1_212' title='bbox 2529 2239 2596 2273; x_wconf 67' lang='lat'><strong>‘³¹‘</strong></span> 
     </span>
     <span class='ocr_line' id='line_1_25' title="bbox 154 2334 2264 2428; baseline 0.004 -29"><span class='ocrx_word' id='word_1_213' title='bbox 154 2334 361 2404; x_wconf 87' lang='lat' dir='ltr'><strong>odisse</strong></span> <span class='ocrx_word' id='word_1_214' title='bbox 386 2342 703 2419; x_wconf 87' lang='lat' dir='ltr'><strong>tribunos,</strong></span> <span class='ocrx_word' id='word_1_215' title='bbox 722 2363 981 2428; x_wconf 89' lang='lat' dir='ltr'><strong>poscere</strong></span> <span class='ocrx_word' id='word_1_216' title='bbox 1004 2342 1397 2420; x_wconf 82' lang='lat' dir='ltr'><strong>dictatorem,</strong></span> <span class='ocrx_word' id='word_1_217' title='bbox 1422 2342 1491 2406; x_wconf 92' lang='lat' dir='ltr'><strong>in</strong></span> <span class='ocrx_word' id='word_1_218' title='bbox 1521 2365 1600 2407; x_wconf 90' lang='lat' dir='ltr'><strong>eo</strong></span> <span class='ocrx_word' id='word_1_219' title='bbox 1623 2342 1784 2406; x_wconf 87' lang='lat' dir='ltr'><strong>verti</strong></span> <span class='ocrx_word' id='word_1_220' title='bbox 1807 2362 1949 2428; x_wconf 88' lang='lat' dir='ltr'><strong>spes</strong></span> <span class='ocrx_word' id='word_1_221' title='bbox 1978 2342 2264 2407; x_wconf 84' lang='lat' dir='ltr'><strong>civitatis.</strong></span> 
     </span>
     <span class='ocr_line' id='line_1_26' title="bbox 117 2418 2266 2515; baseline 0.001 -25"><span class='ocrx_word' id='word_1_222' title='bbox 117 2418 245 2485; x_wconf 82' lang='lat' dir='ltr'><strong>7Et</strong></span> <span class='ocrx_word' id='word_1_223' title='bbox 270 2446 485 2511; x_wconf 87' lang='lat' dir='ltr'><strong>quum</strong></span> <span class='ocrx_word' id='word_1_224' title='bbox 513 2428 606 2493; x_wconf 93' lang='lat' dir='ltr'><strong>ibi</strong></span> <span class='ocrx_word' id='word_1_225' title='bbox 680 2450 893 2514; x_wconf 92' lang='lat' dir='ltr'><strong>uoque</strong></span> <span class='ocrx_word' id='word_1_226' title='bbox 929 2427 1151 2515; x_wconf 83' lang='lat' dir='ltr'><strong>religio</strong></span> <span class='ocrx_word' id='word_1_227' title='bbox 1179 2428 1472 2505; x_wconf 89' lang='lat' dir='ltr'><strong>obstaret,</strong></span> <span class='ocrx_word' id='word_1_228' title='bbox 1505 2451 1587 2492; x_wconf 89' lang='lat' dir='ltr'><strong>ne</strong></span> <span class='ocrx_word' id='word_1_229' title='bbox 1624 2450 1757 2492; x_wconf 88' lang='lat' dir='ltr'><strong>non</strong></span> <span class='ocrx_word' id='word_1_230' title='bbox 1841 2440 2010 2492; x_wconf 89' lang='lat' dir='ltr'><strong>osset</strong></span> <span class='ocrx_word' id='word_1_231' title='bbox 2036 2429 2160 2492; x_wconf 88' lang='lat' dir='ltr'><strong>nisi</strong></span> <span class='ocrx_word' id='word_1_232' title='bbox 2187 2430 2266 2493; x_wconf 88' lang='lat' dir='ltr'><strong>ab</strong></span> 
     </span>
     <span class='ocr_line' id='line_1_27' title="bbox 157 2451 2268 2663; baseline 0.002 -91"><span class='ocrx_word' id='word_1_233' title='bbox 157 2512 417 2579; x_wconf 84' lang='lat' dir='ltr'><strong>consule</strong></span> <span class='ocrx_word' id='word_1_234' title='bbox 448 2514 583 2579; x_wconf 88' lang='lat' dir='ltr'><strong>dici</strong></span> <span class='ocrx_word' id='word_1_235' title='bbox 690 2527 911 2591; x_wconf 86' lang='lat' dir='ltr'><strong>ctator,</strong></span> <span class='ocrx_word' id='word_1_236' title='bbox 954 2536 1225 2614; x_wconf 78' lang='lat' dir='ltr'><strong>augures</strong></span> <span class='ocrx_word' id='word_1_237' title='bbox 1264 2513 1536 2579; x_wconf 86' lang='lat' dir='ltr'><strong>consulti</strong></span> <span class='ocrx_word' id='word_1_238' title='bbox 1564 2536 1705 2577; x_wconf 82' lang='lat' dir='ltr'><strong>eam</strong></span> <span class='ocrx_word' id='word_1_239' title='bbox 1745 2451 2116 2663; x_wconf 46' lang='lat' dir='ltr'><strong>reqifiionem</strong></span> <span class='ocrx_word' id='word_1_240' title='bbox 2155 2537 2268 2578; x_wconf 84' lang='lat' dir='ltr'><strong>ex-</strong></span> 
     </span>
     <span class='ocr_line' id='line_1_28' title="bbox 158 2598 2566 2688; baseline 0.003 -33"><span class='ocrx_word' id='word_1_241' title='bbox 158 2614 385 2663; x_wconf 86' lang='lat' dir='ltr'><strong>emere.</strong></span> <span class='ocrx_word' id='word_1_242' title='bbox 483 2600 569 2665; x_wconf 92' lang='lat' dir='ltr'><strong>A.</strong></span> <span class='ocrx_word' id='word_1_243' title='bbox 609 2599 947 2666; x_wconf 87' lang='lat' dir='ltr'><strong>Cornelius</strong></span> <span class='ocrx_word' id='word_1_244' title='bbox 992 2600 1365 2664; x_wconf 78' lang='lat' dir='ltr'><strong>dictatorem</strong></span> <span class='ocrx_word' id='word_1_245' title='bbox 1426 2599 1624 2664; x_wconf 82' lang='lat' dir='ltr'><strong>Mam.</strong></span> <span class='ocrx_word' id='word_1_246' title='bbox 1661 2598 1854 2664; x_wconf 91' lang='lat' dir='ltr'><strong>Aemi</strong></span> <span class='ocrx_word' id='word_1_247' title='bbox 1902 2623 2012 2664; x_wconf 88' lang='lat' dir='ltr'><strong>um</strong></span> <span class='ocrx_word' id='word_1_248' title='bbox 2061 2600 2262 2667; x_wconf 83' lang='lat' dir='ltr'><strong>dixit:</strong></span> <span class='ocrx_word' id='word_1_249' title='bbox 2285 2612 2566 2688; x_wconf 38' lang='lat' dir='ltr'><strong>Mam-erens</strong></span> 
     </span>
     <span class='ocr_line' id='line_1_29' title="bbox 119 2676 2528 2789; baseline 0.005 -50"><span class='ocrx_word' id='word_1_250' title='bbox 119 2690 148 2737; x_wconf 86' lang='lat'>8</span> <span class='ocrx_word' id='word_1_251' title='bbox 162 2691 227 2743; x_wconf 90' lang='lat' dir='ltr'><strong>et</strong></span> <span class='ocrx_word' id='word_1_252' title='bbox 261 2682 399 2770; x_wconf 83' lang='lat' dir='ltr'><strong>ipse</strong></span> <span class='ocrx_word' id='word_1_253' title='bbox 445 2688 529 2751; x_wconf 82' lang='lat' dir='ltr'><strong>ab</strong></span> <span class='ocrx_word' id='word_1_254' title='bbox 572 2710 651 2751; x_wconf 90' lang='lat' dir='ltr'><strong>eo</strong></span> <span class='ocrx_word' id='word_1_255' title='bbox 693 2686 993 2787; x_wconf 75' lang='lat' dir='ltr'><strong>magister</strong></span> <span class='ocrx_word' id='word_1_256' title='bbox 1034 2686 1327 2773; x_wconf 90' lang='lat' dir='ltr'><strong>equitum</strong></span> <span class='ocrx_word' id='word_1_257' title='bbox 1366 2699 1462 2751; x_wconf 87' lang='lat' dir='ltr'><strong>est</strong></span> <span class='ocrx_word' id='word_1_258' title='bbox 1505 2685 1731 2751; x_wconf 88' lang='lat' dir='ltr'><strong>dictus.</strong></span> <span class='ocrx_word' id='word_1_259' title='bbox 1823 2686 2033 2764; x_wconf 90' lang='lat' dir='ltr'><strong>Adeo,</strong></span> <span class='ocrx_word' id='word_1_260' title='bbox 2079 2686 2266 2751; x_wconf 87' lang='lat' dir='ltr'><strong>simul</strong></span> <span class='ocrx_word' id='word_1_261' title='bbox 2284 2676 2528 2789; x_wconf 42' lang='lat' dir='ltr'><strong>ssffissh?</strong></span> 
     </span>
     <span class='ocr_line' id='line_1_30' title="bbox 160 2757 2510 2859; baseline 0.003 -28"><span class='ocrx_word' id='word_1_262' title='bbox 160 2764 415 2837; x_wconf 77' lang='lat' dir='ltr'><strong>fortuna</strong></span> <span class='ocrx_word' id='word_1_263' title='bbox 456 2773 727 2839; x_wconf 80' lang='lat' dir='ltr'><strong>civitatis</strong></span> <span class='ocrx_word' id='word_1_264' title='bbox 764 2786 997 2838; x_wconf 75' lang='lat' dir='ltr'><strong>wrtute</strong></span> <span class='ocrx_word' id='word_1_265' title='bbox 1034 2796 1185 2838; x_wconf 80' lang='lat' dir='ltr'><strong>vera</strong></span> <span class='ocrx_word' id='word_1_266' title='bbox 1225 2773 1419 2859; x_wconf 83' lang='lat' dir='ltr'><strong>eguit,</strong></span> <span class='ocrx_word' id='word_1_267' title='bbox 1450 2772 1616 2837; x_wconf 86' lang='lat' dir='ltr'><strong>nihil</strong></span> <span class='ocrx_word' id='word_1_268' title='bbox 1658 2773 1944 2838; x_wconf 86' lang='lat' dir='ltr'><strong>censoria</strong></span> <span class='ocrx_word' id='word_1_269' title='bbox 1983 2773 2266 2838; x_wconf 84' lang='lat' dir='ltr'><strong>animad-</strong></span> <span class='ocrx_word' id='word_1_270' title='bbox 2439 2757 2468 2790; x_wconf 91' lang='lat'>⁰</span> <span class='ocrx_word' id='word_1_271' title='bbox 2497 2774 2510 2787; x_wconf 85' lang='lat'>‘</span> 
     </span>
     <span class='ocr_line' id='line_1_31' title="bbox 120 2857 2267 2948; baseline 0.003 -29"><span class='ocrx_word' id='word_1_272' title='bbox 120 2857 363 2921; x_wconf 85' lang='lat' dir='ltr'><strong>9versio</strong></span> <span class='ocrx_word' id='word_1_273' title='bbox 392 2860 631 2937; x_wconf 81' lang='lat' dir='ltr'><strong>effecit,</strong></span> <span class='ocrx_word' id='word_1_274' title='bbox 662 2882 793 2947; x_wconf 92' lang='lat' dir='ltr'><strong>quo</strong></span> <span class='ocrx_word' id='word_1_275' title='bbox 830 2860 1043 2925; x_wconf 85' lang='lat' dir='ltr'><strong>minus</strong></span> <span class='ocrx_word' id='word_1_276' title='bbox 1081 2859 1367 2947; x_wconf 80' lang='lat' dir='ltr'><strong>regimen</strong></span> <span class='ocrx_word' id='word_1_277' title='bbox 1396 2882 1608 2925; x_wconf 89' lang='lat' dir='ltr'><strong>rerum</strong></span> <span class='ocrx_word' id='word_1_278' title='bbox 1637 2882 1720 2925; x_wconf 83' lang='lat' dir='ltr'><strong>ex</strong></span> <span class='ocrx_word' id='word_1_279' title='bbox 1759 2872 1980 2925; x_wconf 83' lang='lat' dir='ltr'><strong>notata</strong></span> <span class='ocrx_word' id='word_1_280' title='bbox 2005 2860 2267 2948; x_wconf 82' lang='lat' dir='ltr'><strong>indigne</strong></span> 
     </span>
     <span class='ocr_line' id='line_1_32' title="bbox 164 2936 2265 3035; baseline 0.002 -28"><span class='ocrx_word' id='word_1_281' title='bbox 164 2936 355 3009; x_wconf 86' lang='lat' dir='ltr'><strong>domo</strong></span> <span class='ocrx_word' id='word_1_282' title='bbox 392 2958 739 3035; x_wconf 87' lang='lat' dir='ltr'><strong>peteretur.</strong></span> <span class='ocrx_word' id='word_1_283' title='bbox 834 2946 1156 3023; x_wconf 90' lang='lat' dir='ltr'><strong>Veientes,</strong></span> <span class='ocrx_word' id='word_1_284' title='bbox 1188 2968 1256 3011; x_wconf 92' lang='lat' dir='ltr'><strong>re</strong></span> <span class='ocrx_word' id='word_1_285' title='bbox 1288 2946 1570 3012; x_wconf 83' lang='lat' dir='ltr'><strong>secunda</strong></span> <span class='ocrx_word' id='word_1_286' title='bbox 1595 2946 1764 3025; x_wconf 83' lang='lat' dir='ltr'><strong>elati,</strong></span> <span class='ocrx_word' id='word_1_287' title='bbox 1797 2948 1998 3011; x_wconf 85' lang='lat' dir='ltr'><strong>missis</strong></span> <span class='ocrx_word' id='word_1_288' title='bbox 2028 2947 2265 3012; x_wconf 89' lang='lat' dir='ltr'><strong>circum</strong></span> 
     </span>
     <span class='ocr_line' id='line_1_33' title="bbox 169 3022 2267 3121; baseline 0.002 -27"><span class='ocrx_word' id='word_1_289' title='bbox 169 3022 465 3098; x_wconf 83' lang='lat' dir='ltr'><strong>Etruriae</strong></span> <span class='ocrx_word' id='word_1_290' title='bbox 505 3055 591 3119; x_wconf 94' lang='lat' dir='ltr'><strong>po</strong></span> <span class='ocrx_word' id='word_1_291' title='bbox 636 3032 777 3097; x_wconf 87' lang='lat' dir='ltr'><strong>ulos</strong></span> <span class='ocrx_word' id='word_1_292' title='bbox 816 3032 1057 3121; x_wconf 82' lang='lat' dir='ltr'><strong>legatis,</strong></span> <span class='ocrx_word' id='word_1_293' title='bbox 1087 3032 1382 3099; x_wconf 81' lang='lat' dir='ltr'><strong>iactando</strong></span> <span class='ocrx_word' id='word_1_294' title='bbox 1412 3047 1540 3099; x_wconf 88' lang='lat' dir='ltr'><strong>tres</strong></span> <span class='ocrx_word' id='word_1_295' title='bbox 1579 3033 1775 3099; x_wconf 87' lang='lat' dir='ltr'><strong>duces</strong></span> <span class='ocrx_word' id='word_1_296' title='bbox 1817 3032 2143 3099; x_wconf 88' lang='lat' dir='ltr'><strong>Romanos</strong></span> <span class='ocrx_word' id='word_1_297' title='bbox 2187 3036 2267 3099; x_wconf 83' lang='lat' dir='ltr'><strong>ab</strong></span> 
     </span>
    </p>
   </div>
   <div class='ocr_carea' id='block_1_3' title="bbox 167 3118 2268 3207">
    <p class='ocr_par' dir='ltr' id='par_1_6' title="bbox 167 3118 2268 3207">
     <span class='ocr_line' id='line_1_34' title="bbox 167 3118 2268 3207; baseline 0.001 -24"><span class='ocrx_word' id='word_1_298' title='bbox 167 3130 232 3175; x_wconf 71' lang='lat'><strong>80</strong></span> <span class='ocrx_word' id='word_1_299' title='bbox 274 3138 409 3185; x_wconf 90' lang='lat' dir='ltr'><strong>uno</strong></span> <span class='ocrx_word' id='word_1_300' title='bbox 450 3140 605 3206; x_wconf 89' lang='lat' dir='ltr'><strong>proe</strong></span> <span class='ocrx_word' id='word_1_301' title='bbox 630 3118 696 3183; x_wconf 92' lang='lat' dir='ltr'><strong>io</strong></span> <span class='ocrx_word' id='word_1_302' title='bbox 729 3118 919 3198; x_wconf 85' lang='lat' dir='ltr'><strong>fusos,</strong></span> <span class='ocrx_word' id='word_1_303' title='bbox 962 3142 1161 3207; x_wconf 90' lang='lat' dir='ltr'><strong>quum</strong></span> <span class='ocrx_word' id='word_1_304' title='bbox 1198 3133 1411 3185; x_wconf 78' lang='lat' dir='ltr'><strong>tamen</strong></span> <span class='ocrx_word' id='word_1_305' title='bbox 1451 3120 1694 3186; x_wconf 85' lang='lat' dir='ltr'><strong>nullam</strong></span> <span class='ocrx_word' id='word_1_306' title='bbox 1737 3121 1976 3207; x_wconf 87' lang='lat' dir='ltr'><strong>publici</strong></span> <span class='ocrx_word' id='word_1_307' title='bbox 2021 3121 2268 3189; x_wconf 86' lang='lat' dir='ltr'><strong>consilii</strong></span> 
     </span>
    </p>
   </div>
   <div class='ocr_carea' id='block_1_4' title="bbox 176 3338 2265 4422">
    <p class='ocr_par' dir='ltr' id='par_1_7' title="bbox 176 3338 2265 4422">
     <span class='ocr_line' id='line_1_35' title="bbox 232 3338 2264 3401; baseline 0 -13"><span class='ocrx_word' id='word_1_308' title='bbox 232 3352 262 3395; x_wconf 92' lang='grc'><strong>4</strong></span> <span class='ocrx_word' id='word_1_309' title='bbox 292 3340 447 3390; x_wconf 65' lang='lat' dir='ltr'><strong>Misce</strong></span> <span class='ocrx_word' id='word_1_310' title='bbox 475 3346 639 3390; x_wconf 74' lang='lat' dir='ltr'><strong>tamen</strong></span> <span class='ocrx_word' id='word_1_311' title='bbox 666 3340 895 3401; x_wconf 71' lang='lat' dir='ltr'><strong>fetiales]</strong></span> <span class='ocrx_word' id='word_1_312' title='bbox 940 3338 1083 3395; x_wconf 76' lang='lat' dir='ltr'><strong>Quos</strong></span> <span class='ocrx_word' id='word_1_313' title='bbox 1114 3338 1186 3387; x_wconf 86' lang='lat' dir='ltr'><strong>in·</strong></span> <span class='ocrx_word' id='word_1_314' title='bbox 1252 3354 1365 3387; x_wconf 86' lang='lat' dir='ltr'><strong>cum</strong></span> <span class='ocrx_word' id='word_1_315' title='bbox 1399 3338 1649 3388; x_wconf 76' lang='lat' dir='ltr'><strong>Gronovio</strong></span> <span class='ocrx_word' id='word_1_316' title='bbox 1683 3340 1956 3388; x_wconf 76' lang='lat' dir='ltr'><strong>deleremue</strong></span> <span class='ocrx_word' id='word_1_317' title='bbox 1990 3355 2105 3389; x_wconf 77' lang='lat' dir='ltr'><strong>non.</strong></span> <span class='ocrx_word' id='word_1_318' title='bbox 2173 3340 2264 3389; x_wconf 78' lang='lat'><em>01&gt;-</em></span> 
     </span>
     <span class='ocr_line' id='line_1_36' title="bbox 178 3400 2262 3465; baseline 0.003 -18"><span class='ocrx_word' id='word_1_319' title='bbox 178 3400 405 3453; x_wconf 77' lang='lat' dir='ltr'><strong>terfectos</strong></span> <span class='ocrx_word' id='word_1_320' title='bbox 423 3403 573 3452; x_wconf 68' lang='lat' dir='ltr'><strong>mine</strong></span> <span class='ocrx_word' id='word_1_321' title='bbox 593 3402 759 3452; x_wconf 76' lang='lat' dir='ltr'><strong>scribit</strong></span> <span class='ocrx_word' id='word_1_322' title='bbox 781 3402 987 3453; x_wconf 89' lang='lat' dir='ltr'><strong>Diodor.</strong></span> <span class='ocrx_word' id='word_1_323' title='bbox 1007 3402 1090 3451; x_wconf 83' lang='lat' dir='ltr'><strong>xii.</strong></span> <span class='ocrx_word' id='word_1_324' title='bbox 1108 3404 1187 3451; x_wconf 77' lang='lat'><strong>80.</strong></span> <span class='ocrx_word' id='word_1_325' title='bbox 1250 3410 1419 3463; x_wconf 68' lang='lat' dir='ltr'><strong>etant,</strong></span> <span class='ocrx_word' id='word_1_326' title='bbox 1440 3418 1504 3452; x_wconf 78' lang='lat' dir='ltr'><strong>ne</strong></span> <span class='ocrx_word' id='word_1_327' title='bbox 1529 3411 1692 3465; x_wconf 71' lang='lat' dir='ltr'><strong>ponet</strong></span> <span class='ocrx_word' id='word_1_328' title='bbox 1714 3405 1810 3452; x_wconf 70' lang='lat' dir='ltr'><strong>diei</strong></span> <span class='ocrx_word' id='word_1_329' title='bbox 1839 3402 1972 3451; x_wconf 86' lang='lat' dir='ltr'><strong>idem</strong></span> <span class='ocrx_word' id='word_1_330' title='bbox 2001 3410 2076 3453; x_wconf 82' lang='lat' dir='ltr'><strong>est</strong></span> <span class='ocrx_word' id='word_1_331' title='bbox 2107 3419 2166 3453; x_wconf 76' lang='lat' dir='ltr'><strong>ec</strong></span> <span class='ocrx_word' id='word_1_332' title='bbox 2186 3421 2262 3454; x_wconf 81' lang='lat' dir='ltr'><strong>ve-</strong></span> 
     </span>
     <span class='ocr_line' id='line_1_37' title="bbox 238 3467 1708 3527; baseline -0.001 -11"><span class='ocrx_word' id='word_1_333' title='bbox 238 3475 263 3524; x_wconf 88' lang='lat'><strong>5</strong></span> <span class='ocrx_word' id='word_1_334' title='bbox 298 3468 476 3519; x_wconf 73' lang='lat' dir='ltr'><strong>ornnes</strong></span> <span class='ocrx_word' id='word_1_335' title='bbox 506 3470 761 3517; x_wconf 65' lang='lat' dir='ltr'><strong>comorius</strong></span> <span class='ocrx_word' id='word_1_336' title='bbox 792 3469 1003 3527; x_wconf 69' lang='lat' dir='ltr'><strong>iussere]</strong></span> <span class='ocrx_word' id='word_1_337' title='bbox 1051 3467 1185 3515; x_wconf 83' lang='lat' dir='ltr'><strong>Red-</strong></span> <span class='ocrx_word' id='word_1_338' title='bbox 1250 3474 1379 3516; x_wconf 71' lang='lat' dir='ltr'><strong>taret</strong></span> <span class='ocrx_word' id='word_1_339' title='bbox 1399 3468 1512 3515; x_wconf 64' lang='lat' dir='ltr'><strong>diod.</strong></span> <span class='ocrx_word' id='word_1_340' title='bbox 1546 3467 1708 3516; x_wconf 69' lang='lat' dir='ltr'><strong>Cam.</strong></span> 
     </span>
     <span class='ocr_line' id='line_1_38' title="bbox 179 3524 2263 3598; baseline 0.001 -21"><span class='ocrx_word' id='word_1_341' title='bbox 179 3524 303 3598; x_wconf 56' lang='lat' dir='ltr'><strong>ditur</strong></span> <span class='ocrx_word' id='word_1_342' title='bbox 332 3531 435 3581; x_wconf 81' lang='lat' dir='ltr'><strong>iam</strong></span> <span class='ocrx_word' id='word_1_343' title='bbox 466 3531 698 3581; x_wconf 77' lang='lat' dir='ltr'><strong>centuriis</strong></span> <span class='ocrx_word' id='word_1_344' title='bbox 727 3531 847 3579; x_wconf 89' lang='lat' dir='ltr'><strong>belli</strong></span> <span class='ocrx_word' id='word_1_345' title='bbox 878 3538 929 3579; x_wconf 86' lang='lat' dir='ltr'><strong>et</strong></span> <span class='ocrx_word' id='word_1_346' title='bbox 958 3530 1091 3593; x_wconf 81' lang='lat' dir='ltr'><strong>pacis</strong></span> <span class='ocrx_word' id='word_1_347' title='bbox 1112 3545 1183 3578; x_wconf 82' lang='lat' dir='ltr'><strong>ar-</strong></span> <span class='ocrx_word' id='word_1_348' title='bbox 1314 3531 1345 3579; x_wconf 87' lang='lat'>8</span> <span class='ocrx_word' id='word_1_349' title='bbox 1378 3532 1624 3592; x_wconf 71' lang='lat' dir='ltr'><strong>Maqister</strong></span> <span class='ocrx_word' id='word_1_350' title='bbox 1737 3532 1886 3591; x_wconf 70' lang='lat' dir='ltr'><strong>itum]</strong></span> <span class='ocrx_word' id='word_1_351' title='bbox 1925 3530 1988 3580; x_wconf 89' lang='lat' dir='ltr'><strong>In</strong></span> <span class='ocrx_word' id='word_1_352' title='bbox 2018 3532 2150 3581; x_wconf 86' lang='lat' dir='ltr'><strong>hunc</strong></span> <span class='ocrx_word' id='word_1_353' title='bbox 2179 3548 2263 3581; x_wconf 79' lang='lat' dir='ltr'><strong>an·</strong></span> 
     </span>
     <span class='ocr_line' id='line_1_39' title="bbox 176 3587 2262 3645; baseline 0.001 -5"><span class='ocrx_word' id='word_1_354' title='bbox 176 3587 395 3644; x_wconf 81' lang='lat' dir='ltr'><strong>bltrium:</strong></span> <span class='ocrx_word' id='word_1_355' title='bbox 442 3595 622 3645; x_wconf 80' lang='lat' dir='ltr'><strong>exinde</strong></span> <span class='ocrx_word' id='word_1_356' title='bbox 660 3596 717 3643; x_wconf 76' lang='lat' dir='ltr'><strong>fit</strong></span> <span class='ocrx_word' id='word_1_357' title='bbox 748 3600 805 3643; x_wconf 85' lang='lat' dir='ltr'><strong>ut</strong></span> <span class='ocrx_word' id='word_1_358' title='bbox 836 3594 1018 3643; x_wconf 87' lang='lat' dir='ltr'><strong>tribuni</strong></span> <span class='ocrx_word' id='word_1_359' title='bbox 1052 3594 1183 3643; x_wconf 84' lang='lat' dir='ltr'><strong>dele·</strong></span> <span class='ocrx_word' id='word_1_360' title='bbox 1247 3608 1367 3643; x_wconf 87' lang='lat' dir='ltr'><strong>num</strong></span> <span class='ocrx_word' id='word_1_361' title='bbox 1394 3593 1648 3643; x_wconf 81' lang='lat' dir='ltr'><strong>victoriam</strong></span> <span class='ocrx_word' id='word_1_362' title='bbox 1715 3594 1809 3643; x_wconf 69' lang='lat' dir='ltr'><strong>ooei</strong></span> <span class='ocrx_word' id='word_1_363' title='bbox 1841 3594 2158 3645; x_wconf 79' lang='lat' dir='ltr'><strong>reficiendum</strong></span> <span class='ocrx_word' id='word_1_364' title='bbox 2191 3611 2262 3643; x_wconf 79' lang='lat' dir='ltr'><strong>es—</strong></span> 
     </span>
     <span class='ocr_line' id='line_1_40' title="bbox 180 3656 2264 3722; baseline 0.003 -19"><span class='ocrx_word' id='word_1_365' title='bbox 180 3656 273 3703; x_wconf 73' lang='lat' dir='ltr'><strong>etui</strong></span> <span class='ocrx_word' id='word_1_366' title='bbox 292 3673 390 3708; x_wconf 85' lang='lat' dir='ltr'><strong>non</strong></span> <span class='ocrx_word' id='word_1_367' title='bbox 413 3659 629 3722; x_wconf 81' lang='lat' dir='ltr'><strong>amplius</strong></span> <span class='ocrx_word' id='word_1_368' title='bbox 647 3658 937 3721; x_wconf 69' lang='lat' dir='ltr'><strong>impediant.</strong></span> <span class='ocrx_word' id='word_1_369' title='bbox 1246 3673 1298 3707; x_wconf 80' lang='lat' dir='ltr'><strong>se</strong></span> <span class='ocrx_word' id='word_1_370' title='bbox 1322 3658 1506 3707; x_wconf 78' lang='lat' dir='ltr'><strong>Fabius</strong></span> <span class='ocrx_word' id='word_1_371' title='bbox 1526 3663 1686 3720; x_wconf 79' lang='lat' dir='ltr'><strong>putat,</strong></span> <span class='ocrx_word' id='word_1_372' title='bbox 1705 3659 1757 3707; x_wconf 86' lang='lat' dir='ltr'><strong>in</strong></span> <span class='ocrx_word' id='word_1_373' title='bbox 1779 3673 1876 3721; x_wconf 89' lang='lat' dir='ltr'><strong>quo</strong></span> <span class='ocrx_word' id='word_1_374' title='bbox 1896 3663 1954 3708; x_wconf 85' lang='lat' dir='ltr'><strong>ut</strong></span> <span class='ocrx_word' id='word_1_375' title='bbox 1982 3661 2264 3722; x_wconf 56' lang='lat' dir='ltr'><strong>praefectus</strong></span> 
     </span>
     <span class='ocr_line' id='line_1_41' title="bbox 238 3716 2263 3785; baseline 0.001 -14"><span class='ocrx_word' id='word_1_376' title='bbox 238 3716 269 3766; x_wconf 90' lang='lat'><strong>6</strong></span> <span class='ocrx_word' id='word_1_377' title='bbox 310 3725 361 3773; x_wconf 84' lang='lat' dir='ltr'><strong>T.</strong></span> <span class='ocrx_word' id='word_1_378' title='bbox 386 3726 647 3783; x_wconf 65' lang='lat' dir='ltr'><strong>Quinctia:</strong></span> <span class='ocrx_word' id='word_1_379' title='bbox 676 3726 887 3773; x_wconf 70' lang='lat' dir='ltr'><strong>Pennus</strong></span> <span class='ocrx_word' id='word_1_380' title='bbox 912 3738 977 3772; x_wconf 61' lang='lat' dir='ltr'><strong>aa·</strong></span> <span class='ocrx_word' id='word_1_381' title='bbox 1012 3738 1181 3771; x_wconf 72' lang='lat' dir='ltr'><strong>eonm·</strong></span> <span class='ocrx_word' id='word_1_382' title='bbox 1246 3724 1399 3781; x_wconf 73' lang='lat' dir='ltr'><strong>urbt&#39;e‚</strong></span> <span class='ocrx_word' id='word_1_383' title='bbox 1421 3722 1608 3784; x_wconf 81' lang='lat' dir='ltr'><strong>qnippe</strong></span> <span class='ocrx_word' id='word_1_384' title='bbox 1643 3722 1750 3771; x_wconf 87' lang='lat' dir='ltr'><strong>urbi</strong></span> <span class='ocrx_word' id='word_1_385' title='bbox 1785 3722 2048 3785; x_wconf 65' lang='lat' dir='ltr'><strong>praefixisse</strong></span> <span class='ocrx_word' id='word_1_386' title='bbox 2069 3724 2263 3784; x_wconf 85' lang='lat' dir='ltr'><strong>dicitur,</strong></span> 
     </span>
     <span class='ocr_line' id='line_1_42' title="bbox 180 3780 2265 3853; baseline 0.002 -21"><span class='ocrx_word' id='word_1_387' title='bbox 180 3780 303 3853; x_wconf 64' lang='grc' dir='ltr'><strong>ἄξω]</strong></span> <span class='ocrx_word' id='word_1_388' title='bbox 355 3787 417 3837; x_wconf 93' lang='grc' dir='ltr'><strong>Τ.</strong></span> <span class='ocrx_word' id='word_1_389' title='bbox 437 3788 723 3846; x_wconf 76' lang='lat' dir='ltr'><strong>Quinctius,</strong></span> <span class='ocrx_word' id='word_1_390' title='bbox 753 3802 852 3834; x_wconf 86' lang='lat' dir='ltr'><strong>non</strong></span> <span class='ocrx_word' id='word_1_391' title='bbox 884 3800 1015 3833; x_wconf 80' lang='lat' dir='ltr'><strong>anno</strong></span> <span class='ocrx_word' id='word_1_392' title='bbox 1046 3800 1187 3847; x_wconf 74' lang='lat' dir='ltr'><strong>supe-</strong></span> <span class='ocrx_word' id='word_1_393' title='bbox 1252 3790 1304 3833; x_wconf 88' lang='lat' dir='ltr'><strong>et</strong></span> <span class='ocrx_word' id='word_1_394' title='bbox 1338 3788 1570 3848; x_wconf 70' lang='lat' dir='ltr'><strong>mayn&#39;ster</strong></span> <span class='ocrx_word' id='word_1_395' title='bbox 1604 3789 1822 3851; x_wconf 70' lang='lat' dir='ltr'><strong>equitum</strong></span> <span class='ocrx_word' id='word_1_396' title='bbox 1858 3802 2064 3837; x_wconf 75' lang='lat' dir='ltr'><strong>munera</strong></span> <span class='ocrx_word' id='word_1_397' title='bbox 2096 3788 2265 3837; x_wconf 73' lang='lat' dir='ltr'><strong>omnis</strong></span> 
     </span>
     <span class='ocr_line' id='line_1_43' title="bbox 186 3849 2262 3913; baseline -0.001 -12"><span class='ocrx_word' id='word_1_398' title='bbox 186 3856 313 3909; x_wconf 77' lang='lat' dir='ltr'><strong>nore,</strong></span> <span class='ocrx_word' id='word_1_399' title='bbox 342 3852 431 3901; x_wconf 76' lang='lat' dir='ltr'><strong>sed</strong></span> <span class='ocrx_word' id='word_1_400' title='bbox 462 3852 661 3900; x_wconf 78' lang='lat' dir='ltr'><strong>biennio</strong></span> <span class='ocrx_word' id='word_1_401' title='bbox 682 3856 799 3899; x_wconf 75' lang='lat' dir='ltr'><strong>ante</strong></span> <span class='ocrx_word' id='word_1_402' title='bbox 832 3850 1003 3899; x_wconf 75' lang='lat' dir='ltr'><strong>eonml</strong></span> <span class='ocrx_word' id='word_1_403' title='bbox 1040 3849 1189 3897; x_wconf 78' lang='lat' dir='ltr'><strong>fuisse</strong></span> <span class='ocrx_word' id='word_1_404' title='bbox 1253 3849 1528 3899; x_wconf 69' lang='lat' dir='ltr'><strong>consularia</strong></span> <span class='ocrx_word' id='word_1_405' title='bbox 1553 3852 1922 3913; x_wconf 66' lang='lat' dir='ltr'><strong>exsequebatur.</strong></span> <span class='ocrx_word' id='word_1_406' title='bbox 1987 3852 2186 3901; x_wconf 81' lang='lat' dir='ltr'><strong>Titulus</strong></span> <span class='ocrx_word' id='word_1_407' title='bbox 2205 3851 2262 3899; x_wconf 89' lang='lat' dir='ltr'><strong>il-</strong></span> 
     </span>
     <span class='ocr_line' id='line_1_44' title="bbox 183 3913 2264 3977; baseline 0.002 -18"><span class='ocrx_word' id='word_1_408' title='bbox 183 3920 467 3964; x_wconf 75' lang='lat' dir='ltr'><strong>memoratus</strong></span> <span class='ocrx_word' id='word_1_409' title='bbox 486 3920 575 3963; x_wconf 79' lang='lat' dir='ltr'><strong>est.</strong></span> <span class='ocrx_word' id='word_1_410' title='bbox 634 3916 813 3977; x_wconf 80' lang='lat' dir='ltr'><strong>Itaque</strong></span> <span class='ocrx_word' id='word_1_411' title='bbox 836 3913 914 3963; x_wconf 78' lang='lat' dir='ltr'><strong>vel</strong></span> <span class='ocrx_word' id='word_1_412' title='bbox 936 3914 1031 3961; x_wconf 79' lang='lat' dir='ltr'><strong>hae</strong></span> <span class='ocrx_word' id='word_1_413' title='bbox 1044 3928 1187 3961; x_wconf 78' lang='lat' dir='ltr'><strong>voces</strong></span> <span class='ocrx_word' id='word_1_414' title='bbox 1250 3913 1317 3973; x_wconf 81' lang='lat' dir='ltr'><strong>le,</strong></span> <span class='ocrx_word' id='word_1_415' title='bbox 1346 3916 1590 3965; x_wconf 70' lang='lat' dir='ltr'><strong>consulem</strong></span> <span class='ocrx_word' id='word_1_416' title='bbox 1629 3917 1811 3977; x_wconf 70' lang='lat' dir='ltr'><strong>cepisse</strong></span> <span class='ocrx_word' id='word_1_417' title='bbox 1849 3916 2062 3974; x_wconf 69' lang='lat' dir='ltr'><strong>Cotem,</strong></span> <span class='ocrx_word' id='word_1_418' title='bbox 2095 3914 2264 3977; x_wconf 74' lang='lat' dir='ltr'><strong>spolii·</strong></span> 
     </span>
     <span class='ocr_line' id='line_1_45' title="bbox 182 3975 2261 4045; baseline 0 -19"><span class='ocrx_word' id='word_1_419' title='bbox 182 3987 239 4045; x_wconf 55' lang='grc' dir='ltr'><strong>σᾳ·</strong></span> <span class='ocrx_word' id='word_1_420' title='bbox 256 3980 511 4029; x_wconf 64' lang='lat' dir='ltr'><strong>cannam</strong></span> <span class='ocrx_word' id='word_1_421' title='bbox 530 3980 771 4027; x_wconf 72' lang='lat' dir='ltr'><strong>delendae</strong></span> <span class='ocrx_word' id='word_1_422' title='bbox 792 3982 923 4036; x_wconf 83' lang='lat' dir='ltr'><strong>sunt,</strong></span> <span class='ocrx_word' id='word_1_423' title='bbox 944 3978 1023 4026; x_wconf 80' lang='lat' dir='ltr'><strong>vel</strong></span> <span class='ocrx_word' id='word_1_424' title='bbox 1043 3977 1187 4025; x_wconf 80' lang='lat' dir='ltr'><strong>intel·</strong></span> <span class='ocrx_word' id='word_1_425' title='bbox 1248 3975 1528 4041; x_wconf 77' lang='lat' dir='ltr'><strong>inscriptus,</strong></span> <span class='ocrx_word' id='word_1_426' title='bbox 1568 3992 1629 4027; x_wconf 74' lang='lat' dir='ltr'><strong>ee</strong></span> <span class='ocrx_word' id='word_1_427' title='bbox 1669 3984 1782 4041; x_wconf 78' lang='lat' dir='ltr'><strong>post</strong></span> <span class='ocrx_word' id='word_1_428' title='bbox 1816 3994 1934 4030; x_wconf 76' lang='lat' dir='ltr'><strong>ann.</strong></span> <span class='ocrx_word' id='word_1_429' title='bbox 1974 3991 2066 4042; x_wconf 73' lang='lat'><strong>327</strong></span> <span class='ocrx_word' id='word_1_430' title='bbox 2101 3978 2166 4028; x_wconf 92' lang='lat' dir='ltr'><strong>U.</strong></span> <span class='ocrx_word' id='word_1_431' title='bbox 2202 3978 2261 4027; x_wconf 84' lang='lat' dir='ltr'><strong>C.</strong></span> 
     </span>
     <span class='ocr_line' id='line_1_46' title="bbox 187 4034 1760 4106; baseline 0.003 -19"><span class='ocrx_word' id='word_1_432' title='bbox 187 4034 419 4097; x_wconf 79' lang='lat' dir='ltr'><strong>hgendum</strong></span> <span class='ocrx_word' id='word_1_433' title='bbox 441 4048 515 4091; x_wconf 78' lang='lat' dir='ltr'><strong>est</strong></span> <span class='ocrx_word' id='word_1_434' title='bbox 537 4043 597 4092; x_wconf 92' lang='lat' dir='ltr'><strong>T.</strong></span> <span class='ocrx_word' id='word_1_435' title='bbox 620 4042 933 4101; x_wconf 82' lang='lat' dir='ltr'><strong>Quinctium,</strong></span> <span class='ocrx_word' id='word_1_436' title='bbox 954 4043 1189 4091; x_wconf 79' lang='lat' dir='ltr'><strong>alterutro</strong></span> <span class='ocrx_word' id='word_1_437' title='bbox 1252 4048 1400 4104; x_wconf 74' lang='lat' dir='ltr'><strong>cepta</strong></span> <span class='ocrx_word' id='word_1_438' title='bbox 1420 4043 1568 4092; x_wconf 68' lang='lat' dir='ltr'><strong>fixisse</strong></span> <span class='ocrx_word' id='word_1_439' title='bbox 1587 4043 1760 4106; x_wconf 72' lang='lat' dir='ltr'><strong>arguit.</strong></span> 
     </span>
     <span class='ocr_line' id='line_1_47' title="bbox 186 4104 2263 4175; baseline -0.001 -21"><span class='ocrx_word' id='word_1_440' title='bbox 186 4112 243 4148; x_wconf 71' lang='lat' dir='ltr'><strong>ex</strong></span> <span class='ocrx_word' id='word_1_441' title='bbox 272 4106 507 4167; x_wconf 79' lang='lat' dir='ltr'><strong>prioribus</strong></span> <span class='ocrx_word' id='word_1_442' title='bbox 538 4106 823 4156; x_wconf 79' lang='lat' dir='ltr'><strong>consulibus</strong></span> <span class='ocrx_word' id='word_1_443' title='bbox 851 4111 1063 4165; x_wconf 84' lang='lat' dir='ltr'><strong>mortuo,</strong></span> <span class='ocrx_word' id='word_1_444' title='bbox 1092 4104 1187 4153; x_wconf 74' lang='lat' dir='ltr'><strong>suf-</strong></span> <span class='ocrx_word' id='word_1_445' title='bbox 1315 4121 1349 4170; x_wconf 90' lang='lat'>9</span> <span class='ocrx_word' id='word_1_446' title='bbox 1382 4108 1590 4171; x_wconf 69' lang='lat' dir='ltr'><strong>Effecit]</strong></span> <span class='ocrx_word' id='word_1_447' title='bbox 1637 4106 1824 4157; x_wconf 79' lang='lat' dir='ltr'><strong>Melius</strong></span> <span class='ocrx_word' id='word_1_448' title='bbox 1853 4107 2054 4155; x_wconf 77' lang='lat' dir='ltr'><strong>fortasse</strong></span> <span class='ocrx_word' id='word_1_449' title='bbox 2085 4106 2263 4175; x_wconf 77' lang='lat' dir='ltr'><strong>legere-</strong></span> 
     </span>
     <span class='ocr_line' id='line_1_48' title="bbox 187 4162 2265 4221; baseline -0.001 -7"><span class='ocrx_word' id='word_1_450' title='bbox 187 4162 359 4218; x_wconf 73' lang='lat' dir='ltr'><strong>fectum</strong></span> <span class='ocrx_word' id='word_1_451' title='bbox 381 4172 631 4220; x_wconf 78' lang='lat' dir='ltr'><strong>eonmlem</strong></span> <span class='ocrx_word' id='word_1_452' title='bbox 652 4170 855 4220; x_wconf 82' lang='lat' dir='ltr'><strong>tertium</strong></span> <span class='ocrx_word' id='word_1_453' title='bbox 874 4169 1036 4219; x_wconf 76' lang='lat' dir='ltr'><strong>fuisse.</strong></span> <span class='ocrx_word' id='word_1_454' title='bbox 1070 4170 1165 4219; x_wconf 70' lang='lat' dir='ltr'><strong>Cn.</strong></span> <span class='ocrx_word' id='word_1_455' title='bbox 1251 4185 1363 4219; x_wconf 80' lang='lat' dir='ltr'><strong>mus</strong></span> <span class='ocrx_word' id='word_1_456' title='bbox 1404 4186 1520 4220; x_wconf 87' lang='lat' dir='ltr'><strong>cum</strong></span> <span class='ocrx_word' id='word_1_457' title='bbox 1557 4172 1685 4221; x_wconf 80' lang='lat' dir='ltr'><strong>Tan.</strong></span> <span class='ocrx_word' id='word_1_458' title='bbox 1724 4170 1884 4220; x_wconf 78' lang='lat' dir='ltr'><strong>Fabro</strong></span> <span class='ocrx_word' id='word_1_459' title='bbox 1927 4176 1979 4218; x_wconf 85' lang='lat' dir='ltr'><strong>et</strong></span> <span class='ocrx_word' id='word_1_460' title='bbox 2017 4166 2265 4216; x_wconf 70' lang='lat' dir='ltr'><strong>Gronovio</strong></span> 
     </span>
     <span class='ocr_line' id='line_1_49' title="bbox 248 4233 2265 4298; baseline -0.003 -14"><span class='ocrx_word' id='word_1_461' title='bbox 248 4241 273 4292; x_wconf 86' lang='grc'><strong>7</strong></span> <span class='ocrx_word' id='word_1_462' title='bbox 300 4237 381 4285; x_wconf 79' lang='lat' dir='ltr'><strong>Ne</strong></span> <span class='ocrx_word' id='word_1_463' title='bbox 415 4252 517 4284; x_wconf 74' lang='lat' dir='ltr'><strong>non</strong></span> <span class='ocrx_word' id='word_1_464' title='bbox 548 4236 733 4298; x_wconf 68' lang='lat' dir='ltr'><strong>ponet]</strong></span> <span class='ocrx_word' id='word_1_465' title='bbox 794 4234 945 4283; x_wconf 74' lang='lat' dir='ltr'><strong>Hane</strong></span> <span class='ocrx_word' id='word_1_466' title='bbox 980 4233 1185 4295; x_wconf 79' lang='lat' dir='ltr'><strong>seriptu-</strong></span> <span class='ocrx_word' id='word_1_467' title='bbox 1248 4236 1422 4297; x_wconf 76' lang='lat' dir='ltr'><strong>offecit.</strong></span> <span class='ocrx_word' id='word_1_468' title='bbox 1444 4236 1608 4285; x_wconf 61' lang='grc' dir='ltr'><strong>(ἷκεν.</strong></span> <span class='ocrx_word' id='word_1_469' title='bbox 1649 4237 1826 4298; x_wconf 73' lang='lat' dir='ltr'><strong>Offem’t</strong></span> <span class='ocrx_word' id='word_1_470' title='bbox 1847 4234 1900 4283; x_wconf 85' lang='lat' dir='ltr'><strong>in</strong></span> <span class='ocrx_word' id='word_1_471' title='bbox 1922 4236 2114 4282; x_wconf 80' lang='lat' dir='ltr'><strong>textum</strong></span> <span class='ocrx_word' id='word_1_472' title='bbox 2136 4244 2265 4279; x_wconf 85' lang='lat' dir='ltr'><strong>rece-</strong></span> 
     </span>
     <span class='ocr_line' id='line_1_50' title="bbox 190 4297 1561 4369; baseline -0.001 -21"><span class='ocrx_word' id='word_1_473' title='bbox 190 4304 297 4369; x_wconf 64' lang='lat' dir='ltr'><strong>muJ,</strong></span> <span class='ocrx_word' id='word_1_474' title='bbox 338 4314 463 4361; x_wconf 70' lang='lat' dir='ltr'><strong>qnae</strong></span> <span class='ocrx_word' id='word_1_475' title='bbox 516 4314 549 4347; x_wconf 77' lang='lat' dir='ltr'><strong>a</strong></span> <span class='ocrx_word' id='word_1_476' title='bbox 602 4298 801 4362; x_wconf 75' lang='lat' dir='ltr'><strong>Sigania</strong></span> <span class='ocrx_word' id='word_1_477' title='bbox 854 4304 946 4358; x_wconf 82' lang='lat' dir='ltr'><strong>est,</strong></span> <span class='ocrx_word' id='word_1_478' title='bbox 986 4303 1188 4347; x_wconf 83' lang='lat' dir='ltr'><strong>tuentur</strong></span> <span class='ocrx_word' id='word_1_479' title='bbox 1251 4297 1325 4360; x_wconf 85' lang='lat' dir='ltr'><strong>pit</strong></span> <span class='ocrx_word' id='word_1_480' title='bbox 1348 4298 1561 4347; x_wconf 86' lang='lat' dir='ltr'><strong>Bekker.</strong></span> 
     </span>
     <span class='ocr_line' id='line_1_51' title="bbox 190 4362 1185 4422; baseline 0.002 -13"><span class='ocrx_word' id='word_1_481' title='bbox 190 4362 341 4422; x_wconf 68' lang='lat' dir='ltr'><strong>scripti</strong></span> <span class='ocrx_word' id='word_1_482' title='bbox 362 4378 531 4415; x_wconf 77' lang='lat' dir='ltr'><strong>omnes</strong></span> <span class='ocrx_word' id='word_1_483' title='bbox 552 4363 717 4413; x_wconf 82' lang='lat' dir='ltr'><strong>nostri.</strong></span> <span class='ocrx_word' id='word_1_484' title='bbox 766 4362 1001 4412; x_wconf 74' lang='lat' dir='ltr'><strong>Libenter</strong></span> <span class='ocrx_word' id='word_1_485' title='bbox 1019 4368 1185 4411; x_wconf 77' lang='lat' dir='ltr'><strong>tamen</strong></span> 
     </span>
    </p>
   </div>
   <div class='ocr_carea' id='block_1_5' title="bbox 268 4442 1922 4491">
    <p class='ocr_par' dir='ltr' id='par_1_8' title="bbox 268 4442 1922 4491">
     <span class='ocr_line' id='line_1_52' title="bbox 268 4442 1922 4491; baseline -0.002 -4"><span class='ocrx_word' id='word_1_486' title='bbox 268 4442 407 4489; x_wconf 78' lang='lat' dir='ltr'><strong>VOL.</strong></span> <span class='ocrx_word' id='word_1_487' title='bbox 442 4446 483 4491; x_wconf 90' lang='lat'><strong>1.</strong></span> <span class='ocrx_word' id='word_1_488' title='bbox 1891 4442 1922 4483; x_wconf 84' lang='grc' dir='ltr'><strong>Β</strong></span> 
     </span>
    </p>
   </div>
  </div>
 </body>
</html>
