3000 4784
444 649 565 743 T.
660 650 1075 747 LIVII
1174 651 1962 753 PATAVINI
2047 600 2058 611 ’

806 941 1323 1023 LIBER
1442 943 1599 1027 VI.

1006 1198 1397 1239 ---0-—-

314 1446 507 1513 UAE
537 1449 616 1512 ab
639 1448 897 1513 condita
918 1448 1072 1512 urbe
1099 1447 1311 1513 Roma
1339 1448 1421 1513 ad
1450 1460 1700 1535 captam
1730 1450 1999 1515 eandem
2030 1453 2252 1517 urbem
2273 1472 2341 1523 U.
2365 1474 2424 1523 c.
2451 1474 2559 1537 365.

152 1456 302 1621 Q
358 1534 633 1599 Romani
680 1535 798 1598 sub
844 1534 1099 1633 regibus
1144 1534 1439 1620 primum,
1486 1535 1851 1599 consulibus
1897 1536 2130 1603 deinde
2178 1562 2252 1603 ac
2271 1538 2332 1586 A.
2365 1539 2426 1587 C·
2449 1540 2560 1601 387·

140 1620 585 1697 dictatoribus,
607 1620 1107 1705 decemvirisque
1131 1642 1203 1683 ac
1229 1619 1497 1683 tribunis
1521 1620 1954 1685 consularibus
1981 1646 2250 1710 gessere,

140 1706 306 1770 foris
354 1704 537 1783 bella,
586 1706 761 1771 domi
811 1704 1173 1782 seditiones,
1222 1705 1508 1792 quinque
1559 1706 1734 1771 libris
1787 1710 2092 1795 exposui3
2153 1732 2253 1775 res
2271 1728 2460 1777 Rerum
2483 1746 2568 1779 an-

144 1815 357 1879 quum
388 1804 695 1855 vetustate
726 1792 927 1855 nimia
954 1792 1265 1868 obscuras,
1290 1791 1466 1856 velut
1488 1814 1653 1877 quae
1683 1816 1916 1879 magno
1945 1816 2028 1859 ex
2057 1795 2253 1861 inter-
2269 1792 2516 1868 tiquarqm

142 1878 319 1941 vallo
364 1876 488 1941 loci
532 1878 641 1941 vix
688 1890 1074 1953 cemuntur3
1122 1890 1258 1941 tum
1306 1878 1481 1964 quod
1528 1900 1756 1964 parvae
1804 1892 1871 1944 et
1915 1903 2090 1945 rarae
2135 1904 2254 1982 per
2269 1857 2550 1907 obscuntss.

94 1996 117 2029 ι
144 1964 379 2029 eadem
412 1976 697 2050 tempora
722 1962 943 2027 literae
971 1962 1169 2040 fuere,
1200 1984 1331 2027 una
1358 1964 1646 2027 custodia
1671 1965 1877 2029 fidelis
1911 1988 2250 2033 memoriae

142 2072 365 2114 rerum
415 2064 772 2135 gestarumi
821 2060 888 2112 et
971 2048 1119 2124 uod,
1166 2049 1411 2113 etiamsi
1455 2071 1620 2135 quae
1668 2050 1737 2113 in
1784 2054 2251 2118 commentariis

144 2135 531 2235 pontificum
560 2134 825 2221 aliisque
858 2072 1131 2221 ptilssicis
1164 2133 1549 2221 privatisque
1585 2147 1768 2198 erant
1801 2140 2249 2215 monumentis,

92 2254 123 2285 2
146 2244 415 2285 incensa
456 2221 609 2285 urbe
653 2220 994 2308 pleraeque
1038 2220 1351 2283 interiere.
1449 2218 1735 2284 Clariora
1775 2219 2076 2309 deinceps
2116 2238 2253 2287 cer*
2269 2243 2461 2293 clarior
2480 2246 2580 2295 iam

150 2307 443 2395 tioraque
472 2307 551 2370 ab
580 2306 861 2371 secunda
890 2306 1152 2393 origine,
1183 2305 1359 2369 velut
1394 2306 1473 2369 ab
1509 2306 1805 2393 stirpibus
1839 2307 2063 2373 laetius
2089 2308 2253 2374 fera—
2270 2308 2540 2383 certiorque

148 2394 419 2479 eiusque
458 2406 713 2457 renatae
755 2392 945 2469 urbis,
1056 2404 1154 2455 sta
1180 2390 1355 2456 domi
1396 2390 1786 2478 militiaeque
1827 2409 2245 2481 exponentur.
2268 2371 2516 2486 ’ἓξᾟξξι

154 2478 465 2543 Ceterum
498 2501 627 2566 quo
670 2478 876 2579 primo
1002 2477 1305 2542 miniculo
1344 2489 1556 2541 erecta
1593 2492 1746 2555 erat,
1777 2479 2003 2544 eodem
2045 2480 2253 2547 innisa

152 2564 255 2628 M.
284 2562 473 2629 Furio
500 2565 787 2653 principe
818 2564 1029 2629 stetit:
1079 2586 1289 2652 neque
1320 2585 1469 2628 eum
1499 2562 1791 2627 abdicare
1822 2586 1888 2628 se
1919 2565 2249 2645 dictatura,

92 2674 125 2722 3
150 2650 282 2714 nisi
311 2672 477 2716 anno
507 2649 906 2727 circumactO,
938 2651 1104 2737 passi
1132 2664 1297 2735 sunt.
1394 2648 1677 2713 Comitia
1711 2650 1778 2713 in
1807 2650 2250 2738 insequentem

151 2758 396 2800 annum
437 2736 722 2801 tribunos
758 2736 1014 2813 habere,
1046 2759 1317 2823 quorum
1356 2736 1425 2800 in
1466 2735 1836 2823 magistratu
1877 2750 2064 2825 capta
2104 2740 2252 2803 urbs

151 2834 340 2899 esset,
392 2845 523 2887 non
575 2821 851 2909 placuitz
916 2844 1017 2887 res
1076 2822 1159 2886 ad
1216 2823 1652 2910 interregnum
1709 2823 1916 2888 rediit.
2029 2824 2251 2900 Quum
2269 2848 2338 2905 Q,
2361 2847 2546 2897 Fabius

150 2908 375 2972 civitas
420 2908 489 2972 in
539 2930 727 2995 opere
775 2930 847 2972 ac
890 2907 1100 2973 labore
1146 2909 1397 2973 assiduo
1440 2910 1821 2975 reficiendae
1861 2911 2033 2975 urbis
2071 2924 2254 2977 tene-
2267 2918 2542 2989 aecusatus,

150 3008 352 3070 retur,
381 2994 637 3061 intefim
671 2993 753 3069 Q„
780 2993 998 3071 Fabio,
1028 2994 1215 3058 simul
1255 2996 1532 3081 primum
1569 2996 1938 3083 magistratu
1966 2998 2140 3076 abiit,
2172 3000 2252 3064 ab
2269 2981 2486 3026 mm*-

156 3080 241 3146 C.
278 3079 522 3145 Marcio
566 3080 822 3145 tribuno
868 3079 1071 3168 plebis
1118 3080 1288 3145 dicta
1330 3081 1466 3145 dies
1510 3094 1625 3158 est,
1672 3082 1848 3169 quod
1893 3083 2138 3184 legatus
2183 3086 2252 3149 in

158 3164 399 3244 Gallos,
432 3166 515 3230 ad
543 3188 703 3266 quos
732 3165 957 3231 missus
986 3179 1121 3230 erat
1150 3178 1377 3243 orator,
1409 3178 1632 3231 contra
1667 3168 1768 3231 ius
1805 3182 2093 3254 gentium
2133 3192 2254 3255 pu-

148 3266 446 3339 gnasset:
494 3276 601 3317 cui
643 3251 880 3316 iudicio
920 3239 1069 3327 eum
1109 3274 1298 3329 mors,
1330 3251 1491 3315 adeo
1521 3266 1896 3337 opportuna,
1927 3267 1999 3318 ut
2030 3254 2252 3319 volun-

236 3495 255 3528 ι
300 3482 519 3540 Lim]
580 3478 775 3528 Literae
816 3479 1018 3541 quaevis
1060 3485 1175 3527 sunt

154 3545 441 3606 scripturae,
456 3550 507 3591 et
522 3542 703 3605 ingenii
722 3550 1043 3591 monumenta
1060 3558 1172 3591 con-

154 3609 339 3669 scripta
358 3607 607 3669 literisque
622 3606 825 3665 traditu
850 3612 999 3668 atque
1021 3622 1172 3669 oppo-

154 3678 341 3720 nuntur
358 3672 503 3719 rebus
522 3670 657 3719 fama
676 3671 885 3729 traditis,
900 3678 1049 3732 atque
1080 3670 1174 3719 hae

156 3736 331 3784 literae
354 3735 529 3783 merito
558 3749 677 3782 mox
698 3734 929 3782 dicuntur
946 3750 1053 3783 una
1074 3734 1106 3783 i.
1130 3750 1172 3784 e.

156 3798 319 3858 unica,
338 3799 460 3857 sola,
480 3800 699 3847 custodia
717 3800 886 3861 fidelis
906 3813 1067 3847 rerum
1093 3813 1170 3860 ge-

154 3870 355 3911 starum.
390 3861 621 3911 Gnoson

222 3941 251 3974 α
282 3928 553 3989 Pleraeque
572 3927 829 3987 Μηίων]
858 3924 995 3974 Hinc
1018 3925 1173 3986 liquet

154 4004 304 4052 quam
336 4004 509 4053 parum
542 3990 841 4038 credendum
867 3990 931 4037 sit
961 3988 1022 4037 iis
1047 4004 1173 4050 quae

152 4058 273 4102 aute
284 4054 451 4101 urbem
464 4053 714 4101 incensam
727 4058 1005 4101 narrantur:
1030 4052 1169 4113 quip-

156 4133 223 4181 pe
262 4115 352 4178 ipsi
396 4116 685 4179 pontificum
726 4117 947 4175 annales,
983 4115 1171 4164 ratione

150 4190 429 4243 temporum
454 4186 585 4229 retro
615 4182 681 4228 ab
711 4180 807 4228 hoc
834 4186 1015 4228 eventu
1042 4194 1170 4227 com·

156 4250 344 4308 putata,
365 4246 429 4293 de
460 4245 649 4307 integro
674 4243 885 4293 confecti
911 4249 1049 4301 sunt3
1078 4260 1169 4293 nec

152 4310 409 4372 quisquam
458 4310 683 4371 aequalis
724 4309 1017 4371 temporibus
1068 4308 1171 4355 iuis

154 4374 359 4435 scriptor
377 4378 554 4431 exstat,
574 4388 671 4435 quo
690 4374 813 4421 satis
832 4378 960 4420 certo
974 4378 1172 4420 auctore

1236 3485 1407 3529 stetur.
1440 3476 1552 3526 infr.
1575 3476 1672 3526 viii.
1697 3492 1776 3539 40.

1304 3557 1332 3604 3
1364 3544 1481 3591 N‘m·
1510 3558 1642 3590 anno
1661 3544 1974 3603 circmnacto]
2012 3542 2148 3601 Non,
2167 3559 2252 3593 an-

1238 3621 1305 3654 no
1347 3607 1518 3667 elapso
1560 3620 1592 3652 s
1628 3605 1872 3653 dictatura
1909 3612 2132 3667 accepts,
2167 3609 2254 3657 sed

1238 3669 1534 3719 circumacto
1554 3683 1684 3717 anno
1705 3672 1946 3728 currente,
1965 3673 2024 3717 ut
2044 3670 2256 3720 dictator

1240 3734 1421 3795 pariter
1453 3748 1566 3781 cum
1599 3732 1810 3781 tribunis
1843 3732 2058 3781 militum
2103 3736 2252 3799 magi-
2341 3728 2348 3735 “

1236 3804 1441 3845 stratum
1463 3798 1745 3857 deponeret.
1813 3796 1928 3846 Hoc
1962 3798 2172 3860 probant
2191 3815 2252 3849 ea

1238 3862 1400 3919 verba,
1468 3876 1595 3921 quae
1670 3861 1892 3922 proxime
1967 3870 2252 3924 sequuntur.

1236 3926 1398 3974 cuv,
1464 3924 1674 3973 Necnon
1697 3936 1848 3985 quum
1877 3926 2014 3973 Galli
2048 3926 2098 3975 in
2132 3923 2252 3976 urbe

1236 3994 1427 4049 septem
1468 4003 1660 4037 menses
1713 3994 1824 4051 post
1865 3994 2061 4051 captam
2111 3990 2250 4038 illam

1233 4051 1540 4111 mansissent,
1581 4052 1756 4114 Polyb.
1807 4051 1858 4100 ii.
1905 4067 1983 4111 αα,
2022 4059 2254 4114 quattuor

1234 4129 1425 4163 menses
1476 4122 1530 4162 et
1569 4114 1848 4175 quindecim
1895 4113 2000 4163 dies
2039 4120 2253 4163 tantum-
2338 4172 2347 4177 -

1234 4179 1399 4253 modo·
1418 4185 1720 4240 supererant,
1750 4177 1926 4239 quibus
1959 4178 2138 4238 elapsis
2169 4192 2254 4225 an-

1232 4257 1338 4363 an‘
1356 4248 1779 4355 ww,
1810 4246 1960 4301 atque
1993 4238 2256 4290 Kalendae

1288 4320 1373 4354 um
1462 4320 1506 4353 is
1693 4320 1724 4353 n
1749 4338 1762 4352 .
