3000 4784
348 345 419 396 U.
442 345 502 394 C.
526 355 637 407 459.

349 411 413 460 A.
446 410 508 460 C.
531 420 640 473 293·

668 203 798 262 610
1438 195 1662 264 ΤΙΤῙ
1718 197 1992 266 LIVII

676 333 1083 398 dimicatione
1128 346 1338 397 votam
1382 357 1423 398 a
1466 335 1556 398 ud
1601 337 1928 400 neminem
1969 346 2252 399 veterem
2297 349 2638 401 auctorem
2687 338 2776 402 in-

676 421 886 496 venio,
918 419 1181 519 (neque,
1211 419 1363 484 herc
1433 443 1490 498 e,
1517 432 1646 485 tam
1675 422 1912 508 exiguo
1941 433 2225 509 tempore
2255 421 2571 508 perficere
2603 437 2778 511 potu-

678 504 861 592 isset)
890 506 968 570 ab
1004 504 1310 592 dictatore
1351 520 1531 594 patre
1560 519 1796 585 votam,
1827 507 1994 572 filius
2031 507 2258 571 consul
2295 507 2651 586 dedicavit,
2677 532 2780 574 ex-

679 593 1052 678 ornavitque
1094 591 1373 656 hostium
1416 592 1664 679 spoliis:
1715 615 1987 680 quorum
2031 605 2210 658 tanta
2248 593 2609 660 multitudo
2651 595 2778 670 fuit,

678 691 755 742 ut
782 701 914 743 non
945 676 1253 763 templum
1290 690 1542 743 tantum
1581 679 1918 766 forumque
1947 678 2046 742 his
2075 692 2428 756 ornaretur,
2459 680 2584 745 sed
2611 681 2782 745 sociis

680 765 873 829 etiam
916 763 1284 850 colonisque
1320 764 1626 841 finitimis,
1658 765 1742 828 ad
1781 778 1910 830 tem
1956 764 2162 829 lorum
2205 766 2634 852 locorumque
2675 789 2784 853 pu·

678 849 988 915 blicorum
1016 863 1329 927 ornatum,
1360 848 1813 915 dividerentur.
1884 787 1957 914 K
1978 851 2303 938 triumpho
2331 853 2700 917 exercitum
2723 854 2782 916 in

680 959 901 1036 agrum
932 933 1303 1014 Vescinum,
1334 937 1486 1024 quia
1514 937 1690 1024 regio
1719 959 1796 1001 ea
1823 937 2051 1001 infesta
2089 937 2172 1001 ab
2205 937 2614 1002 Samnitibus
2639 953 2784 1016 erat,

678 1022 1085 1088 hibernatum
1112 1021 1315 1088 duxit.

354 1119 597 1172 Tronium
616 1119 667 1168 in
770 1107 951 1172 Inter
975 1107 1135 1174 haec
1170 1107 1485 1174 Carvilius
1507 1109 1750 1187 consul,
1772 1110 1841 1172 in
1875 1107 2132 1174 Etruria
2160 1109 2488 1210 Troilium·
2511 1112 2783 1210 primum
2799 1129 2826 1170 4

356 1185 557 1236 Etruria

354 1255 556 1313 ceptum
575 1265 607 1298 a

354 1312 587 1365 Carvilio.

356 1799 559 1850 Carvilii
584 1797 665 1847 tri·

354 1864 585 1928 umphus.

684 1217 1052 1283 oppugnare
1096 1195 1371 1272 adortus,
1418 1195 1922 1295 quadringentos
1961 1219 2028 1259 se
2078 1197 2364 1282 tuaginta
2421 1197 2784 1274 ditissimos,

683 1283 957 1370 pecunia
1058 1281 1209 1345 andi
1237 1295 1474 1368 pactOS,
1507 1296 1579 1347 ut
1616 1283 1788 1345 abire
1827 1281 1980 1346 inde
2068 1295 2258 1358 ceret,
2289 1281 2536 1346 dimisit
2553 1307 2572 1346 :
2621 1299 2786 1346 cete-

682 1390 819 1432 ram
877 1390 942 1431 m
1012 1367 1355 1433 titudinem
1413 1368 1852 1456 oppidumque
1923 1367 2134 1454 ipsum
2187 1369 2253 1431 vi
2310 1368 2502 1454 cepit.
2627 1367 2787 1433 Inde

681 1455 969 1603 guin-que
997 1454 1459 1604 gastellzhllocis
1486 1455 1628 1604 sidt}
1645 1454 1927 1552 munitiS,
1959 1453 2678 1603 expugrgivithiffiaesa
2701 1455 2788 1554 ibi

686 1552 1085 1690 12:2⁸}ssss
1088 1563 1760 1726 ‘'atzmfflssffiffiff
1743 1553 2790 1725 sssszffiffuffiffdeffispffi

684 1725 945 1776 centum
966 1712 1051 1775 m'
1126 1735 1165 1775 a
1183 1735 1390 1798 gram
1410 1713 1593 1789 aeriS,
1617 1725 1684 1776 et
1703 1712 1783 1774 sti
1829 1711 2095 1774 endium
2117 1711 2254 1775 eius
2283 1712 2436 1774 anni
2457 1711 2786 1776 militibus-

684 1795 809 1860 His
836 1797 1026 1860 rebus
1054 1797 1209 1860 actis
1239 1797 1323 1860 ad
1352 1797 1748 1884 triumphum
1778 1734 2066 1873 decessit,
2091 1810 2163 1861 ut
2191 1798 2402 1860 minus
2429 1797 2680 1862 clarum
2709 1797 2832 1869 des

688 1881 1093 1957 SamnitibuS,
1140 1903 1335 1968 quam
1377 1882 1657 1969 collegae
1711 1882 2069 1969 triumphus
2111 1882 2335 1960 fuerat,
2379 1883 2472 1947 ita
2529 1884 2788 1948 cumulo

684 1966 939 2032 Etrusci
966 1967 1117 2032 belli
1148 1981 1508 2055 aequatum.
1603 1968 1792 2032 Aeris
1813 1969 2020 2055 gravis
2041 1969 2190 2041 tulit
2216 1969 2285 2032 in
2315 1969 2636 2034 aerarium
2665 1983 2790 2034 tre·

682 2068 871 2120 centa
908 2054 1233 2140 octoginta
1261 2054 1493 2118 millia:
1544 2054 1626 2118 de
1667 2054 1914 2142 reliquo
1955 2077 2100 2122 aere
2137 2054 2362 2119 aedem
2393 2054 2606 2120 Fortis
2637 2056 2833 2121 For-6

683 2156 875 2206 tunae
928 2139 1009 2204 de
1058 2141 1372 2206 manubiis
1421 2139 1779 2204 faciendam
1829 2140 2078 2217 locavit,
2121 2162 2318 2227 prope
2371 2140 2602 2206 aedem
2655 2143 2790 2206 eius

634 2229 640 2236 '
684 2227 842 2292 deae
874 2227 955 2290 ab
981 2249 1133 2326 rege
1166 2227 1300 2290 Ser.
1334 2225 1551 2290 Tullio
1581 2225 1973 2290 dedicatam:
2023 2239 2086 2290 et
2117 2227 2422 2291 militibus
2444 2249 2532 2291 ex
2553 2228 2790 2314 praeda

682 2326 985 2377 centenos
1013 2313 1199 2377 binos
1228 2334 1411 2389 assoe,
1436 2326 1504 2376 et
1524 2312 1794 2376 alterum
1819 2326 2068 2376 tantum
2089 2312 2572 2377 centurionibus
2593 2327 2786 2400 atquc
2805 2336 2833 2385 7

684 2399 1022 2484 equitibus»,
1055 2397 1448 2485 malignitate
1478 2397 1757 2485 collegae
1780 2399 2020 2484 gratius
2043 2399 2500 2485 accipientibus
2529 2422 2784 2476 munim,
2803 2409 2831 2456 8

682 2484 913 2548 divisit.
1006 2483 1210 2549 Favor
1248 2483 1524 2548 consulis
1565 2496 1808 2548 tutatus
1849 2484 1932 2548 ad
1975 2484 2286 2572 populum
2315 2496 2411 2549 est
2439 2483 2516 2548 L.
2554 2484 2832 2557 Posui-9

688 2721 940 2784 Papirium
980 2720 1191 2783 primum
1234 2721 1463 2770 solarium
1509 2721 1699 2770 horolo-
1767 2721 1932 2771 Roma
1947 2721 2128 2770 Antica
2142 2721 2220 2770 vii.
2236 2737 2255 2769 1
2269 2737 2308 2770 1.
2343 2723 2423 2770 De
2445 2721 2637 2786 reliquo
2655 2737 2787 2780 aere,

682 2786 817 2847 gium
850 2785 1074 2834 statmsse
1096 2785 1259 2834 scribit
1283 2786 1413 2834 Plin.
1438 2785 1509 2833 H.
1532 2785 1601 2833 N.
1621 2785 1700 2833 vii.
1764 2787 1824 2834 de
1851 2787 2098 2834 manubiis
2120 2786 2169 2834 h.
2193 2801 2236 2834 e.
2259 2784 2323 2833 de
2353 2785 2544 2846 reliqua
2577 2787 2788 2847 praedae

684 2847 763 2898 60.
810 2851 941 2910 quod
984 2850 1112 2898 inter
1154 2849 1393 2912 primitias
1431 2848 1702 2910 spoliorum
1767 2854 1926 2912 parte,
1953 2855 2004 2898 et
2033 2849 2234 2910 quidem
2265 2863 2342 2906 ea,
2363 2863 2490 2909 quae
2521 2851 2786 2898 mm

684 2911 979 2960 Samnitium
1002 2912 1151 2961 fuisse
1172 2918 1317 2975 putat
1338 2915 1387 2961 N
1392 2913 1546 2962 iebhr.
1568 2911 1636 2961 iii.
1652 2929 1699 2962 n.
1767 2917 1920 2961 erant.
1956 2913 2070 2962 Sta.
2109 2913 2387 2962 Manubiae
2405 2911 2555 2960 tertia
2576 2913 2786 2974 praedae

689 2985 795 3036 725.
1767 2991 1897 3040 pars,
1918 2991 2046 3038 quae
2073 2975 2352 3038 imperatori
2378 2976 2570 3023 solebat
2593 2975 2717 3032 dari,
2737 2983 2786 3024 et

737 3039 1040 3099 4Trm'1ium]
1052 3039 1308 3102 Oppidum
1323 3039 1562 3102 ignotum.
1586 3039 1702 3089 For·
1767 3042 1830 3088 ab
1877 3055 1936 3088 eo
1972 3040 2025 3088 in
2069 3039 2425 3088 monimentum
2467 3037 2672 3100 aliquod
2715 3054 2788 3087 oxb

686 3108 738 3150 te
761 3102 851 3165 leg.
874 3105 1171 3162 Trossulum,
1192 3118 1308 3166 opp.
1336 3103 1583 3163 Etruriae,
1603 3119 1702 3152 non
1768 3109 2118 3152 numentumve
2150 3103 2406 3165 publicum
2437 3103 2679 3152 consumi.
2725 3104 2788 3151 cf.

688 3167 831 3229 longe
852 3183 883 3216 a
903 3172 1071 3216 monte
1088 3167 1341 3228 Fiascone,
1356 3165 1495 3231 (hod.
1511 3166 1702 3231 Tmo)

686 3231 931 3345 20:³13?ss
934 3231 1703 3345 effiffissffissssffi

686 3364 801 3472 {ent
824 3359 953 3408 Plin.
979 3359 1049 3408 H.
1075 3359 1142 3409 N.
1166 3359 1338 3408 xxxiii.
1363 3373 1406 3408 2.
1439 3365 1490 3408 et
1513 3359 1702 3407 Festus.

741 3437 820 3471 ur.

814 3490 901 3536 Aa
929 3487 1231 3550 trimphum
1258 3489 1479 3546 decessit]
1517 3486 1704 3536 Contra

686 3549 739 3597 in
801 3557 890 3600 ast.
910 3551 1073 3613 Capit.
1092 3551 1362 3600 Carvilium
1386 3551 1538 3612 prius,
1555 3563 1703 3611 quam

687 3615 947 3675 collegam,
959 3615 1284 3676 triumphasse
1300 3615 1522 3676 legimus.
1572 3615 1704 3662 Nec-

685 3691 785 3724 non
814 3691 897 3750 ap.
932 3677 1063 3729 Plin.
1087 3679 1157 3727 H.
1182 3679 1250 3727 N.
1277 3679 1443 3728 xxxiv.
1484 3679 1558 3727 18.
1591 3677 1702 3726 scri-

684 3744 829 3802 ptum
848 3740 1140 3799 invenimu&
1154 3742 1424 3791 Carvilium
1446 3743 1497 3790 in
1520 3757 1704 3790 memo-

684 3803 807 3851 riam
831 3803 1060 3852 victoriae
1080 3819 1197 3852 suae
1218 3806 1277 3854 de
1298 3809 1601 3855 Samnitibus
1631 3822 1703 3854 re-

687 3873 909 3930 portatae
950 3867 1190 3916 aheneum
1222 3868 1357 3916 Iovis
1394 3875 1606 3918 statuam
1645 3885 1706 3919 ea

686 3935 835 3993 mole,
870 3938 927 3981 ut
953 3933 1017 3981 ab
1054 3931 1247 3978 Albano
1284 3937 1453 3981 monte
1486 3933 1702 3994 conspici

686 4003 867 4058 posset,
888 3997 939 4045 in
961 3993 1209 4058 Capitolio
1234 3995 1463 4057 posuisae.

750 4060 783 4109 6
814 4063 995 4110 Aedem
1022 4061 1185 4109 Fortis
1217 4061 1494 4120 Fortunae]
1544 4060 1703 4108 Trans

686 4123 919 4174 Tiberim.
998 4125 1258 4174 Donatus:
1309 4125 1536 4173 Fortuna
1573 4125 1702 4172 dicta

684 4195 756 4236 eet
780 4190 968 4238 incerta
988 4205 1083 4249 res,
1104 4191 1229 4238 Fors
1250 4191 1474 4238 Fortuna
1503 4194 1704 4238 ovetum

673 4253 915 4311 fortunae
948 4254 1111 4301 bonus.
1159 4253 1221 4302 cf.
1248 4254 1311 4301 ad
1340 4253 1458 4301 Tac.
1488 4253 1616 4300 Anu.
1651 4251 1702 4300 ii.

687 4329 764 4370 41.
799 4315 943 4366 Ovid.
960 4315 1094 4365 Fast.
1116 4316 1176 4365 vi.
1200 4327 1308 4380 773,
1324 4333 1394 4378 sq.
1418 4322 1469 4366 et
1492 4315 1702 4367 Nardini

1767 3167 1875 3218 Cic.
1899 3169 2018 3229 Agr.
2036 3167 2088 3215 ii.
2113 3181 2192 3228 23.
2224 3167 2355 3214 Rue.

1843 3242 1871 3293 7
1903 3233 2130 3280 Alterum
2177 3237 2370 3278 tantum
2418 3231 2790 3278 centurionibus

1768 3302 1918 3358 atque
1949 3295 2216 3357 equitibus]
2263 3293 2408 3341 Haec
2441 3293 2666 3355 praemia
2702 3307 2789 3354 pro

1769 3358 1994 3420 portione
2033 3357 2264 3418 stipendii
2308 3356 2412 3404 dari
2453 3356 2622 3414 solim,
2655 3357 2788 3418 quod

1766 3423 1910 3470 miles
1929 3421 2157 3482 simplex,
2178 3419 2398 3469 centurio
2417 3421 2629 3482 duplex,
2639 3435 2792 3482 eques

1766 3484 1950 3548 triplex
1964 3483 2253 3546 accipiebat.
2278 3485 2410 3533 Bur.
2460 3483 2672 3544 Equites
2683 3483 2788 3545 qui·

1769 3549 1900 3608 dem,
1929 3548 2014 3611 qui
2047 3548 2184 3610 equis
2215 3548 2316 3596 suis
2347 3548 2624 3604 merebant,
2653 3547 2788 3595 haud

1769 3613 1918 3662 dubie
1954 3614 2136 3674 triplex
2178 3611 2478 3674 stipendium
2519 3610 2788 3668 habehant,

1768 3678 1854 3724 sed
1897 3677 2074 3738 quibus
2114 3691 2269 3737 equus
2317 3674 2561 3737 publicus,
2603 3676 2788 3736 duplex

1767 3745 1960 3788 tantum
1999 3741 2304 3788 solvebatur:
2349 3743 2498 3800 atque
2537 3738 2634 3786 hoc
2676 3737 2786 3786 loco

1767 3805 1900 3852 haud
1924 3803 2071 3852 dubie
2093 3804 2282 3864 equites
2301 3803 2441 3864 equis
2472 3802 2686 3863 publicis
2713 3800 2784 3849 in·

1768 3869 2073 3930 telliguntur,
2108 3868 2170 3916 cf.
2201 3881 2335 3928 supr.
2370 3866 2451 3914 vii.
2485 3881 2566 3926 41.
2599 3865 2786 3927 quippe

1767 3934 1976 3982 alterum
1997 3937 2188 3979 tamum
2209 3931 2291 3979 hic
2311 3931 2518 3992 duplum
2538 3935 2632 3978 est.

1831 3997 1862 4043 8
1893 3997 2214 4056 Maliynitate
2235 3996 2468 4056 collegae]
2517 3993 2658 4050 Quia
2683 4007 2784 4040 ma-

1767 4059 1943 4120 lignus,
1981 4057 2082 4106 sive
2124 4058 2334 4106 nimium
2377 4072 2553 4119 parcus
2595 4057 2782 4119 collega

1767 4123 1890 4170 nihil
1913 4121 2151 4170 militibus
2171 4123 2271 4170 suis
2291 4121 2508 4170 dederat.
2543 4122 2708 4170 Cam.

1830 4202 1862 4250 9
1887 4189 1945 4236 L.
1963 4189 2294 4246 Postumium]
2333 4185 2466 4234 Eum
2487 4199 2686 4246 nempe,
2699 4183 2778 4246 qui

1767 4251 1936 4298 consul
1973 4250 2131 4312 priore
2161 4265 2292 4298 anno
2321 4249 2497 4308 hietat,
2523 4249 2684 4296 virum
2709 4247 2778 4294 in·

1765 4313 1892 4375 genii
1949 4313 2269 4374 contumacis,
2322 4313 2462 4362 cuius
2515 4310 2778 4362 certamina
