3000 4784
724 243 915 310 LIB.
964 244 1153 311 VIII.
1222 244 1445 311 CAP.
1500 252 1598 312 19.
2079 232 2230 311 473'

96 376 421 455 ται-υἱοῦ),
462 378 891 445 indicaturum
934 404 1003 447 se
1046 406 1299 448 causam
1342 384 1634 471 publicae
1677 382 1892 470 pestis,
1935 383 2213 469 professa
2231 392 2298 441 U.
2321 392 2381 441 C.
2406 402 2516 451 423·

96 476 209 563 est,
246 464 307 527 si
352 465 437 529 ab
464 487 543 529 eo
572 466 733 531 fides
760 468 882 532 sibi
908 468 1059 533 data
1086 482 1269 547 esset3
1293 470 1467 535 haud
1492 471 1778 536 flaturum
1807 491 2014 534 noxae
2044 469 2212 533 indi·
2229 458 2290 505 A.
2325 456 2384 504 C·
2409 467 2518 517 ³²⁹·

96 572 295 614 num.
404 550 639 617 Fabius
694 554 1029 619 confestim
1078 577 1215 620 rem
1272 556 1357 620 ad
1414 556 1723 633 consuleS,
1784 555 2073 621 consules
2129 555 2213 619 ad

96 648 409 701 senatum
452 638 768 704 referunt:
830 664 1271 728 consensuque
1316 642 1556 707 ordinis
1600 642 1760 707 fides
1801 642 2002 706 indici
2044 640 2210 705 data.

96 722 283 785 rum
332 724 741 809 patefactum,
774 726 1070 791 muliebri
1097 728 1317 792 fraude
1362 729 1688 793 civitatem
1729 728 1952 816 premi,
1985 740 2217 792 matro-

96 829 359 893 nasque
410 832 491 874 ea
527 833 777 875 venena
820 835 1133 899 coquere3
1180 827 1264 891 et,
1306 816 1359 879 si
1404 815 1587 900 sequi
1633 814 1956 901 extemplo
1993 813 2214 891 velint,

96 894 457 960 manifesto
484 896 529 960 d
682 898 879 962 hendi
908 922 1107 987 posse.
1204 900 1419 965 Secuti
1448 901 1750 977 indicem,
1773 914 1840 965 et
1868 913 2216 987 coquentes

96 980 425 1066 quasdam
448 1005 515 1045 m
603 983 931 1062 ‘camenta,
951 998 1017 1050 et
1044 987 1373 1051 recondita
1398 987 1538 1063 alia,
1558 986 1954 1051 invenerunt.
2051 986 2216 1062 Qui-

96 1068 227 1131 bus
282 1068 359 1131 in
408 1068 615 1133 forum
662 1070 905 1148 delatis,
959 1084 1027 1136 et
1072 1072 1155 1137 ad
1196 1072 1422 1159 viginti
1474 1073 1796 1149 matronis,
1841 1072 2014 1158 apud
2058 1094 2218 1157 quas

96 1153 519 1240 deprehensa
546 1170 747 1234 erant,
764 1180 881 1243 per
900 1158 1205 1223 viatorem
1234 1159 1469 1235 accitis,
1492 1158 1658 1222 duae
1681 1180 1766 1222 ex
1793 1157 1890 1235 iis,
1915 1157 2218 1222 Cornelia

96 1262 179 1303 ac
218 1239 469 1327 Sergia,
498 1242 801 1328 patriciae
846 1259 1113 1331 utraque
1143 1246 1371 1331 gentis,
1402 1267 1604 1329 quum
1647 1266 1726 1307 ea
1753 1244 2220 1308 medicamenta

96 1326 396 1391 salubria
412 1350 547 1393 esse
558 1330 1042 1408 contenderent,
1052 1332 1131 1395 ab
1148 1331 1519 1396 confutante
1537 1330 1748 1395 indice
1768 1329 1984 1394 bibere
1994 1330 2218 1406 iussae,

98 1424 183 1475 ut
200 1435 275 1477 se
292 1412 525 1478 falsum
541 1428 967 1480 commentam
984 1429 1325 1503 arguerent
1339 1440 1357 1493 3
1405 1417 1608 1503 spatio
1627 1415 1710 1480 ad
1727 1414 2221 1515 colloquendum

96 1510 397 1585 sumpto,
430 1522 651 1585 quum,
681 1516 998 1567 summoto
1014 1502 1271 1589 populo,
1296 1503 1366 1567 in
1395 1514 1738 1589 conspectu
1771 1523 2058 1567 omnium
2085 1522 2221 1566 rem

98 1584 199 1649 ad
246 1598 493 1650 ceteras
542 1586 936 1665 retulissent3
997 1588 1171 1653 haud
1222 1589 1648 1654 abnuentibus
1699 1601 1764 1653 et
1815 1586 1938 1651 illis
1982 1587 2219 1665 bibere,

98 1682 317 1821 {poto
344 1672 829 1751 medicamentO,
854 1690 1101 1739 suamet
1128 1676 1299 1762 ipme
1328 1674 1552 1739 fraude
1581 1696 1801 1739 omnes
1822 1673 2218 1738 interierunt.
2291 1680 2298 1687 '

184 1757 649 1844 omprehensae
679 1760 1003 1848 extemplo
1025 1782 1241 1825 earum
1264 1762 1530 1827 comites
1552 1783 1854 1849 magnum
1883 1781 2222 1824 numerum

102 1856 557 1908 matronarum
575 1845 1045 1911 indicaverunt:
1089 1870 1172 1912 ex
1190 1849 1423 1934 quibus
1441 1849 1524 1912 ad
1541 1860 1798 1912 centum
1822 1847 2224 1934 septuaginta

106 1929 481 1995 damnatae.
576 1930 809 2019 Neque
862 1932 944 1997 de
986 1933 1309 1998 veneficiis
1358 1950 1508 1998 ante
1560 1956 1702 1999 eam
1753 1933 1928 1997 diem
1977 1932 2222 1996 Romae

108 2016 486 2102 quaesitum
544 2030 659 2082 est.
749 2018 1038 2105 Prodigii
1094 2042 1171 2083 ea
1220 2042 1321 2083 res
1376 2020 1518 2083 loco
1576 2019 1827 2094 habita3
1896 2041 1972 2082 ca
2015 2019 2223 2103 tisque

112 2102 329 2188 magis
372 2103 709 2181 mentibus,
794 2127 941 2168 uam
984 2104 1442 2181 consceleratis,
1472 2104 1696 2167 similis
1732 2104 1880 2167 visa.
2119 2125 2223 2179 ue,

112 2189 439 2253 memoria
470 2212 553 2253 ex
596 2213 723 2254 ann
791 2191 929 2255 ’bus
972 2190 1257 2276 repetita,
1291 2190 1361 2253 in
1400 2190 1856 2253 secessionibus
1899 2210 2074 2274 quon
2159 2210 2226 2251 m

97 2274 335 2361 >plebis
387 2274 637 2339 clavum
688 2272 769 2341 ab
821 2276 1128 2341 dictatore
1171 2276 1396 2353 fixum,
1440 2274 1867 2360 alienatasque
1911 2272 2229 2338 discordia

120 2374 381 2425 mentes
402 2362 734 2427 hominum
752 2386 831 2427 eo
852 2362 1103 2449 piaculo
1127 2374 1449 2449 compotes
1466 2362 1564 2425 sui
1588 2361 1826 2437 fecisse,
1844 2360 2221 2424 dictatorem
2243 2371 2387 2423 clavi
2408 2370 2556 2434 figen-

123 2446 295 2511 clavi
316 2448 551 2534 figendi
583 2471 769 2512 causa
797 2449 992 2513 creari
1066 2448 1277 2513 lacuit.
1373 2447 1645 2512 Crestus
1679 2446 1802 2510 Cn.
1833 2436 2290 2522 Quinctilius&
2311 2450 2522 2548 ‘ffimgi-

124 2534 501 2618 magistrum
561 2535 851 2620 equitum
900 2535 976 2599 L.
1004 2472 1333 2599 &aleriam
1383 2533 1584 2597 dixit:
1645 2532 1778 2618 qui,
1837 2532 1968 2596 fixo
2025 2531 2224 2609 clave,
2241 2515 2431 2615 {302⁵

126 2642 201 2685 m
288 2619 503 2684 ‘stratu
531 2643 597 2685 se
633 2620 1100 2685 abdicaverunt.

292 2706 445 2770 reati
473 2706 764 2771 eonsules
808 2707 884 2771 L.
910 2707 1203 2793 Papirius
1251 2704 1516 2771 Crassus
1558 2706 1810 2783 iterum,
1843 2704 1920 2768 L.
1942 2702 2232 2768 Plautius
2356 2702 2454 2762 19.

98 2812 107 2841 ι
130 2790 389 2856 Venno.
486 2791 690 2856 Cuius
718 2793 1031 2880 principio
1054 2792 1205 2857 anni
1236 2792 1427 2878 legati
1456 2814 1542 2857 ex
1562 2790 1812 2855 Volscis
1843 2790 2229 2867 Fabraterni,
2251 2786 2319 2835 U.
2343 2785 2401 2834 Ο·
2425 2799 2536 2845 425·

134 2892 209 2943 et
252 2876 517 2955 Lucani,
553 2878 827 2943 Romam
857 2891 1187 2955 venerunt,
1221 2892 1491 2955 orantes,
1523 2890 1597 2942 ut
1639 2878 1709 2941 in
1751 2877 1946 2941 fidem
1989 2876 2232 2963 recipe-
2248 2851 2310 2961 'fij
2325 2849 2538 2974 ἓξὲξ·

136 2975 392 3027 rentur:
438 2964 491 3027 si
522 2986 561 3027 a
586 2963 965 3029 Samnitium
984 2966 1171 3029 armis
1193 2964 1437 3029 defensi
1466 2976 1698 3041 essent,
1721 2986 1788 3028 se
1817 2965 1936 3029 sub
1965 2962 2232 3050 imperio
2249 2978 2326 3090 g)
2340 2975 2560 3091 &Elau-

214 3156 245 3203 8
274 3158 335 3203 In
353 3158 693 3213 secessionibus
713 3158 953 3218 quondam
970 3158 1151 3219 plebis]
1220 3173 1329 3205 mus
1384 3157 1433 3205 in
1483 3160 1606 3205 urbe
1659 3162 1853 3217 praetor
1894 3162 2022 3203 esset
2064 3153 2239 3201 Idibus

150 3219 316 3268 Huius
348 3218 420 3268 rei
454 3219 752 3268 mentionem
796 3236 1035 3281 nusquam
1074 3236 1155 3281 ap.
1222 3220 1608 3281 Septembribus,
1629 3233 1728 3266 nen
1749 3219 1867 3279 quia
1895 3217 2092 3279 piaculo
2115 3230 2240 3277 opus

146 3288 363 3331 nostrum
410 3298 660 3331 occurrere
712 3284 1157 3331 animadverterunt
1223 3288 1362 3331 esset.
1398 3283 1459 3330 cf.
1483 3296 1615 3343 supr.
1643 3281 1719 3329 vii.
1745 3294 1788 3341 3.

147 3348 293 3395 Crev.
309 3352 357 3394 et
374 3347 507 3409 Rup.
552 3348 651 3395 Sed
674 3346 881 3395 Niebhr.
901 3346 933 3394 i.
948 3362 996 3395 n.
1018 3360 1155 3407 1334.
1292 3361 1311 3393 1
1357 3346 1525 3394 Orsaei
1562 3344 1806 3403 conmles]
1870 3344 2072 3390 Annum
2112 3340 2242 3389 eirca

146 3412 331 3461 nodum
352 3410 712 3472 quodammodo
732 3411 953 3471 expedit,
974 3409 1159 3470 quippe
1223 3409 1345 3457 haec
1363 3414 1586 3481 tempora
1601 3404 1994 3455 interficiendum
2009 3420 2113 3453 esse
2125 3420 2240 3453 con-

148 3489 235 3537 ap.
268 3473 366 3523 Cic.
400 3474 541 3523 Brut.
578 3490 653 3535 ¹⁴-
685 3476 905 3523 videmus
932 3509 945 3521 .
971 3508 983 3522 .
1009 3507 1021 3521 .
1049 3488 1160 3520 eum
1222 3472 1441 3521 sentiunt
1462 3476 1752 3532 interpretes
1773 3484 1956 3518 omnes.
2008 3468 2110 3517 Hie
2125 3482 2240 3516 eum

146 3538 309 3601 plebes
330 3572 343 3585 .
366 3574 379 3587 .
403 3574 414 3585 .
434 3544 639 3587 mentem
666 3540 752 3601 qm·
772 3540 923 3586 Sacer
942 3538 1161 3599 appella·
1224 3535 1634 3597 interponendum
1651 3548 1756 3581 esse
1775 3532 2062 3580 Dodwellus
2077 3530 2241 3579 existi-

152 3610 237 3649 ωε
255 3608 337 3659 ed,
356 3604 698 3663 occupavisset,
718 3604 796 3649 M.
822 3603 1068 3650 Vola-ium
1088 3601 1159 3647 dt·-
1224 3605 1345 3659 mat,
1370 3598 1574 3647 Dissert.
1605 3598 1668 3646 de
1698 3596 1866 3659 cyclis
1897 3596 2109 3645 Roman.
2138 3610 2187 3643 x.
2211 3595 2240 3653 5

152 3672 377 3714 clusorem
394 3666 595 3715 dicendo
620 3667 861 3715 sedavisse
881 3664 1162 3721 discordas,
1190 3698 1208 3719 ,
1230 3665 1303 3725 78.
1327 3670 1379 3711 et
1404 3672 1477 3727 79.
1502 3667 1554 3709 et
1579 3660 1630 3709 in
1659 3676 1774 3709 eum
1805 3661 2029 3709 consules
2055 3658 2158 3709 edit
2181 3660 2240 3708 L.

152 3734 245 3779 etc.
308 3728 451 3777 Hane
482 3744 586 3777 rem
620 3728 827 3778 Niebhr.
856 3729 921 3777 ed
954 3726 1163 3791 primam
1230 3726 1500 3801 Papirium,
1527 3726 1614 3787 Sp.
1645 3724 1704 3774 F.
1735 3725 2012 3785 Cursorem,
2033 3725 2094 3775 C.
2118 3724 2242 3773 Poe-

156 3790 484 3851 secensionem‚
512 3792 933 3842 Crustumerinam
962 3790 1165 3849 dictam,
1227 3792 1421 3849 tellum,
1442 3791 1500 3839 C.
1527 3789 1584 3839 F.
1609 3789 1848 3838 Libonem
1872 3789 2116 3838 Visolum.
2147 3788 2242 3837 Ga..

158 3856 451 3905 referendam
472 3863 651 3905 censet.
719 3856 817 3905 Sed
840 3870 963 3917 pace
984 3854 1162 3903 summi
1294 3869 1321 3901 α
1354 3856 1528 3915 Leyaet·
1549 3870 1612 3904 ea·
1642 3855 1819 3903 Volscis
1839 3854 2151 3909 Fabraterni,
2167 3853 2240 3910 ee]

164 3919 250 3967 viri
278 3918 475 3968 dixerim
508 3919 629 3967 mihi
663 3919 826 3981 potius
861 3918 912 3966 in
944 3922 1165 3967 mentem
1230 3918 1401 3980 Legati
1418 3920 1630 3978 Lemoni,
1646 3932 1792 3980 quem
1817 3918 2057 3981 populum
2077 3912 2247 3963 Livius

160 3998 427 4031 succurrere
478 3982 797 4031 secessionem
844 3996 972 4041 eam,
1014 3997 1163 4043 quam
1227 3982 1336 4030 infr.
1370 3994 1445 4043 25.
1479 3981 1626 4029 simul
1658 3997 1772 4030 cum
1805 3980 1984 4043 Apulis
2013 3981 2072 4026 ἐπ
2091 3977 2248 4047 fideq-

162 4052 333 4107 noster,
356 4054 589 4108 tanquam
623 4045 1005 4094 coniurationem
1037 4045 1164 4093 mili·
1230 4045 1415 4094 venisee
1440 4044 1588 4093 dicit:
1627 4048 1833 4105 accepto
1855 4042 1984 4091 enim
2007 4038 2246 4109 beneficio

162 4118 287 4169 tum,
304 4110 527 4168 narravit,
549 4112 745 4171 quando
764 4110 829 4157 ad
858 4109 1166 4157 concordiam
1230 4124 1319 4171 per
1350 4110 1535 4169 legatos
1567 4108 1618 4156 in
1653 4105 1908 4156 Samnium
1941 4118 1974 4151 a
2008 4102 2249 4150 Romamn

164 4174 379 4222 ordinum
422 4172 781 4222 conciliandam
825 4174 899 4222 M.
940 4172 1170 4220 Valerius
1230 4173 1403 4221 missos
1430 4171 1558 4219 hanc
1589 4169 1792 4232 gratiam
1820 4167 2044 4239 retulere.
2080 4162 2248 4211 Gaea.

164 4240 347 4288 Corvus
371 4237 579 4287 dictator
608 4236 889 4287 nominatus
912 4242 1001 4285 est.
1036 4251 1167 4297 supr.
1230 4236 1423 4285 Arcani
1456 4248 1546 4295 pro
1577 4234 1770 4281 Lucani
1804 4242 1930 4278 coni.
1965 4229 2164 4276 Cluver.
2197 4230 2249 4273 et

168 4302 247 4350 rii.
270 4316 341 4365 39.
1232 4300 1502 4348 Pduscane’
1531 4297 1728 4345 Ruben.
1757 4298 1818 4342 ut
1845 4295 1945 4341 duo
1979 4292 2249 4339 Volscorum

230 4380 261 4427 9
290 4367 363 4415 Ab
383 4366 613 4415 diemaro
631 4366 823 4427 fixum]
874 4362 1011 4421 Quia
1040 4378 1168 4411 sum-
1236 4360 1409 4423 pepuli
1428 4363 1504 4409 vel
1527 4358 1712 4420 oppida
1731 4358 2074 4405 memorentur.
2106 4354 2235 4402 Rue.
