3000 4784
689 202 818 265 382
1476 194 1703 261 ΤΙΤΙ
1756 194 2029 261 LIVII

354 350 426 405 u.
447 352 509 403 ο.
535 361 645 415 37⁷·
684 335 865 399 cuius
923 331 1228 399 noscendi
1283 332 1485 483 argtia
1538 331 1645 418 Sp.
1690 330 1992 397 Servilius
2038 331 2313 410 Priscus,
2380 334 2463 408 Q
2506 332 2829 398 Cloelius

352 417 415 466 A.
449 416 646 531 {iio-’¹322-
689 420 938 487 Siculus
967 440 1260 485 censores
1389 419 1458 495 ti,
1493 441 1575 483 ne
1604 440 1743 483 rem
1772 432 2055 504 agerent,
2086 417 2257 483 bello
2299 418 2595 506 impediti
2630 432 2823 484 sunt.

351 480 522 595 osssfflm
539 545 658 595 olio-
687 506 986 594 Namque
1011 505 1243 607 trepidi
1272 505 1482 569 nuntii
1514 504 1740 591 primo,
1760 505 1911 591 fiiga
1932 504 2167 571 deinde
2196 529 2283 571 ex
2304 507 2493 593 agris,
2511 505 2825 594 legion&

353 624 489 663 num.
685 592 1062 659 Volscorum
1106 614 1416 679 ingressas
1457 592 1637 667 fines,
1682 590 2100 677 popularique
2146 591 2377 679 passim
2424 592 2821 659 Romanum

685 702 927 781 agrum,
989 678 1279 745 attulere.
1371 677 1448 741 In
1512 700 1641 765 qua
1691 678 2115 765 trepidatione
2176 693 2427 745 tantum
2484 681 2679 757 afirit,
2742 690 2821 744 ut

683 766 895 832 elvilia
935 765 1286 831 certamina
1331 778 1534 829 terror
1574 778 1878 829 externus
1920 765 2265 843 cohiberet,
2320 779 2393 831 ut
2440 780 2681 832 contra
2730 790 2817 830 eo

681 853 1018 918 violentior
1161 864 1352 917 testas
1413 850 1755 917 tribunicia
1798 851 1885 915 im
1970 850 2209 917 diendo
2252 853 2538 918 delectui
2586 870 2809 919 eoeet:

683 940 892 1005 donec
919 962 1044 1005 con
1117 940 1322 1003 tiones
1351 938 1683 1024 impositae
1713 874 2029 1016 Patrigeus,
2053 961 2136 1003 ne
2167 940 2331 1025 quis,
2358 940 2577 1027 quoad
2592 940 2813 1006 bella-
2830 958 2856 1003 3

683 1040 822 1093 tum
851 1040 1036 1104 esset,
1067 1025 1376 1090 tributum
1407 1025 1609 1102 daret,
1640 1036 1753 1089 aut
1790 1024 1888 1089 ius
1926 1024 2011 1089 de
2040 1026 2317 1112 pecunia
2342 1025 2589 1091 eredita
2616 1027 2815 1091 diee-

681 1126 796 1179 ret.
891 1112 990 1178 Eo
1031 1113 1394 1177 laxamento
1435 1110 1609 1198 plebi
1654 1124 1928 1197 sumpto,
1974 1134 2153 1177 mora
2192 1112 2471 1178 delectui
2516 1136 2661 1179 non
2708 1130 2811 1177 est

353 1206 650 1282 Volscorum
680 1200 865 1267 facta.
1101 1199 1352 1264 'onibus
1381 1198 1563 1263 novis
1591 1198 1859 1285 seriptis,
1890 1198 2149 1285 placuit,
2180 1198 2341 1265 duos
2368 1201 2705 1265 exereitus
2736 1201 2813 1263 in

351 1272 619 1385 ffitffim‘
797 1311 906 1353 um
950 1200 1260 1351 &geum
1305 1284 1663 1371 legionibus
1714 1284 1931 1349 divisis
1980 1285 2149 1350 duci.
2246 1285 2354 1373 Sp.
2390 1286 2643 1365 Furius,
2698 1286 2803 1351 Μ.

544 1373 558 1386 ’
755 1374 992 1440 oratius
1043 1373 1408 1439 dextrorsus
1453 1371 1835 1436 maritimam
1882 1394 2059 1435 oram
2108 1395 2149 1436 a
2220 1395 2302 1437 ue
2350 1372 2650 1451 Antium,
2712 1372 2803 1449 Q.

687 1459 990 1525 Servilius
1018 1473 1087 1524 et
1105 1460 1180 1524 L.
1208 1457 1539 1547 Geganius
1568 1457 1747 1522 laeva
1773 1458 1856 1522 ad
1884 1471 2137 1523 montes
2258 1472 2461 1524 ettam
2488 1474 2801 1547 pergunt.

683 1546 936 1613 Neutra
977 1559 1156 1634 parte
1187 1546 1385 1612 hostis
1421 1544 1645 1609 obvius
1672 1545 1811 1610 fuit.
1904 1545 2245 1645 Populatio
2276 1545 2491 1633 itaque
2526 1569 2673 1611 non
2702 1547 2805 1611 illi

681 1656 876 1720 vagae
907 1633 1146 1711 similis,
1177 1655 1370 1720 quam
1403 1631 1679 1697 Volscus
1717 1631 2033 1697 latrocinii
2062 1654 2257 1709 more,
2287 1632 2641 1699 discordiae
2676 1634 2803 1699 ho-

680 1720 874 1784 stium
903 1720 1122 1796 fretus,
1147 1732 1216 1783 et
1237 1720 1545 1783 virtutem
1565 1731 1874 1797 metuens,
1898 1741 2017 1806 per
2040 1718 2533 1806 trepidationem
2554 1723 2801 1808 raptim

681 1804 952 1882 fecerat3
999 1806 1114 1869 sed
1143 1806 1224 1870 ab
1255 1806 1420 1869 iusto
1449 1804 1740 1870 exercitu
1768 1806 1936 1870 iusta
1963 1805 2059 1871 ira
2082 1805 2267 1883 faeta,
2296 1807 2503 1893 spatio
2524 1828 2797 1895 quoque

682 1892 986 1978 temporis
1003 1891 1272 1978 gravior.
1369 1890 1631 1991 Quippe
1660 1914 1703 1956 a
1718 1890 1991 1969 Volscis,
2017 1892 2407 1970 timentibus,
2424 1915 2510 1958 ne
2528 1895 2797 1959 interim

683 1977 998 2043 exercitus
1041 1978 1121 2044 ab
1167 1977 1380 2043 Roma
1421 1992 1647 2055 exuet⁹
1690 1978 2082 2043 incursiones
2122 1980 2190 2043 in
2236 1992 2524 2046 extrema
2558 1981 2797 2046 finium

681 2065 884 2131 factae
943 2079 1158 2131 erant:
1223 2065 1521 2129 Romano
1570 2077 1793 2129 contra
1842 2065 2037 2130 etiam
2082 2065 2151 2129 in
2196 2064 2439 2131 hostico
2495 2068 2797 2133 morandi

681 2176 871 2218 causa
897 2167 1053 2231 erat,
1085 2165 1160 2217 ut
1185 2152 1436 2218 hostem
1463 2150 1549 2215 ad
1576 2164 1901 2215 certamen
1928 2151 2203 2217 eliceret.
2295 2151 2548 2240 Itaque,
2582 2156 2795 2219 omni-

680 2241 800 2305 bus
865 2239 1100 2339 passim
1169 2238 1354 2303 tectis
1536 2259 1737 2313 orum,
1798 2238 2080 2324 vicisque
2152 2239 2347 2303 etiam
2404 2242 2795 2327 quibusdam

679 2338 936 2403 exustis,
989 2348 1121 2391 non
1171 2326 1393 2390 arbore
1421 2260 1764 2411 ffigifera,
1817 2346 1951 2389 non
1994 2325 2145 2389 satis
2190 2326 2259 2389 in
2302 2348 2483 2414 spem
2532 2328 2791 2416 frugum

679 2412 934 2490 relictis,
967 2411 1162 2489 omni,
1193 2434 1359 2499 quae
1389 2424 1572 2476 extra
1617 2410 1871 2511 moenia
1897 2409 2036 2489 fuit,
2069 2411 2403 2513 homiuum
2434 2416 2793 2516 pecudum-

449 2580 552 2642 32.
681 2499 1345 2652 qugffifflffl
1373 2498 2372 2670 ffssffissfffflzssffiffiffi
2383 2500 2787 2676 ‘'iffissoet.

681 2695 875 2760 quam
919 2672 1174 2759 quietae
1218 2694 1320 2737 res
1361 2672 1442 2736 ab
1485 2670 1773 2735 hostibus
1814 2683 2015 2748 erant,
2062 2671 2365 2739 celebrari
2409 2673 2492 2739 de
2537 2675 2784 2763 integro
2798 2705 2827 2745 4

681 2759 1068 2835 iurisdietio;
1114 2772 1180 2824 et
1223 2772 1474 2823 tantum
1518 2758 1734 2821 abesse
1778 2779 1922 2845 spes
1960 2757 2192 2823 veteris
2230 2758 2484 2826 levandi
2527 2761 2781 2839 fenoriS,

682 2856 756 2909 ut
783 2846 1024 2910 tributo
1053 2867 1292 2909 novum
1313 2844 1500 2909 fenus
1528 2843 2010 2910 contraheretur
2038 2842 2110 2909 in
2138 2868 2413 2925 murum,
2444 2870 2483 2912 a
2508 2849 2783 2915 censori-

681 2930 801 2993 bus
847 2930 1124 2993 loeatum
1173 2952 1328 2995 saxo
1376 2930 1689 3017 quadrato
1738 2930 2145 2996 faciundum:
2208 2933 2315 2997 cui
2370 2936 2781 3001 succumbere

682 3016 862 3080 oneri
892 3026 1112 3080 coacta
1137 3015 1390 3102 plebes3
1439 3016 1609 3102 quia,
1643 3040 1837 3104 quem
1866 3014 2188 3083 delectum
2214 3018 2625 3107 hpedirent,
2656 3044 2781 3088 non

413 3150 428 3165 .
453 3112 513 3163 c,
539 3112 648 3175 378.
681 3100 1002 3168 habebant
1033 3101 1268 3167 tribuni
1297 3101 1519 3189 plebis.
1598 3102 1921 3168 Tribunos
1942 3104 2135 3170 etiam
2160 3104 2463 3172 militares
2576 3109 2781 3174 tricios

451 3178 510 3227 0·
535 3188 646 3253 3.7.4·
683 3211 922 3268 omnes,
967 3203 1188 3255 coacta
1243 3188 1448 3277 princi
1495 3208 1605 3253 um
1666 3190 1912 3291 opibus,
1956 3190 2128 3269 feeit,
2174 3191 2252 3257 L.
2288 3194 2390 3259 Ae
2463 3194 2477 3207 “
2510 3194 2661 3273 ‘um,
2706 3194 2819 3259 P.5

445 3312 538 3355 etc.
562 3305 646 3355 Tr.
683 3274 1015 3343 Valerium
1097 3290 1367 3354 nattum,
1403 3210 1494 3343 Cp
1504 3274 1867 3354 Vetunum‚
1910 3274 2042 3342 Ser.
2068 3276 2183 3343 Sul
2230 3278 2445 3357 icium,
2482 3278 2562 3345 L.
2594 3295 2663 3347 et
2702 3280 2774 3347 C.

417 3370 472 3420 il·
687 3361 1027 3438 Quinctios
1138 3363 1509 3429 incinnatoa
1603 3361 1843 3427 Iisdem
1886 3364 2113 3451 opibus
2157 3389 2198 3430 o
2244 3366 2509 3445 tinum-e,
2560 3382 2633 3433 ut
2673 3370 2778 3433 ad-

679 3472 896 3515 versus
943 3447 1208 3515 Latinos
1251 3448 1668 3537 Volscosque,
1769 3451 1837 3514 ui
1890 3450 2247 3516 coniunctis
2299 3452 2658 3540 legionibus
2700 3455 2778 3520 sd

683 3534 1001 3603 Satricum
1029 3548 1232 3601 castra
1257 3536 1599 3614 habebant,
1633 3535 1746 3601 nul
1771 3560 1811 3601 ο
1840 3537 2232 3625 impediente
2255 3539 2553 3605 omnibus
2583 3542 2776 3607 iunio-

677 3622 854 3687 ribus
891 3638 1286 3689 sacramento
1326 3624 1585 3701 adactis,
1628 3638 1754 3687 tres
1789 3624 2108 3689 exercitus
2152 3625 2537 3692 scriberent:
2586 3650 2773 3694 unum
2790 3642 2818 3691 6

749 3842 777 3891 3
810 3830 892 3877 Ne
911 3829 1022 3891 quie
1043 3862 1056 3876 .
1075 3862 1090 3877 .
1107 3862 1121 3876 .
1145 3829 1383 3876 &butum
1402 3830 1569 3890 dau-et]
1598 3828 1699 3879 Sei·
1766 3828 1843 3880 61.
1880 3832 2043 3881 Gutv.

683 3893 818 3951 licet,
847 3896 903 3939 ut
931 3892 1140 3951 veotiyal
1165 3906 1198 3939 a
1221 3894 1571 3953 possessoribus
1598 3892 1700 3955 agri
1826 3894 1861 3943 6
1884 3898 2005 3945 Tres
2022 3899 2295 3959 exercitus}
2312 3901 2472 3948 110.Αά
2492 3901 2769 3962 praesidium

683 3956 868 4020 publici
903 3956 954 4003 in
983 3970 1068 4005 aes
1089 3956 1466 4018 stipendiarium
1493 3958 1699 4006 solvere·
1764 3959 1914 4018 urbis,
1939 3960 2151 4020 hyionu
2180 3964 2405 4013 urbanae
2424 3984 2441 4013 .·
2478 3966 2689 4015 mm
2712 3966 2771 4013 ad

681 4028 778 4071 tur.
1763 4022 1925 4071 subita
1948 4022 2067 4071 belli
2096 4024 2366 4075 ministeria
2394 4034 2591 4089 praesto
2614 4037 2768 4078 erunt:

745 4082 778 4147 ζ
799 4085 1048 4135 Oelobmri
1067 4084 1127 4135 de
1147 4085 1360 4147 ὀπίσω-ο]
1400 4084 1487 4133 Ius
1506 4086 1699 4133 assidue
1762 4086 1981 4136 iunium
2016 4092 2204 4147 autem,
2240 4091 2325 4151 qui
2364 4090 2417 4139 in
2454 4092 2581 4141 duos
2614 4106 2770 4141 coum-

679 4150 778 4199 diei
802 4149 966 4212 coepit
985 4150 1050 4197 de
1071 4148 1292 4211 pecuniis
1317 4148 1526 4198 creditis.
1763 4149 1891 4198 lares
1928 4150 2175 4200 exercitus
2212 4154 2503 4217 plerumque
2542 4154 2768 4205 (limibuti

745 4227 772 4277 5
807 4214 984 4263 Coacta
1011 4215 1300 4276 principum
1325 4214 1525 4274 opibus]
1562 4211 1699 4260 Sodi·-
1762 4220 1894 4273 sunt,
1927 4228 2027 4262 uno
2062 4214 2207 4279 longe
2240 4218 2539 4267 validissimo
2568 4222 2769 4271 exercitu

676 4277 860 4326 tionem
883 4278 1132 4339 quandam
1154 4276 1305 4325 fuisse
1325 4282 1376 4324 et
1397 4290 1500 4324 rem
1534 4277 1598 4323 ad
1628 4276 1699 4323 in·
1762 4276 1813 4323 in
1839 4278 2001 4326 hoste·
2020 4279 2341 4332 ducebantur.

677 4348 900 4399 ten-egna
936 4340 1135 4387 rediisse
1169 4340 1334 4386 scribit
1375 4339 1579 4387 Diodor.
1616 4354 1695 4387 xv.
