3000 4784
379 619 685 698 sumini

381 689 516 735 victi.

497 2519 596 2580 12.

713 209 791 270 16
1483 203 1715 272 ΤῙΤΙ
1774 201 2047 272 LIVII

707 355 1004 408 ovantem
1033 339 1385 407 Romulum
1415 339 1697 408 Hersilia
1738 343 1994 420 coniux,
2024 342 2321 430 precibus
2362 353 2689 430 raptarum
2718 341 2815 407 fa-
2830 347 2863 398 6

707 430 924 516 tigata,
957 441 1114 507 orat,
1145 440 1220 493 ut
1261 429 1631 516 parentibus
1673 451 1893 494 earum
1921 429 2034 493 det
2061 429 2334 506 veniam,
2364 442 2433 493 et
2472 429 2545 494 in
2587 429 2809 494 civita·

708 528 842 581 tem
881 515 1176 602 accipiat:
1223 515 1316 580 ita
1351 537 1488 581 rem
1532 514 1881 581 coalescere
1924 515 2264 581 concordia
2302 537 2504 666 posse.
2597 515 2815 580 Facile

709 602 798 666 im
883 614 1132 667 tratum.
1223 600 1386 667 Inde
1430 615 1656 668 contra
1696 601 2145 668 Crustuminos
2186 625 2303 690 pro
2326 614 2522 680 ectus,
2566 601 2815 667 bellum

708 625 1070 754 ingentes.
1161 687 1262 754 Ibi
1291 687 1503 753 minus
1532 689 1747 766 etiam,
1778 689 1955 776 quod
1980 687 2205 754 alienis
2241 687 2525 754 cladibus
2558 688 2819 754 cecide-

710 787 856 840 rant
912 775 1129 853 animi,
1189 775 1551 840 certaminis
1606 775 1746 840 fuit.
1862 775 2156 862 Utroque
2214 774 2498 840 coloniae
2560 774 2812 840 missae.
2836 789 2869 840 7

710 861 938 927 Plures
979 861 1244 940 inventi,
1293 861 1406 948 qui
1451 875 1713 950 propter
1762 863 2114 927 ubertatem
2162 874 2365 926 terrae
2416 861 2487 926 in
2542 860 2819 927 Crustu-

645 977 663 992 ·
711 949 959 1014 minum
985 949 1250 1014 nomina
1278 948 1539 1013 darent:
1580 961 1647 1013 et
1678 949 1953 1014 Romam
1986 948 2139 1013 inde
2179 948 2547 1048 frequenter
2580 948 2817 1036 migra-

711 1047 850 1099 tum
880 1047 994 1112 est,
1025 1058 1066 1100 a
1091 1035 1458 1122 parentibus
1487 1035 1762 1100 maxime
1792 1058 1866 1100 ae
1894 1035 2269 1122 propinquis
2296 1048 2637 1123 raptarum.

802 1120 872 1187 N
873 1122 1236 1187 ovissimum
1260 1121 1340 1186 ab
1365 1121 1617 1186 Sabinis
1644 1121 1883 1186 bellum
1906 1133 2135 1199 ortum,
2161 1120 2487 1208 multoque
2510 1121 2581 1187 id
2609 1122 2817 1186 maxi-

711 1230 890 1273 mum
917 1207 1056 1273 fuit.
1107 1207 1295 1274 Nihil
1323 1208 1498 1274 enim
1526 1231 1642 1296 per
1670 1209 1829 1273 iram
1858 1220 1971 1273 aut
1996 1207 2413 1296 cupiditatem
2441 1221 2655 1273 actum
2685 1221 2811 1274 est:

711 1317 832 1362 nec
863 1295 1280 1361 ostendenmt
1317 1293 1557 1360 bellum
1596 1295 1791 1383 priuS,
1827 1317 2023 1395 quem
2056 1293 2427 1360 intulerunt.
2522 1293 2815 1360 Consilio

709 1383 908 1448 etiam
937 1381 1193 1447 additus
1221 1380 1422 1446 dolus,
1508 1380 1617 1470 Sp.
1640 1381 1953 1468 Tarpelus
1984 1381 2315 1446 Romanae
2343 1393 2635 1470 praeerat
2662 1382 2813 1446 arci.

711 1468 930 1535 Huius
957 1469 1154 1532 filiam
1183 1469 1496 1556 virginem
1524 1491 1678 1533 auro
1707 1468 2056 1555 corrumpit
2073 1467 2321 1546 Tatius,
2338 1481 2413 1532 ut
2441 1480 2714 1532 armatos
2742 1468 2815 1532 in

711 1577 923 1620 arcem
952 1554 1238 1641 accipiat.
1328 1553 1591 1641 Aquam
1623 1555 1785 1619 forte
1822 1577 1902 1619 ea
1939 1567 2077 1620 tum
2115 1555 2306 1619 sacris
2340 1566 2523 1619 extra
2554 1555 2816 1619 moenia

709 1641 983 1728 petitum
1011 1641 1188 1705 ierat.
1279 1640 1555 1728 Accepti
1583 1641 1875 1706 obrutam
1904 1642 2095 1706 armis
2122 1663 2458 1707 necavere:
2496 1663 2613 1706 seu
2644 1652 2719 1706 ut
2746 1639 2815 1705 vi

709 1740 896 1828 capta
923 1725 1136 1814 potius
1165 1749 1280 1791 arx
1307 1727 1651 1805 videretur,
1687 1749 1801 1791 seu
1829 1727 2144 1815 prodendi
2172 1750 2359 1793 exem
2404 1727 2453 1791 li
2482 1749 2691 1804 causa,
2728 1750 2815 1792 ne

709 1813 872 1900 qu1d
901 1835 1168 1900 usquam
1196 1813 1399 1878 fidum
1427 1813 1737 1900 proditori
1766 1826 1949 1880 esset.
2020 1813 2307 1878 Additur
2397 1813 2605 1892 bulae,
2636 1814 2816 1900 quod
2836 1824 2873 1874 8

708 1900 902 1987 vulgo
933 1899 1155 1966 Sabini
1183 1922 1402 1965 aureas
1429 1899 1705 1965 armillas
1742 1901 1959 1988 magni
1996 1901 2297 1987 ponderis
2323 1901 2581 1966 brachio
2610 1899 2817 1979 laevo,

707 1999 1186 2075 gemmatosque
1233 2009 1465 2074 magna
1508 1989 1719 2074 specie
1766 1987 2035 2052 annulos
2080 1987 2439 2065 habuerint,
2492 2009 2573 2074 pe
2622 1987 2813 2074 igisse

711 2073 1486 2226 {fflssisqgssfiissncssfflffi
1518 2074 1811 2237 mfflff
1850 2073 2315 2224 inibffitgxffl
2358 2075 2817 2226 80ιὲῒὲωᾷἒέῑο

711 2246 892 2398 ffiiod
947 2246 1018 2312 in
1075 2183 1372 2311 sinistiigr,e
1403 2247 1697 2311 manibus
1768 2183 1953 2324 egset,
2016 2245 2262 2310 directo
2274 2183 2510 2312 pacm
2578 2208 2817 2334 petisse

764 2333 974 2484 ‘cantd
1049 2345 1117 2398 et
1180 2332 1401 2398 fraude
1459 2331 1659 2397 visam
1722 2355 1929 2420 agere,
1988 2353 2104 2397 sua
2158 2331 2361 2420 ipsam
2416 2347 2818 2422 peremptam
2836 2357 2874 2408 9

714 2441 926 2486 merce
971 2443 1030 2485 e.

803 2505 1100 2573 Tenuere
1146 2519 1361 2572 tamen
1398 2528 1609 2572 arcem
1656 2504 1877 2572 Sabini
1892 2530 1913 2572 ε
1958 2517 2152 2593 atque
2196 2505 2348 2571 inde
2388 2519 2641 2594 postero
2684 2507 2817 2586 die,

713 2617 916 2683 quum
965 2593 1296 2660 Romanus
1344 2593 1663 2659 exercitus
1713 2593 2075 2671 instructuS,
2127 2593 2304 2680 quod
2358 2594 2529 2658 inter
2577 2593 2821 2660 Palati-

713 2703 872 2746 num
919 2679 1484 2768 Capitolinumque
1528 2679 1759 2745 collem
1807 2679 2017 2767 campi
2067 2692 2183 2758 est,
2230 2680 2627 2768 complesset,
2682 2703 2822 2748 non

711 2768 888 2856 prius
917 2767 1386 2833 descenderunt
1427 2766 1498 2830 in
1527 2788 1824 2852 aequum,
1855 2789 2069 2852 quam,
2098 2766 2195 2832 ira
2238 2779 2309 2832 et
2334 2766 2685 2854 cupiditate
2716 2789 2823 2836 re-

712 2852 1129 3006 cuperandaifi³
1153 2853 1313 2950 arcis
1355 2851 1722 2951 stimulante
1767 2853 2031 2931 animos,
2066 2853 2155 2954 in·
2170 2853 2520 3006 αξέἓῖειιὲ
2536 2853 2843 3006 {tigrani-

711 2961 790 3004 su
835 2960 982 3003 iere.
1129 2959 1403 3024 nncipes
1430 2949 1751 3024 utrimque
1790 2961 2074 3026 pugnam
2100 2961 2199 3005 cle
2317 3013 2329 3025 ,
2374 2963 2395 3018 3
2692 2963 2824 3009 lms

776 3191 810 3243 6
843 3193 1107 3254 Ouanias]
1169 3191 1307 3250 Quis
1339 3197 1462 3242 tunc
1495 3196 1599 3241 tem
1668 3191 1733 3241 ris
1794 3191 1942 3242 simili
1964 3191 2243 3243 conditione
2264 3193 2520 3256 Ephesum
2543 3193 2745 3244 Brenno
2768 3211 2825 3246 se

715 3257 935 3306 nondum
961 3257 1225 3307 utebantur
1255 3272 1399 3306 curru
1427 3255 1611 3320 triump
1648 3257 1730 3306 ali.
1793 3257 2083 3306 traditurum
2126 3273 2231 3306 esse
2275 3257 2609 3321 promittente,
2650 3265 2825 3310 narrat

714 3321 931 3372 firm.
1798 3321 1932 3370 Plut.
1967 3321 2019 3369 iu
2056 3322 2239 3372 Parall.
2274 3335 2325 3384 p.
2350 3335 2461 3386 309,
2498 3327 2557 3371 ut
2592 3323 2657 3370 sd
2696 3323 2825 3373 Tar·-

783 3397 812 3448 7
843 3385 1095 3446 Μία]
1122 3401 1188 3436 se.
1213 3385 1439 3449 praesidii
1461 3401 1623 3435 causa.
1656 3385 1734 3436 Cf.
1798 3385 2039 3448 quinium,
2060 3385 2227 3448 capitu.
2246 3400 2545 3448 papaverum
2568 3387 2826 3437 decutien-

716 3450 850 3500 δεῖν.
873 3449 924 3498 ίιι
943 3451 1066 3500 Aen.
1089 3449 1122 3500 i.
1152 3465 1225 3508 η,
1247 3449 1350 3509 ubi,
1369 3453 1535 3499 “sane
1551 3454 1738 3500 veteres
1798 3454 1901 3499 tem
1952 3449 2062 3500 infr.
2102 3462 2183 3512 54,
2225 3450 2356 3512 quod
2401 3451 2464 3499 de
2506 3449 2826 3513 Thrasybulo

715 3513 934 3563 colonias
977 3512 1048 3562 its
1091 3514 1348 3564 definiunt.
1415 3516 1618 3564 Ontonia
1662 3518 1737 3563 est
1798 3513 2125 3574 Milesiorum,
2156 3518 2209 3562 et
2241 3513 2509 3564 Periandro
2538 3513 2827 3566 Corinthio-

715 3583 886 3628 coetus
917 3592 1086 3626 eorum
1118 3578 1374 3628 hominum
1403 3579 1492 3640 qui
1526 3577 1737 3628 universi
1799 3591 1909 3628 rum
1937 3582 2146 3640 tyranno
2182 3577 2343 3628 refert.
2381 3578 2623 3629 Herodot.
2654 3593 2705 3630 v-
2736 3595 2825 3646 92.

715 3642 917 3692 deducti
931 3643 1287 3692 suntinlocum
1300 3648 1489 3692 certum
1502 3640 1738 3692 aedificiis
1799 3643 1881 3692 cui
1911 3641 2039 3692 confi
2060 3641 2289 3692 Mariana
2308 3641 2445 3696 Hist.
2478 3643 2626 3707 Hisp.
2654 3659 2708 3693 x.
2744 3645 2825 3698 16.

715 3707 982 3766 munitum,
1023 3721 1172 3769 quem
1218 3713 1352 3757 certo
1391 3707 1505 3770 jure
1549 3705 1735 3756 obtine-
1800 3706 1933 3758 Bur.

713 3775 876 3822 rent-'⁹
957 3831 962 3836 ‚
1869 3787 1902 3836 9
1940 3771 2140 3822 Fraude
2172 3773 2353 3833 vium]
2430 3771 2579 3822 Hauc
2622 3778 2825 3822 seuten-

779 3837 814 3886 8
833 3837 1050 3886 Additur
1061 3835 1294 3898 fabiolae]
1321 3833 1623 3894 Nuntium,
1634 3833 1736 3886 sive
1797 3835 1938 3894 tiam,
1978 3841 2177 3885 auctore
2222 3836 2280 3885 L.
2318 3836 2514 3894 Pisone,
2552 3835 2826 3899 Dionysius

717 3915 876 3961 verae,
909 3900 1012 3950 sive
1047 3899 1198 3949 fiilsse
1239 3906 1292 3948 et
1328 3899 1731 3949 commenticiam:
1796 3900 2128 3962 amplectitur,
2140 3901 2203 3948 ob
2220 3900 2348 3948 hanc
2370 3900 2582 3948 maxime
2598 3915 2823 3963 causam,

715 3979 832 4014 nam
875 3971 1080 4028 utreque
1113 3964 1292 4014 dicitur
1321 3965 1522 4023 fabula,
1552 3968 1610 4012 ut
1646 3963 1734 4013 Gr.
1798 3965 1931 4024 quod
1970 3964 2184 4026 Tarpeia
2224 3965 2277 4012 in
2320 3964 2504 4013 honore
2544 3964 2678 4026 apud
2713 3965 2823 4014 Ro-

713 4029 869 4089 μῧθος.
941 4030 1020 4079 cf.
1053 4029 1164 4078 infr.
1203 4027 1372 4076 xxviii.
1409 4043 1452 4089 3.
1526 4028 1625 4077 Sed
1666 4028 1734 4076 le-
1798 4042 1969 4076 manos
1988 4029 2157 4076 habita
2178 4033 2266 4076 est.
2340 4028 2525 4088 Hodie,
2546 4034 2671 4076 teste
2694 4029 2821 4080 Nie-

809 4094 926 4142 dum
971 4093 1260 4142 crediderim
1301 4093 1500 4141 additur
1536 4093 1732 4152 sabula.
1798 4091 1989 4151 buinio,
2015 4091 2148 4140 &ma
2180 4092 2422 4154 Tarpeiae
2458 4092 2603 4155 viget,
2630 4091 2820 4142 ferunt-

713 4109 910 4208 ffiuls
929 4163 1096 4206 autem
1117 4157 1206 4204 illa
1222 4155 1352 4205 varie
1367 4161 1605 4205 narratur.
1654 4156 1733 4206 Cf.
1798 4171 1911 4218 que,
1924 4156 2055 4218 quod
2070 4161 2176 4204 arte
2188 4157 2407 4205 venefica
2418 4157 2677 4215 irretitmla
2689 4158 2821 4207 bella

717 4221 925 4285 Dionys.
958 4221 1008 4271 ii.
1043 4235 1120 4282 4ο.
1157 4221 1304 4282 Prop.
1335 4220 1402 4268 iv.
1433 4237 1482 4281 4,
1514 4225 1565 4268 et
1598 4221 1733 4269 Plut.
1802 4222 2013 4282 Tarpeia
2040 4219 2173 4268 intus
2202 4221 2368 4268 subter
2395 4221 2607 4268 mediam
2632 4223 2821 4271 montis

715 4285 768 4333 in
791 4285 1023 4335 Romulo,
1083 4285 1164 4332 Ad
1183 4283 1314 4332 hanc
1333 4299 1447 4332 vero
1468 4284 1731 4345 Tarpeiam
1794 4285 2040 4346 regionem
2071 4286 2105 4312 ‘⁶
2122 4286 2259 4334 sedet
2290 4289 2641 4348 aeternumque
2677 4285 2817 4334 sede-

715 4348 842 4398 forte
865 4350 1154 4399 translatum
1183 4354 1273 4408 est,
1293 4349 1424 4410 quod
1454 4349 1519 4398 de
1548 4349 1733 4411 puella,
1795 4349 1919 4399 biw’
