3000 4784
823 222 1013 287 ΜΒ.
1063 218 1216 287 vn.
1277 218 1503 287 οΑΡ.
1551 188 1663 289 37.“
2166 222 2297 287 439

71 374 114 423 5
144 378 372 433 eoee3
417 378 618 444 quum
658 356 920 435 Decius,
968 366 987 395 ‘
1009 356 1214 421 Macti
1253 355 1525 433 virtute,’
1564 354 1797 441 inquit,
1843 362 1863 393 ⁶
1884 352 2119 421 milites
2158 354 2381 421 Ro-U.
2406 370 2465 421 c.
2490 356 2601 431 με’.

147 452 180 482 ‘
217 443 432 521 mani,
463 456 616 508 este.
705 442 1010 508 Vestrum
1049 444 1172 508 iter
1207 464 1282 507 ac
1321 442 1599 508 reditum
1628 441 1847 506 omnia
1878 440 2131 507 saecula
2154 434 2371 508 lau-4·
2406 434 2464 484 C·
2490 447 2603 509 ³4⁰·

149 540 180 568 ε
213 528 422 595 dibm
471 529 694 595 ferent.
799 529 928 594 sed
985 529 1068 594 ad
1125 528 1641 617 conspiciendam
1700 540 1941 593 tantam
1992 528 2291 595 virtutem
2308 499 2570 613 ,Ἥζω

151 626 178 655 ‘
215 616 380 681 luce
415 638 490 680 ac
517 616 624 681 die
653 638 813 703 opus
846 630 982 681 est:
1029 638 1150 681 nec
1178 636 1292 679 vos
1319 614 1500 701 digni
1536 614 1704 692 estis,
1736 636 1899 702 quos
1932 636 2079 679 cum
2115 628 2295 681 tanta

151 712 184 740 ‘
273 701 438 767 loria
493 702 562 766 in
612 715 816 767 castra
861 702 1128 767 reduces
1185 700 1507 765 silentium
1566 722 1641 765 ac
1692 723 1823 765 nox
1876 714 2065 789 tegat.
2160 700 2293 767 Hic

152 798 184 827 ‘
213 724 444 853 {icem
473 788 677 875 quieti
705 788 1146 889 opperiamur!
1227 786 1436 851 Dictis
1463 788 1987 875 obtemperatum.
2068 788 2289 875 Atque

147 876 300 939 ubi
327 875 604 961 primum
635 874 864 952 illuxit,
887 874 1230 962 praemisso
1259 873 1488 938 nuntio
1510 873 1595 937 ad
1622 874 1945 939 consulem
1976 874 2043 939 in
2064 888 2287 953 castra,

79 974 126 1023 6
151 962 436 1049 ingenti
493 961 728 1049 gaudio
784 962 1222 1027 concitantur:
1293 973 1378 1036 et,
1433 972 1667 1025 tessem
1716 959 1885 1037 data,
1938 960 2289 1027 incolumes

153 1049 438 1125 reverti,
487 1049 602 1136 qui
647 1070 762 1113 sua
805 1070 1070 1135 corpora
1113 1068 1232 1134 pro
1281 1046 1480 1111 salute
1533 1047 1821 1112 omnium
1869 1046 2043 1111 haud
2088 1044 2289 1115 dubio

153 1133 472 1222 periculo
500 1135 897 1212 obiecissent,
927 1156 1046 1221 pro
1083 1154 1150 1197 se
1182 1131 1469 1219 quisque
1489 1133 1739 1197 obviam
1780 1132 1963 1197 effusi
2002 1132 2289 1213 laudant,

297 1220 602 1299 tulantur‚
635 1220 916 1309 singulos
956 1221 1410 1369 tmiversosqge
1451 1231 1795 1285 servatores
1838 1240 1985 1283 suos
2012 1232 2283 1285 vocant:

157 1244 310 1371 {iis
370 1306 590 1372 laudes
645 1320 982 1394 gratesque
1033 1317 1252 1394 agunt,
1377 1306 1588 1370 ecium
1633 1305 1703 1369 in
1750 1303 2001 1369 coelum
2050 1304 2287 1372 fercint-

165 1392 322 1459 E'jc
352 1393 543 1459 Decii
583 1394 916 1459 castrensis
955 1394 1144 1457 trium
1189 1392 1312 1456 hus
1343 1391 1486 1468 fuit,
1518 1390 1875 1457 incedentis
1914 1412 2033 1479 per
2072 1392 2288 1459 media

161 1492 391 1545 castra
445 1500 594 1545 cum
645 1492 886 1545 armato
936 1479 1140 1567 praesi
1188 1478 1268 1555 ’0,
1321 1478 1627 1543 coniectis
1674 1478 1745 1543 in
1795 1500 1945 1543 eum
1996 1478 2285 1544 omnium

163 1566 405 1643 oculis,
437 1579 504 1631 et
531 1566 708 1631 omni
735 1566 978 1631 honore
1009 1564 1336 1631 tribunum
1365 1564 1611 1630 consuli
1640 1562 2075 1651 aequantibus.
2149 1564 2281 1630 Ubi

163 1652 266 1717 ad
309 1653 698 1741 praetorium
737 1666 1000 1719 ventum
1043 1664 1158 1729 est,
1203 1650 1425 1715 consul
1471 1650 1733 1715 classico
1778 1649 1861 1714 ad
1906 1651 2283 1717 concionem

166 1752 529 1805 convocat:
585 1760 888 1826 orsusque
935 1738 1192 1803 meritas
1237 1737 1430 1802 Decii
1473 1736 1713 1815 laudes,
1762 1736 2099 1803 interfante
2142 1738 2283 1825 ipso

167 1826 412 1903 Decio,
443 1824 694 1891 distulit
725 1826 1136 1891 concionemz
1185 1824 1298 1912 qui
1333 1836 1557 1889 auctor
1589 1824 1805 1889 omnia
1836 1822 2281 1911 posthabendi,

167 1912 340 1977 dum
371 1913 616 1977 occasio
643 1912 712 1976 iu
743 1912 1034 1976 manibus
1062 1923 1246 1986 esset,
1269 1909 1548 1997 perpulit
1577 1910 1922 1987 consulem,
1946 1922 2020 1975 ut
2048 1908 2281 1989 hostes,

113 2018 148 2069 7
169 2012 250 2063 et
293 2012 612 2063 nocturno
655 2020 888 2086 pavore
934 1998 1254 2075 attonitos,
1300 2008 1370 2061 et
1417 1996 1587 2061 circa
1634 1995 1861 2061 collem
1911 1996 2281 2061 castellatim

169 2085 536 2171 dissipatos,
573 2084 1058 2172 aggrederetur:
1107 2079 1364 2148 credere
1405 2081 1599 2147 etiam
1640 2082 1906 2168 aliquos,
1942 2082 2027 2145 ad
2069 2102 2137 2146 se
2180 2104 2281 2147 se-

169 2168 514 2258 quendum
543 2172 819 2248 emissos,
851 2192 966 2257 per
993 2168 1220 2233 saltum
1250 2167 1480 2254 vagari.
1558 2166 1773 2231 Iussae
1804 2166 2085 2252 legiones
2106 2188 2281 2233 arma
2299 2186 2578 2237 vincuntur

169 2279 450 2344 capere:
498 2280 910 2357 egressaeque
939 2256 1176 2332 castris,
1209 2276 1409 2341 quum
1444 2274 1564 2340 per
1600 2274 1682 2317 ex
1730 2252 2033 2317 loratores
2068 2254 2279 2319 notior
2296 2252 2555 2303 Samnites.

169 2345 308 2408 iam
339 2343 534 2409 saltus
556 2356 738 2421 esset,
761 2366 866 2407 via
891 2342 1244 2431 patentiore
1269 2339 1352 2404 ad
1381 2338 1631 2404 hostem
1704 2351 1994 2404 ucuntur.
2062 2340 2281 2416 Quem

171 2430 510 2495 incautum
532 2430 870 2531 improviso
892 2429 1168 2505 adortae,
1193 2448 1393 2514 quum
1422 2425 1613 2513 palati
1640 2424 1869 2512 passim
1898 2424 2279 2491 Samnitium

171 2516 436 2594 milites,
480 2516 768 2604 plerique
819 2516 1112 2592 inermes,
1157 2535 1280 2578 nec
1329 2512 1500 2577 coire
1552 2512 1623 2575 in
1671 2532 1894 2588 unum,
1938 2534 2059 2577 nec
2106 2532 2283 2577 arma

171 2625 428 2703 capere,
481 2626 602 2667 nec
653 2603 934 2689 recipere
985 2601 1155 2665 intra
1201 2599 1439 2663 vallum
1489 2620 1559 2663 se
1608 2610 1885 2685 possent,
1937 2610 2278 2685 paventem

171 2712 459 2775 primum
497 2689 568 2753 in
605 2702 807 2755 castra
843 2710 984 2753 com
1069 2687 1273 2751 llunt:
1321 2684 1559 2751 deinde
1590 2697 1793 2748 castra
1826 2683 1981 2771 ipsa,
2014 2684 2279 2750 turbatis

171 2776 576 2853 stationibus,
622 2775 898 2862 capiunt.
1047 2772 1316 2838 erfertur
1357 2772 1529 2836 circa
1566 2769 1793 2835 collem
1840 2768 2113 2835 clamor:
2176 2770 2278 2835 fu-

169 2876 416 2949 gatque
459 2884 544 2927 ex
585 2862 716 2926 suis
758 2882 1078 2949 quemque
1125 2858 1470 2947 praesidiis.
1564 2856 1664 2921 Ita
1708 2878 1941 2943 magna
1980 2878 2125 2945 pm
2166 2858 2279 2923 ab·

123 2963 155 3011 8
169 2948 346 3012 senti
381 2948 549 3013 hosti
577 2947 781 3013 cessit.
878 2946 1060 3023 Quos
1097 2946 1266 3009 intra
1297 2943 1535 3009 vallum
1570 2957 1787 3031 egerat
1904 2966 2037 3021 vor,
2068 2943 2277 3031 (fixere

172 3047 396 3100 autem
427 3034 510 3099 ad
537 3034 798 3121 triginta
825 3031 1054 3115 millia)
1081 3052 1306 3097 omnes
1331 3030 1541 3106 caesi3
1586 3044 1789 3095 castra
1816 2966 2081 3180 Xiirffpta.

262 3120 372 3185 Ita
395 3122 588 3185 rebus
612 3120 824 3207 gestis,
855 3118 1095 3196 consul,
1127 3117 1429 3182 advocata
1457 3116 1786 3192 concione,
1817 3116 1892 3181 P.
1988 3116 2109 3181 ecii
2144 3136 2277 3181 non
2396 3114 2500 3179 37.

170 3218 435 3294 coeptas
473 3207 676 3272 solum
705 3218 873 3284 ante,
905 3204 1019 3271 sed
1047 3202 1398 3269 cumulatas
1426 3224 1595 3266 nova
1620 3202 1853 3265 virtute
1884 3201 2105 3265 laudes
2130 3222 2277 3287 per-
2293 3198 2479 3249 Decius
2499 3201 2585 3250 ¹10·

121 3318 152 3366 9
171 3294 349 3381 agit:
397 3306 464 3359 et
501 3306 752 3381 praeter
790 3291 1086 3357 militaria
1122 3290 1247 3355 alia
1289 3289 1476 3365 dona,
1508 3308 1703 3351 aurea
1742 3306 1977 3351 corona
2018 3308 2167 3351 eum
2207 3268 2451 3351 etnam.

238 3476 268 3526 5
303 3464 468 3511 Mucii
487 3462 696 3523 virtute]
733 3464 906 3511 Macte
925 3461 1064 3509 codd.
1089 3458 1193 3521 qui·-
1258 3456 1511 3507 Numerus
1552 3468 1803 3503 caetorum
1853 3452 1987 3502 haud
2030 3452 2178 3503 dubie
2220 3453 2273 3503 in

172 3528 314 3586 dani,
355 3527 606 3589 vulgatum
639 3540 754 3574 vero
791 3526 936 3574 madi
973 3523 1196 3572 defendit
1257 3521 1416 3570 maius
1466 3525 1641 3567 auctus
1684 3524 1775 3577 est,
1882 3516 2048 3565 oniam
2084 3518 2277 3565 bellum

169 3592 314 3639 locus
342 3590 494 3639 etiam
526 3590 662 3653 apud
685 3588 1078 3651 Lexicographos
1107 3602 1194 3635 no-
1256 3584 1460 3634 minima
1489 3582 1799 3657 profligatum
1879 3580 1933 3639 ἰ,
1954 3594 2114 3642 neque
2136 3582 2273 3631 Sm-

169 3660 268 3714 tua,
293 3654 427 3704 Ptin.
451 3654 522 3703 H.
547 3654 616 3703 N.
640 3654 688 3703 ii.
719 3668 790 3702 ια.
813 3654 978 3701 Maeli
997 3653 1194 3713 inqendo
1256 3649 1394 3698 nium
1425 3648 1591 3696 adhue
1622 3660 1671 3693 m
1706 3646 1857 3693 fldem
1882 3645 2163 3693 Romanam
2192 3660 2275 3694 ac-

171 3728 288 3777 ute,
309 3720 430 3768 eneti
449 3720 754 3781 interpretes.
801 3718 1004 3766 Maean
1023 3722 1191 3765 autem
1255 3718 1456 3775 ceptum
1487 3714 1579 3759 ast.
1644 3708 1775 3757 Fieri
1806 3714 1971 3757 tamen
2008 3714 2187 3772 potest,
2215 3716 2275 3759 ut

171 3799 218 3830 m
295 3785 306 3795 '
353 3788 544 3831 amus.
1255 3790 1408 3839 quum
1449 3773 1681 3823 Valerius
1716 3772 1767 3821 in
1803 3774 2035 3835 Capuan
2076 3788 2273 3823 mcc·-

303 3848 504 3895 Tosoem
521 3846 667 3906 data]
693 3843 930 3893 Similiter
947 3845 1086 3905 eiquo
1104 3843 1190 3891 da-
1253 3840 1410 3899 sinet,
1429 3840 1555 3888 haec
1575 3852 1653 3887 res
1673 3837 1907 3887 Cornelio
1929 3837 2185 3897 obstin-it,
2206 3852 2273 3885 ιιο

172 3918 222 3959 ω
261 3908 458 3971 saepius
501 3909 710 3959 occurrit
753 3922 842 3971 pm
877 3908 1062 3957 nuncio
1097 3922 1194 3968 per
1257 3904 1458 3953 victoria
1493 3918 1585 3951 ma
1618 3906 1849 3951 uteretur.
1918 3900 2165 3963 Equidem
2198 3900 2269 3948 fi.-

173 3982 338 4023 eastm
377 3974 555 4032 dedico,
585 3978 824 4034 tanquam
865 3978 1048 4021 tenera
1087 3970 1192 4019 sive
1253 3974 1360 4016 teor
1399 3966 1523 4015 mihi
1566 3965 1753 4027 aliquid
1796 3966 1849 4014 in
1891 3965 1989 4013 hoc
2029 3964 2275 4020 nxhdoee,

171 4038 310 4101 signo
329 4037 546 4086 militari.
1253 4032 1384 4093 quod
1405 4046 1470 4079 ex
1491 4044 1644 4078 mauu
1662 4028 1849 4079 Valerii
1867 4027 2096 4085 Antiatis,
2108 4026 2159 4073 iu
2177 4026 2266 4073 fin-

247 4114 276 4163 7
317 4101 642 4161 castellatim]
694 4100 744 4148 h.
767 4114 812 4147 e.
853 4100 950 4148 Per
985 4097 1190 4146 castella
1251 4094 1422 4158 gaudis
1454 4093 1669 4143 numeris
1710 4106 1905 4153 semper
1936 4090 2083 4163 nimis
2117 4088 2267 4161 andg-

172 4164 274 4214 sive
291 4164 482 4213 viculo·
493 4162 875 4223 montano-‚nini
893 4160 1036 4211 malis
1056 4176 1190 4223 span·
1253 4160 1339 4219 cis,
1383 4158 1660 4221 provenine
1700 4156 1908 4205 videtur.
1952 4152 2159 4202 Niebhr.
2198 4164 2269 4200 m.

171 4229 280 4289 nim,
307 4228 456 4277 certia
483 4227 770 4288 intervallis,
797 4242 932 4276 moro
965 4225 1187 4274 castello-
1253 4238 1302 4287 p.
1332 4237 1437 4283 ¹4¹·

173 4308 298 4342 rum.
1317 4300 1352 4350 9
1381 4287 1559 4337 Aurea
1574 4284 1779 4344 mona]
1816 4281 1877 4333 ef.
1900 4280 2044 4343 Supr.
2065 4292 2135 4329 m.
2156 4292 2235 4342 ²9·

235 4358 270 4406 8
301 4356 737 4408 Memmi
767 4356 974 4418 trifinio
1003 4352 1188 4411 millia]
