3000 4784
943 209 1132 286 ΜΒ.
1191 218 1242 284 1.
1317 219 1539 284 CAP.
1600 225 1701 284 31.
2290 223 2371 286 37

311 357 496 422 uenti
553 355 978 444 negotiatores
1037 355 1366 422 Romanos
1419 355 1913 442 comprehensos
1969 355 2371 440 querebatur.

263 381 496 508 gabini
537 465 688 508 suos
804 442 900 508 'us
937 443 1008 506 in
1041 442 1260 506 lucum
1294 441 1651 527 confugisse
1690 463 1765 505 ac
1798 440 2043 506 Romae
2072 453 2370 506 retentos.

263 529 416 594 Hae
469 551 696 594 causae
824 527 896 594 lli
944 528 1328 594 ferebantur.
1439 526 1681 603 Sabini,
1734 525 1909 592 haud
2240 548 2376 592 me-

261 637 498 692 mores,
549 628 620 680 et
665 637 922 682 suarum
967 614 1200 680 virium
1245 626 1490 702 partem
1545 612 1791 678 Romae
1844 613 1924 676 ab
2034 613 2165 678 atio
2207 612 2375 678 loca-

265 713 422 777 tam,
473 713 544 767 et
601 700 959 766 Romanam
1023 723 1162 766 rem
1219 722 1424 786 nuper
1488 699 1681 764 etiam
1740 698 2095 764 adiectione
2154 698 2375 798 populi

264 787 514 852 Albani
569 799 841 864 auctam,
902 785 1388 886 circumpicere
1460 797 1529 850 et
1596 785 1717 872 ipsi
1784 798 2052 850 externa
2116 785 2371 850 auxilia.

267 872 533 938 Etruria
565 885 702 940 erat
729 872 978 949 vicina3
1022 872 1298 972 proximi
1330 870 1742 936 Etruscorum
1772 869 2093 936 Veientes.
2188 870 2373 948 Inde,

261 960 350 1024 ob
369 959 656 1024 residuas
683 958 998 1024 bellorum
1019 980 1142 1022 iras
1163 958 1440 1024 maxime
1469 957 1816 1022 sollicitatis
1834 957 1917 1022 ad
1946 956 2373 1022 defectionem

261 1045 516 1122 animis,
564 1044 952 1111 voluntarios
1003 1057 1290 1109 traxere:
1355 1055 1424 1109 et
1473 1042 1647 1130 apud
1691 1065 1883 1130 vagos
1933 1043 2243 1129 quosdam
2288 1065 2373 1108 ex

261 1131 444 1218 inopi
498 1130 684 1218 plebe
735 1131 928 1196 etiam
987 1152 1227 1196 merces
1275 1129 1492 1194 valuit.
1585 1127 1855 1194 Publico
1904 1128 2143 1194 auxilio
2194 1128 2372 1194 nullo

259 1217 472 1282 adiuti
531 1229 724 1294 sunt3
790 1216 1117 1302 valuitque
1170 1216 1343 1302 apud
1394 1213 1705 1280 Veientes
1760 1213 1941 1299 (nam
2002 1215 2085 1279 de
2144 1215 2373 1280 ceteris

211 1302 246 1352 ⁶
259 1303 482 1368 minus
530 1304 764 1368 mirum
809 1301 940 1388 est)
987 1315 1172 1389 pacta
1221 1324 1372 1366 cum
1419 1299 1703 1365 Romulo
1751 1299 2145 1365 indutiarum
2190 1301 2366 1365 fides.

267 1388 498 1463 Quum
529 1388 774 1488 bellum
811 1401 1134 1488 utrunque
1177 1409 1426 1452 summa
1465 1409 1585 1487 ope
1812 1401 1943 1462 ent,
1974 1386 2261 1472 vertique
2302 1386 2371 1450 in

259 1497 346 1540 eo
391 1497 494 1541 res
530 1475 874 1551 videretur,
915 1487 1041 1539 utri
1087 1474 1264 1560 prius
1307 1495 1484 1537 arma
1622 1484 1855 1548 errent,
1900 1493 2061 1536 occu
2144 1485 2173 1535 t
2212 1471 2373 1536 Tul-

259 1561 366 1626 lus
410 1561 482 1626 in
523 1583 748 1647 agrum
797 1558 1106 1626 Sabinum
1145 1559 1430 1624 transire.
1523 1558 1580 1622 P
1796 1571 1978 1622 atrox
2150 1556 2370 1622 silvam

261 1646 660 1712 Malitiosam
699 1647 856 1712 fuit:
909 1647 1018 1711 ubi
1055 1658 1124 1710 et
1164 1645 1454 1733 peditum
1499 1643 1613 1730 qui
1658 1666 1763 1708 em
1804 1644 2050 1721 robore,
2086 1657 2371 1710 ceterum

261 1733 560 1820 equitatu
587 1743 776 1798 aucto
807 1753 1029 1832 nuper,
1059 1731 1408 1820 plurimum
1437 1730 1734 1794 Romana
1760 1729 1927 1794 acies
1954 1729 2169 1795 valuit.
2262 1729 2371 1794 Ab

259 1820 590 1905 equitibus
617 1831 880 1905 repente
909 1819 1177 1882 invectis
1205 1817 1442 1882 turbati
1481 1816 1737 1880 ordines
1764 1828 1915 1880 sunt
1948 1814 2366 1880 Sabinorum:

259 1927 390 1970 nec
435 1927 653 1992 pugna
702 1904 938 1970 deinde
987 1904 1112 1968 illis
1156 1914 1463 1980 constare,
1512 1925 1633 1968 nec
1682 1901 1836 1988 fuga
1879 1900 2183 1988 explicari
2232 1902 2370 1966 sine

525 1990 722 2056 caede
749 1990 976 2077 potuit.

259 2013 644 2142 magzgicfis
703 2076 975 2152 Sabinis,
1043 2098 1246 2162 quum
1310 2075 1380 2138 in
1738 2073 1941 2160 gloria
1996 2075 2367 2161 magnisque
2494 2071 2597 2132 31·

261 2164 496 2251 opibus
542 2185 812 2251 regnum
866 2160 1044 2227 Tulli
1095 2183 1170 2226 ac
1220 2174 1356 2226 tota
1409 2183 1513 2224 res
1630 2181 1860 2226 omana
1908 2173 2091 2238 esset,
2149 2160 2372 2226 nunti-

261 2263 444 2314 atum
491 2249 627 2336 regi
685 2249 1107 2335 Patribusque
1167 2261 1282 2324 est,
1333 2247 1402 2312 in
1461 2259 1681 2311 monte
1740 2245 1997 2310 Albano
2054 2245 2373 2332 lapidibus
2390 2263 2663 2325 Lapidibus

219 2336 520 2423 ⁷pluisse.
633 2334 832 2410 Quod
877 2355 1078 2421 quum
1124 2333 1298 2398 credi
1345 2333 1454 2396 vix
1686 2345 1732 2409 t,
1781 2332 1984 2396 missis
2030 2332 2113 2396 ad
2162 2332 2233 2398 id
2279 2333 2369 2397 vi·
2390 2327 2518 2398 9¹⁰³?
2540 2328 2589 2376 ⁵¹¹
2614 2330 2699 2377 Al·

259 2422 538 2488 sendum
574 2420 958 2508 prodigium,
1001 2421 1070 2484 in
1113 2432 1480 2505 conspeetu,
1594 2418 1686 2482 ud
1724 2417 1908 2482 aliter
1986 2440 2135 2483 uam
2170 2442 2369 2516 quum
2388 2393 2485 2504 {²2¹¹
2486 2407 2517 2439 ⁰
2540 2407 2674 2440 ¹¹¹⁰¹¹'

259 2507 642 2595 gimdinem
657 2507 834 2574 venti
898 2505 1266 2570 lomeratam
1289 2505 1358 2571 in
1377 2517 1573 2568 terras
1601 2515 1819 2589 agunt,
1851 2525 1956 2568 ere
2000 2503 2056 2566 ri
2086 2503 2371 2568 cecidere

262 2592 446 2659 coelo
467 2592 728 2680 lapides.
869 2593 946 2658 lsi
967 2592 1162 2658 etiam
1190 2589 1409 2654 audire
1438 2609 1663 2653 vocem
1685 2589 2015 2674 ingentem
2035 2610 2118 2653 ex
2141 2589 2372 2652 summi

263 2678 614 2744 cacuminis
647 2678 813 2755 lucc,
845 2689 920 2742 ut
955 2677 1162 2777 patrio
1195 2675 1326 2740 ritu
1359 2697 1537 2740 sacra
1563 2673 1805 2738 Albani
1842 2673 2141 2750 facerent,
2231 2697 2370 2752 use,

263 2765 444 2831 velut
472 2765 596 2830 diis
630 2786 888 2850 quoque
927 2762 1116 2828 simul
1143 2784 1294 2827 cum
1321 2760 1530 2849 patria
1560 2759 1815 2836 relictis,
1846 2758 2148 2824 oblivioni
2304 2783 2374 2826 e-

263 2865 412 2916 rant
427 2876 446 2914 ι
495 2863 562 2916 et
587 2863 700 2918 aut
724 2849 1020 2914 Romana
1037 2869 1214 2912 sacra
1239 2859 1665 2938 susceperant,
1688 2860 1819 2922 aut,
1843 2845 2152 2923 fortunae,
2177 2859 2250 2911 ut
2276 2847 2369 2924 fit,

263 2936 514 3013 obirati,
573 2935 820 3000 cultum
863 2934 1256 3021 reliquerant
1311 2933 1525 2998 deum.
1618 2931 1927 2996 Romanis
1974 2955 2231 3019 quoque
2291 2935 2371 2998 ab

265 3022 498 3088 eodem
533 3021 826 3170 prodiffio
853 3019 1230 3086 novendiale
1261 3041 1508 3084 sacrum
1548 3016 1803 3106 publice
1833 3031 2197 3118 susceptum
2236 3032 2366 3084 est:

265 3131 384 3174 seu
415 3129 574 3174 vooe
613 3130 728 3176 coe
751 3106 874 3172 esti
907 3129 992 3172 ex
1021 3105 1278 3172 Albano
1306 3117 1525 3170 monte
1556 3105 1762 3180 missa,
1794 3104 1974 3191 (nam
2013 3104 2083 3168 1d
2156 3127 2371 3191 uoque

267 3192 570 3280 traditur)
607 3216 720 3258 seu
757 3191 1164 3278 haruspicum
1211 3191 1476 3256 monitu.
1570 3189 1815 3256 Mansit
1852 3201 2025 3254 certe
2064 3213 2133 3254 so
2182 3213 2370 3267 enne,

267 3277 1048 3451 ilatgve‘inuffigg’qassreiildu?
1107 3276 1470 3365 prodigium
1534 3275 1949 3353 nuntiaretur,
2003 3275 2197 3342 feriae
2258 3299 2375 3362 per

269 3579 400 3629 servi
433 3578 484 3628 in
529 3579 804 3634 libertatem
839 3577 1068 3628 vindicati
1105 3577 1288 3640 pileum
1356 3577 1615 3628 Animadv.
1642 3577 1827 3626 Histor.
1848 3596 1890 3639 4.
1915 3578 2157 3642 scripsisse
2180 3579 2375 3628 Livium

485 3651 540 3702 ις
567 3645 780 3693 alterum
811 3643 864 3692 in
887 3643 1084 3692 Etruria
1105 3643 1170 3694 ad
1193 3643 1291 3690 Ve·
1356 3649 1521 3690 censet
1540 3645 1697 3690 Pacta
1718 3658 1827 3692 oum
1850 3644 2001 3692 Tullo.
2031 3644 2192 3692 Cnnv.

273 3707 468 3766 sidiam,
483 3708 680 3756 Gruter.
703 3709 856 3756 Inscr.
881 3722 930 3770 p.
958 3721 1073 3764 2203
1095 3707 1292 3754 tertium
1427 3718 1452 3766 7
1484 3706 1756 3767 Lapidilma
1778 3708 1988 3768 pluisse]
2027 3707 2109 3755 De
2140 3707 2217 3756 his
2248 3707 2373 3756 aliis-

273 3772 336 3819 de
357 3787 458 3833 quo
487 3787 620 3819 nunc
642 3769 800 3834 agitur
820 3771 871 3818 in
897 3770 1094 3818 Etruria
1125 3769 1188 3817 ad
1222 3785 1292 3818 ra-
1358 3783 1454 3829 que
1493 3770 1730 3830 prodiyit's
1767 3769 1815 3816 h.
1850 3785 1893 3820 e.
1932 3772 2075 3818 rebus
2113 3769 2376 3832 quibusvis,

273 3835 408 3883 dices
445 3833 657 3882 Soractis
693 3833 874 3882 montis
905 3834 954 3881 in
987 3847 1102 3894 agro
1135 3835 1292 3894 Cape·
1357 3847 1484 3892 quae
1528 3839 1697 3880 contra
1748 3839 1950 3882 naturae
2005 3849 2189 3882 morem
2234 3835 2377 3893 fiunt,

273 3905 410 3958 nate,
429 3899 512 3946 nbi
534 3899 762 3960 frequem
791 3897 941 3946 totius
963 3897 1142 3946 Italiae
1173 3911 1296 3945 mer-
1359 3895 1579 3958 iramque
1610 3896 1825 3946 divinam
1857 3897 2075 3946 indicant
2101 3895 2257 3960 (unde
2288 3899 2374 3959 hy-

275 3968 430 4014 eatns.
495 3962 574 4012 Os.
601 3961 752 4010 Dion.
775 3961 842 4010 iii.
867 3975 944 4022 52·
1359 3975 1465 4008 ems
1489 3967 1683 4022 praeter
1710 3975 1895 4008 morem
1925 3961 2089 4024 gelida
2120 3977 2178 4009 ac
2211 3962 2378 4010 nivosa

339 4023 374 4073 6
404 4026 750 4085 Indutiamm]
802 4025 950 4080 Quae
986 4029 1158 4085 ruptae
1193 4023 1296 4086 qui-
1360 4023 1467 4070 infr.
1514 4038 1569 4083 ¹4
1608 4023 1785 4071 dieitur
1816 4025 2057 4086 prodifflis
2095 4026 2276 4073 (Ιίυἰηίε
2315 4027 2377 4070 n·-

275 4089 392 4138 dem
421 4089 530 4150 ipso
555 4093 788 4152 regnante
810 4089 964 4136 Tullo
985 4088 1192 4146 fuerant,
1213 4088 1300 4135 sed
1362 4085 1516 4150 mdis)
1550 4087 1645 4136 vid.
1682 4088 1723 4136 1.
1759 4088 1820 4136 A.
1858 4087 1913 4136 F.
1950 4089 2121 4150 Steger
2155 4103 2249 4136 von
2285 4088 2379 4134 den

277 4152 506 4200 ridentur
535 4151 684 4200 fuisse
715 4157 989 4200 renovatae.
1037 4151 1154 4198 vid.
1191 4151 1297 4199 infr.
1363 4153 1631 4212 Prodiyien
1676 4150 1883 4200 Brunsv.
1928 4153 2064 4200 1800.
2108 4157 2159 4197 et
2212 4151 2378 4211 Heyu.

279 4230 356 4276 42.
416 4221 470 4263 et
517 4231 578 4263 ea
625 4231 752 4277 quse
809 4214 878 4262 ibi
937 4214 1294 4264 annotabimus.
1361 4215 1543 4275 Opusc.
1579 4215 1731 4262 Aead.
1754 4215 1823 4264 iii.
1848 4230 1897 4276 p.
1926 4217 2189 4277 198—215.
2213 4219 2265 4261 et
2288 4227 2379 4274 255

280 4279 530 4328 Romulus
551 4285 718 4328 autem
754 4279 834 4327 hic
864 4279 1162 4341 appellatur,
1183 4277 1298 4338 quia
1359 4293 1454 4326 -α
1463 4291 1536 4338 74.
1574 4279 1703 4328 Bur.

279 4343 470 4404 primus
509 4343 708 4392 inarum
751 4349 936 4394 auctor.
1021 4340 1298 4390 Perizonius
1405 4373 1416 4380 -
