3000 4784
710 233 835 292 582
1464 221 1690 289 ΤΙΤΙ
1753 221 2026 288 LIVII

391 393 459 442 U.
483 392 542 442 c.
568 391 676 454 456·
712 389 967 442 vocatae
998 399 1215 441 omnes
1250 375 1571 440 centuriae
1611 373 1932 438 consulem
1973 397 2122 438 cum
2151 375 2229 440 L.
2251 369 2605 441 Volumnio
2635 375 2834 440 dice-—

389 461 449 511 A·
485 456 544 505 0·
568 455 678 520 ²9⁶·
714 466 885 529 bant.
977 463 1153 528 Fabii
1202 461 1399 526 oratio
1444 461 1583 538 fuit,
1629 459 1832 548 qualis
1877 461 2138 526 biennio
2185 477 2372 527 ante:
2429 462 2694 540 deinde,
2749 477 2834 525 ut

500 2553 601 2612 23.

394 2815 642 2893 Pudicitia

393 2888 609 2944 pamma.

718 551 1083 615 vincebatur
1102 570 1433 625 consensu,
1456 569 1640 647 versa
1657 560 1974 634 postremo
2001 547 2084 612 ad
2105 547 2412 637 collegam
2436 547 2512 614 P.
2529 548 2830 614 Decium

715 637 1121 763 poscendum.
1188 643 1207 673 ‘
1224 633 1303 699 Id
1332 647 1821 734 senectuti-suae
1852 633 2310 734 adminiculum
2337 635 2470 701 fore
2489 661 2508 700 ε
2546 657 2834 736 censura

762 725 1133 824 duobusque
1162 719 1592 785 consulatlbus
1617 719 1807 784 slmul
1833 733 2026 806 gestis
2055 735 2388 809 expertum
2419 745 2509 800 se,
2535 723 2634 786 ml
2663 745 2832 786 con-
2855 749 2878 781 1

722 820 741 848 ‘
761 810 937 874 cordi
993 807 1260 894 collegio
1316 807 1560 870 firmius
1625 807 1708 870 ad
1771 808 2224 894 rempublicam
2286 808 2598 873 tuendam
2658 831 2827 872 esse.

722 905 741 934 ‘
764 895 953 960 Novo
996 895 1245 982 imperii
1288 894 1458 958 socio
1496 894 1604 956 vix
1648 893 1773 957 iam
1817 917 2170 959 assuescere
2215 894 2476 960 senilem
2525 896 2832 959 animum

722 992 741 1021 ‘
760 1005 980 1070 posse:
1044 1003 1191 1046 curn
1242 980 1519 1044 moribus
1568 980 1736 1044 notis
1785 980 2027 1045 facilius
2077 1004 2144 1045 se
2195 982 2828 1047 communicaturum

723 1080 742 1107 ‘
763 1068 1063 1134 consilia.²
1154 1067 1534 1154 Subscripsit
1572 1066 1840 1131 orationi
1880 1067 2015 1131 eius
2053 1067 2293 1145 consul,
2326 1091 2530 1154 quum
2573 1068 2832 1134 meritis

720 1156 794 1221 P.
818 1155 1006 1220 Decii
1033 1154 1344 1232 laudibus,
1378 1166 1534 1231 tum,
1575 1162 1593 1192 ‘
1657 1175 1773 1218 uae
1794 1176 1876 1218 ex
1899 1154 2237 1219 concordia
2257 1154 2594 1220 consulum
2625 1156 2826 1232 bona,

724 1252 744 1281 ‘
765 1265 1055 1330 quaeque
1086 1265 1168 1306 ex
1197 1239 1510 1306 discordia
1538 1263 1602 1303 m
1730 1240 1798 1304 in
1829 1240 2370 1306 administratione
2397 1263 2620 1306 remm
2653 1241 2831 1305 mili·

723 1338 743 1368 ‘
768 1330 993 1394 tarium
1050 1328 1414 1404 evenirent,'
1471 1327 1897 1405 memorandO,
1969 1335 1988 1365 ‘
2010 1351 2202 1428 quam
2255 1350 2452 1416 prope
2511 1327 2832 1393 ultimum

725 1425 746 1454 ‘
765 1415 1103 1480 discrimen
1160 1414 1289 1479 suis
1346 1427 1413 1478 et
1462 1412 1742 1500 collegae
1793 1415 2240 1478 certaminibus
2287 1436 2494 1502 nuper
2545 1429 2828 1479 ventum

724 1512 744 1542 ‘
763 1502 925 1567 foret
945 1501 993 1566 ε’
1038 1500 1439 1566 admonendo
1469 1499 1746 1564 Decium
1776 1499 2190 1588 Fabiumque,
2237 1509 2260 1540 ‘
2279 1513 2350 1565 ut
2393 1523 2526 1566 uno
2575 1502 2827 1579 anima,

724 1599 745 1628 ‘
766 1611 895 1654 una
920 1600 1134 1654 mente
1164 1588 1465 1652 viverent.
1559 1585 1712 1651 Esse
1799 1599 2082 1652 taeterea
2108 1587 2272 1652 viro·
2305 1601 2487 1652 natos
2523 1588 2826 1666 militiae,

724 1684 745 1714 ‘
764 1675 942 1740 factis
982 1697 1259 1774 magma,
1291 1673 1372 1738 ad
1400 1675 1736 1738 verborum
1799 1673 1814 1686 ⁰
1955 1695 2156 1760 aeque
2191 1675 2538 1739 certamina
2575 1675 2782 1739 rudoe
2803 1700 2822 1738 t

722 1771 744 1800 ‘
763 1785 841 1826 ea
888 1761 1145 1848 ingenia
1194 1758 1545 1824 consularia
1593 1783 1745 1824 esse.
1902 1759 2125 1825 allidos
2169 1759 2602 1861 sollertesque,
2663 1763 2828 1826 iuris

722 1856 741 1886 ‘
762 1871 800 1911 a
872 1870 952 1911 ue
1002 1844 1401 1932 eloquentiae
1453 1844 1792 1924 consultoS,
1844 1845 2046 1934 qualis
2097 1847 2224 1935 Ap.
2261 1845 2571 1912 Claudius
2623 1861 2824 1926 esset,

720 1943 741 1974 ‘
765 1955 839 1998 ur
881 1933 997 1998 iac
1018 1932 1154 1997 foro
1182 1930 1499 2020 praesides
1529 1932 1873 2011 habendos,
1943 1947 2338 2022 raetoresque
2368 1933 2451 1998 ad
2477 1933 2826 1999 reddenda

722 2021 901 2085 ‘iura
945 2019 1250 2084 creandos
1292 2019 1467 2086 esse.’
1555 2018 1680 2083 His
1729 2041 1890 2106 agen
1939 2021 1990 2083 is
2040 2018 2178 2084 dies
2227 2032 2324 2085 est
2373 2035 2820 2109 consumptus,

722 2106 1031 2173 Postridie
1072 2106 1156 2170 ad
1244 2105 1656 2193 raescriptum
1701 2106 1975 2171 consulis
2021 2119 2088 2170 et
2131 2106 2484 2172 consularia
2517 2121 2588 2172 et
2627 2131 2822 2196 prae-

719 2195 881 2260 toria
908 2193 1161 2259 comitia
1232 2193 1417 2258 abita.
1515 2191 1826 2257 Consules
1865 2193 2058 2256 creati
2093 2191 2172 2268 Q.
2202 2192 2432 2258 Fabius
2471 2205 2539 2258 et
2568 2193 2644 2259 P.
2675 2194 2822 2260 De-

720 2283 891 2346 cius:
942 2280 1066 2367 Ap.
1106 2278 1415 2344 Claudius
1457 2291 1749 2366 praetor;
1796 2301 2016 2344 omnes
2059 2279 2361 2344 absentes.
2454 2279 2542 2344 Et
2571 2279 2652 2346 L.
2677 2281 2822 2346 Vo-
2838 2313 2862 2345 2

719 2367 961 2432 lumnio
1006 2389 1089 2430 ex
1135 2365 1675 2431 senatusconsulto
1725 2377 1790 2430 et
1833 2365 1993 2430 scito
2037 2365 2238 2454 plebis
2283 2381 2696 2454 prorogatum
2746 2369 2820 2433 in

719 2476 957 2518 annum
986 2453 1323 2539 imperium
1352 2465 1465 2517 est.

808 2540 906 2606 Eo
950 2561 1117 2604 anno
1159 2538 1448 2626 prodigia
1492 2537 1692 2604 multa
1727 2539 2024 2604 fuerunt:
2073 2562 2342 2627 quorum
2385 2562 2818 2607 averruncan-

719 2627 941 2692 dorum
994 2649 1182 2691 causa
1228 2625 1718 2713 supplicationes
1767 2627 1838 2690 in
1889 2626 2154 2690 biduum
2200 2639 2453 2691 senatus
2498 2627 2812 2694 decrevit.

718 2713 981 2779 Publice
1025 2713 1244 2777 vinum
1291 2735 1363 2777 ac
1410 2725 1513 2777 tus
1555 2711 1931 2798 praebitum.
2027 2711 2462 2800 Supplicatum
2505 2715 2637 2779 iere
2681 2715 2816 2780 ste-

718 2813 988 2887 quentes
1036 2799 1155 2863 viri
1202 2799 1620 2886 feminaeque.
1709 2797 2033 2885 Insignem
2083 2799 2606 2887 supplicationem
2651 2802 2814 2866 fecit

717 2899 1035 2950 certamen
1063 2885 1133 2947 in
1161 2883 1388 2949 sacello
1411 2884 1762 2949 Pudicitiae
1789 2885 2107 2972 patriciae,
2132 2909 2295 2973 quae
2323 2885 2392 2950 in
2422 2886 2557 2952 foro
2586 2888 2808 2952 boario
2827 2918 2858 2965 3

716 2983 812 3036 est
860 2969 941 3034 ad
991 2969 1215 3034 aedem
1265 2969 1602 3035 rotundam
1651 2969 1946 3036 Herculis
1990 2973 2158 3037 inter
2207 2983 2521 3038 matronas
2568 2985 2802 3040 ortum.

716 3056 1090 3145 Virginiam,
1122 3055 1279 3121 Auli
1322 3054 1536 3134 filiam,
1582 3057 1909 3144 patriciam
1957 3057 2206 3145 plebeio
2251 3071 2519 3147 nuptam
2560 3060 2638 3126 L.
2662 3059 2808 3127 Vo-

715 3144 958 3210 lumnio
988 3141 1249 3221 consuli,
1274 3155 1616 3221 matronae,
1641 3143 1816 3245 quod
1838 3168 1875 3209 e
1897 3143 2192 3210 Patribus
2219 3147 2588 3233 enupsisset,
2612 3149 2808 3213 sacris
2823 3177 2856 3220 4

718 3245 1059 3298 arcuerant.
1152 3230 1373 3295 Brevis
1400 3229 1720 3295 altercano
1748 3231 1900 3295 inde
1939 3253 2022 3295 ex
2055 3230 2381 3296 iracundia
2409 3233 2704 3299 muliebri
2735 3235 2806 3299 in

718 3320 1187 3384 contentionem
1222 3318 1577 3383 animorum
1605 3317 1874 3382 exarsit:
1967 3341 2120 3382 uum
2159 3341 2226 3382 se
2255 3317 2339 3398 V‘
2421 3319 2434 3332 ‘
2487 3319 2548 3384 ‘a
2582 3333 2652 3385 et
2689 3344 2806 3408 pa-

718 3405 960 3471 triciam
990 3419 1056 3470 et
1081 3405 1377 3492 pudicam
1406 3405 1474 3468 in
1503 3403 1800 3492 patriciae
1830 3403 1933 3468 Pu
1981 3403 2184 3468 'citiae
2212 3417 2390 3494 temp
2415 3427 2522 3471 um
2558 3405 2804 3494 ingres-

717 3515 868 3570 sam,
904 3506 971 3556 et
1016 3491 1129 3556 uni
1174 3506 1458 3581 nuptam,
1498 3489 1581 3555 ad
1620 3513 1813 3577 quem
1857 3491 2034 3578 virgo
2077 3490 2355 3556 deducta
2397 3493 2479 3556 sit
2497 3517 2517 3569 3
2563 3515 2686 3560 nec
2732 3519 2798 3562 se
2819 3515 2846 3564 5

784 3742 803 3776 1
842 3729 1073 3779 eonem-di
1110 3731 1331 3791 callepio]
1368 3731 1430 3778 cf.
1466 3731 1609 3792 Supr.
1646 3743 1718 3791 13.
1783 3730 1985 3778 beraudi
2041 3731 2120 3778 vel
2179 3731 2308 3779 aliae
2371 3731 2650 3781 huiusmodi
2721 3734 2791 3782 mi

712 3797 963 3855 aspertum
994 3793 1114 3840 mihi
1146 3796 1364 3860 concordi
1396 3795 1592 3856 mlleyio
1621 3797 1720 3843 vir·
1783 3809 1932 3842 causa
1969 3793 2099 3843 cives
2137 3793 2506 3854 conveniebant,
2545 3803 2599 3844 ut
2629 3796 2789 3845 forum

711 3873 810 3908 um.
1783 3857 2083 3917 Romanum,
2115 3863 2166 3907 et
2203 3863 2376 3921 postea
2409 3859 2634 3921 Augusti,
2671 3860 2790 3910 Tn-

778 3936 805 3970 ⁴2
846 3921 1105 3979 Abantes]
1175 3918 1425 3968 Nimirum
1480 3921 1566 3982 qui
1619 3937 1719 3970 non
1785 3921 1900 3970 iani.

713 3984 957 4036 candidati
1001 3983 1211 4033 comitiis
1251 3984 1529 4034 intererant.
1619 3986 1719 4047 Ap-
1855 4004 1888 4047 4
1935 3987 2074 4045 Quod
2121 4003 2150 4036 e
2200 3988 2440 4036 Patribus
2489 3992 2786 4062 enuptiuet]

713 4049 823 4112 pius
858 4051 923 4097 ab
950 4050 1069 4098 urbe
1100 4049 1285 4108 aberat,
1318 4047 1502 4096 Fabius
1532 4053 1583 4097 et
1619 4049 1718 4098 De-
1785 4050 1939 4106 Quod
1971 4065 2060 4113 per
2089 4051 2387 4100 connubium
2415 4065 2478 4100 ex
2505 4053 2680 4103 ordine
2707 4070 2790 4118 pa-
2878 4081 2888 4089 ·

710 4113 815 4162 cius
834 4129 865 4161 a
887 4129 1077 4175 campo.
1112 4113 1172 4162 cf.
1196 4113 1304 4162 infr.
1326 4112 1458 4162 xxvi.
1483 4127 1559 4162 22.
1783 4115 2034 4162 triciorum
2071 4115 2122 4162 in
2165 4115 2385 4164 ordinem
2421 4117 2584 4178 plebis
2619 4119 2788 4168 nansi-

776 4191 804 4237 3
836 4179 903 4224 In
934 4179 1051 4236 soro
1093 4179 1280 4236 Boario]
1340 4176 1459 4225 Dua
1505 4177 1717 4225 sororum
1781 4178 1912 4228 isset.
1947 4179 2008 4226 cf.
2031 4193 2162 4242 supr.
2179 4179 2244 4228 iv.
2269 4198 2315 4240 ⁴·

706 4253 885 4298 genera
920 4244 1073 4297 erant,
1111 4255 1263 4290 unum
1301 4255 1466 4288 eorum
1510 4240 1592 4288 ubi
1637 4255 1714 4288 res
1841 4257 1868 4302 5
1909 4244 2010 4292 Uni
2037 4246 2271 4305 nuptam]
2309 4241 2514 4306 Quippe
2543 4246 2783 4307 mulieres,

708 4302 903 4347 venales
952 4303 1251 4362 prostabant,
1296 4309 1351 4353 ut
1393 4304 1550 4352 forum
1587 4305 1710 4353 Bou·
1776 4319 1903 4363 quae
1923 4306 2063 4354 alteri
2088 4307 2190 4354 viro
2219 4313 2406 4368 nuptae
2431 4315 2609 4368 essent,
2629 4312 2694 4358 ab
2715 4327 2784 4360 m-

708 4363 850 4418 rim,
887 4365 1159 4422 olitorium,
1196 4367 1420 4425 alterum,
1464 4367 1548 4414 ubi
1591 4367 1709 4414 deli·
1775 4367 1868 4416 cris
1881 4367 2154 4429 prohibitae
2169 4377 2296 4421 sunt.
2341 4373 2478 4430 Vero,
2491 4387 2558 4420 sc.
2574 4388 2638 4422 ex
2657 4389 2778 4424 vero.
