3000 4784
850 232 1039 299 Lm.
1102 232 1226 300 ΠΙ,
1294 232 1518 317 CAP.
1581 238 1640 300 5.
2155 232 2273 299 151

186 366 393 433 habits
439 366 571 455 est)
620 366 951 433 Postumio
1000 368 1185 433 alteri
1238 368 1572 434 consulum
1617 366 1944 455 negotium
1997 364 2277 444 daretur,
2299 378 2367 429 U·
2391 379 2453 433 c.
2473 392 2584 443 αφ.

146 466 171 516 7
188 461 209 491 ‘
226 453 508 530 Videret,
550 476 641 517 ne
691 454 847 541 quid
884 454 1241 542 respublica
1273 454 1642 519 detrimenti
1677 453 1970 541 caperet-⁹
2057 452 2280 541 Ipsum
2293 443 2359 492 A.
2391 441 2453 493 0·
2475 459 2506 503 4

182 538 499 603 consulem
561 540 813 605 Romae
870 562 1126 605 manere
1178 540 1261 605 ad
1319 539 1806 604 conscribendos
1863 560 2104 616 omneS,
2212 538 2282 602 ui

140 645 347 691 sar-ma
388 625 555 691 ferre
606 639 885 713 possent,
930 627 1245 713 optimum
1291 627 1495 690 visum
1543 637 1680 689 est:
1721 647 1837 711 pro
1887 624 2146 689 consule
2165 560 2274 689 qr.

187 708 563 785 Quinctium
593 712 880 777 subsidio
908 712 1124 777 castris
1153 734 1301 776 cum
1330 711 1544 775 sociali
1575 711 1860 775 exercitu
1887 710 2071 774 mitti.
2164 708 2278 774 Ad

181 818 320 859 eum
342 796 747 897 explendum
770 797 1005 874 Latini,
1032 797 1451 883 Hernicique,
1472 809 1538 861 et
1559 796 1806 861 colonia
1829 796 2104 861 Antium
2125 794 2277 859 dare

186 879 489 956 Quinctio
509 885 853 948 subitarios
874 883 1107 948 milites
1122 884 1248 1033 Sita
1276 895 1413 946 tum
1444 883 1776 969 repentina
1795 881 2034 945 auxilia
2059 902 2142 968 ap
2223 880 2278 944 l-

180 966 603 1067 labant)iussi.
658 970 851 1033 Multi
872 991 989 1069 per
1004 993 1113 1034 eos
1171 970 1259 1033 'es
1276 980 1485 1033 motus
1503 967 1816 1053 multique
1833 968 2108 1054 impetus
2171 967 2278 1032 inc
2425 979 2484 1042 5,

180 1064 363 1139 atque
385 1054 572 1119 illinc
594 1056 769 1133 facti,
789 1079 956 1142 qma,
980 1069 1319 1141 superante
1342 1052 1772 1129 multitudine,
1791 1054 2002 1117 hostes
2019 1074 2277 1139 carpere

180 1138 588 1205 multifidam
632 1144 797 1205 vires
841 1140 1181 1217 Romanas,
1212 1153 1287 1204 ut
1328 1163 1460 1204 non
1508 1140 1876 1204 suffecturas
1923 1138 2006 1202 ad
2043 1138 2278 1215 omnia,

428 1227 443 1241 '
500 1241 681 1292 sunt.
776 1226 979 1292 Simul
1036 1240 1239 1291 castra
1296 1248 1380 1312 op
1426 1226 1846 1311 ugnabantur,
1898 1223 2088 1287 simul
2135 1246 2282 1311 pars

182 1312 493 1377 exercitus
524 1314 615 1377 ad
648 1312 1086 1414 populandum
1284 1334 1348 1375 m
1446 1332 1748 1374 ornanum
1788 1309 1994 1386 missa,
2026 1310 2282 1373 urbem-

183 1416 303 1480 que
341 1398 571 1484 ipsam,
617 1422 672 1463 si
702 1422 831 1485 qua
864 1398 1119 1463 fortuna
1202 1410 1358 1474 aret,
1392 1396 1779 1461 tentandam.
1872 1394 1948 1458 L.
1983 1395 2284 1460 Valerius

186 1480 263 1544 ad
286 1486 687 1569 praesidium
717 1485 887 1549 urbis
915 1484 1206 1548 relictus:
1242 1482 1463 1547 consul
1484 1482 1852 1546 Postumius
1873 1480 1957 1545 ad
1978 1478 2282 1546 arcendas

184 1568 631 1653 populationes
658 1570 885 1634 finium
913 1570 1155 1634 missus·
1249 1568 1436 1633 Nihil
1468 1568 1799 1633 remissum
1830 1568 1910 1632 ab
1939 1566 2071 1631 ulla
2100 1578 2282 1654 parte

184 1675 363 1719 curae
392 1669 511 1721 aut
549 1657 801 1729 laboris·
893 1654 1171 1742 vigiliae
1216 1656 1287 1719 in
1330 1655 1507 1731 urbe,
1538 1654 1839 1719 stationes
1873 1665 2021 1717 ante
2050 1664 2281 1739 portas,

188 1741 627 1829 praesidiaque
674 1743 743 1805 in
784 1742 981 1807 muris
1024 1741 1345 1827 disposita,
1390 1752 1474 1818 et,
1517 1739 1694 1826 quod
1735 1760 1992 1804 neoeffle
2035 1750 2173 1803 erat
2213 1738 2286 1802 in

188 1836 357 1922 tanto
382 1829 691 1905 tumultu,
716 1828 1027 1892 iustitium
1056 1849 1172 1913 per
1198 1825 1444 1912 aliquot
1462 1825 1600 1890 dies
1621 1837 1954 1890 servatum.
2016 1824 2285 1889 Interim

190 1932 253 1973 m
294 1914 513 1979 castris
544 1915 776 1980 Furius
818 1912 1061 1989 consul,
1097 1934 1297 1998 quum
1340 1912 1546 1998 primo
1591 1912 1846 1997 quietus
1890 1910 2284 1975 obsidionem

148 2024 177 2073 9
192 2018 399 2081 passus
436 2014 629 2079 esset,
662 2000 733 2063 in
770 2000 1099 2063 incautum
1142 1997 1387 2062 hostem
1432 1997 1788 2062 decumana
1828 2009 2014 2084 porta
2054 1995 2282 2083 erupit,

196 2095 273 2159 et,
302 2108 505 2171 quum
550 2087 849 2174 persequi
887 2096 1119 2172 posset,
1150 2097 1327 2147 metu
1367 2084 1664 2160 substitit,
1695 2106 1778 2147 ne
1820 2105 1949 2169 qua
1985 2104 2068 2147 ex
2107 2093 2284 2182 parte

196 2168 383 2235 altera
424 2174 497 2237 in
541 2185 749 2237 castra
786 2172 881 2235 vis
923 2171 1125 2234 fieret.
1217 2169 1479 2233 Furium
1524 2168 1804 2255 legatum
1847 2168 2071 2255 (frater
2112 2166 2290 2233 ldem

198 2258 463 2323 consulis
508 2258 681 2343 erat)
718 2256 825 2322 lon
872 2257 967 2320 ‘us
1014 2255 1244 2320 extulit
1290 2277 1547 2319 cursus:
1595 2276 1714 2319 nee
1761 2276 1906 2319 suos
1951 2252 2058 2317 ille
2105 2252 2289 2318 rede-

200 2354 393 2420 untes,
447 2352 811 2432 persequer]
860 2344 874 2357 ’
930 2341 1162 2419 studio,
1215 2364 1297 2405 ne
1344 2364 1425 2405 ue
1484 2341 1764 2405 hostium
1821 2342 1901 2406 ab
1962 2353 2140 2427 tergo
2188 2339 2290 2403 in-

198 2446 444 2493 cursum
470 2431 654 2495 vidit.
749 2426 851 2493 Ita
878 2427 1192 2503 exclusuS,
1222 2450 1332 2491 mu
1360 2428 1439 2489 tis
1477 2448 1664 2512 saepe
1699 2426 1931 2489 fmstra
1958 2425 2290 2490 conatibus

182 2514 410 2662 vagtis&
442 2530 523 2582 ut
560 2517 727 2581 viam
766 2515 888 2579 sibi
930 2514 1014 2579 ad
1056 2529 1261 2577 castra
1287 2512 1540 2587 faceret,
1584 2511 1811 2575 acriter
1839 2510 2146 2573 dimicans
2184 2533 2291 2575 ce-

202 2597 258 2659 ci
299 2600 365 2665 it.
458 2603 553 2669 Et
591 2601 832 2679 consul,
862 2600 1091 2665 nuntio
1130 2596 1546 2663 circumventi
1584 2595 1792 2660 fratris
1831 2617 2168 2659 conversus
2207 2595 2290 2660 ad

205 2704 495 2772 pugnam,
529 2689 685 2753 dum
728 2710 795 2751 se
842 2700 1079 2752 temere
1125 2683 1342 2771 magis,
1375 2705 1568 2769 quam
1613 2682 1761 2746 satis
1807 2691 2010 2759 c'aute,
2043 2681 2112 2745 in
2158 2702 2293 2745 me-

206 2768 365 2837 diam
411 2773 890 2843 dimicationem
936 2772 1149 2852 infert,
1180 2769 1443 2837 vulnere
1488 2780 1769 2859 accept0,
1811 2790 1998 2855 aegre
2045 2768 2125 2835 ab
2172 2767 2294 2836 cir-

272 3026 295 3077 7
336 3020 554 3080 Vident]
608 3021 777 3069 Videre
811 3018 967 3067 Drak.
1002 3022 1052 3065 et
1087 3016 1215 3065 Bek-

210 3074 305 3127 ker.
337 3083 562 3133 Primum
589 3084 684 3131 hoc
704 3081 980 3131 huiusmodi
1002 3086 1217 3129 senatus-

212 3154 332 3194 cons.
356 3149 643 3209 exemplum
678 3152 767 3205 est,
788 3161 885 3207 quo
918 3144 1087 3193 consul
1117 3146 1216 3192 dic-

210 3208 423 3259 tatorimn
446 3213 551 3261 fere
577 3215 871 3273 potestatem
892 3210 1217 3269 consequeba-

216 3272 300 3318 tur.
330 3274 547 3325 Srnorn.
614 3274 759 3322 Haec
796 3278 1010 3335 potestas
1048 3278 1220 3333 postea.

218 3333 423 3394 pluribus
454 3339 591 3397 data,
622 3352 715 3385 nec
751 3337 961 3399 primum
1002 3334 1219 3397 Opimio,

216 3398 293 3469 ⁸?ss
334 3403 546 3463 primum
590 3402 820 3449 adversus
862 3400 1027 3455 cives}
1072 3398 1221 3459 idque

218 3462 474 3530 significare
513 3464 723 3513 voluisse
760 3464 892 3515 Plut.
927 3462 978 3511 in
1008 3460 1220 3512 Gracch.

220 3535 309 3572 mm
332 3542 564 3578 monuere
588 3529 781 3577 Manut.
795 3527 860 3575 de
888 3526 1053 3575 Sentit.
1075 3526 1222 3574 Rom.

220 3592 267 3634 et
288 3588 437 3642 Dmk.
459 3594 525 3641 ad
546 3592 597 3641 h.
621 3592 655 3639 L
690 3592 821 3639 Rur-

280 3654 308 3700 8
337 3659 439 3706 Pro
470 3656 694 3714 con-mle]
751 3654 893 3702 Haec
927 3652 1086 3716 prima
1118 3666 1225 3715 pro-

223 3720 419 3769 consulis
462 3718 650 3768 mentio
686 3734 767 3781 ap.
808 3718 1019 3767 Livium.
1064 3717 1225 3766 Οιιεν.

223 3780 279 3826 cf.
302 3782 563 3833 Niebhr.ii.
580 3796 685 3831 120.
722 3782 823 3829 Hic
837 3786 1067 3842 quattuor
1080 3780 1229 3828 duces

224 3852 440 3901 quattuor
476 3846 780 3895 exercituum
823 3845 1078 3902 habemus,
1116 3859 1227 3891 con-

225 3908 343 3958 sules
372 3913 497 3959 duos
530 3925 644 3957 cum
676 3910 949 3957 iunioribus
980 3908 1031 3955 in
1068 3908 1231 3956 hostes

227 3970 337 4021 alios
349 3976 503 4024 ulium
522 3974 709 4033 missos,
724 3972 785 4021 T.
806 3972 1099 4028 Quinctium
1116 3985 1231 4019 cum

228 4039 483 4087 certioribus
518 4037 734 4085 subsidio
777 4036 998 4092 missum,
1038 4035 1094 4083 L.
1131 4034 1231 4082 Va-

220 4096 387 4219 ⁸lfa-ium
408 4103 524 4150 urbi
546 4107 597 4149 et
616 4102 831 4149 urbanae
856 4099 1061 4147 militiae
1088 4114 1232 4161 prae-

250 4172 412 4214 ectum.

286 4242 315 4290 9
349 4232 633 4279 Decumum
648 4228 820 4291 p‘rta]
860 4228 1033 4275 Castra
1052 4226 1231 4273 Roma·

233 4302 291 4337 na
312 4295 563 4353 quadrata,
596 4297 651 4341 ut
686 4291 970 4353 plurimum,
1002 4290 1155 4347 fuere,
1186 4294 1237 4337 et

232 4362 453 4413 quattuor
480 4356 695 4405 habuere
717 4360 895 4418 portas.
964 4354 1157 4403 Harum
1178 4368 1239 4401 ea

1280 3032 1406 3079 quae
1426 3016 1730 3065 aversissima
1749 3022 1854 3065 erat
1873 3016 1937 3063 ab
1959 3015 2116 3072 hoste,
2135 3015 2294 3062 Deou-

1280 3098 1428 3129 mana
1450 3081 1704 3129 dicebatur
1734 3096 1766 3128 a
1797 3078 1999 3129 decimis
2018 3077 2299 3126 cohortibus

1282 3142 1346 3209 (si
1381 3146 1623 3193 credimus
1645 3144 1814 3206 Lipsio
1846 3145 1909 3191 de
1940 3142 2052 3190 Mil.
2077 3142 2225 3189 Rom.
2249 3154 2296 3188 v.

1284 3206 1354 3271 5.)
1371 3209 1513 3255 iuxta
1529 3222 1637 3255 eum
1660 3207 1986 3257 tendentibus.
2033 3204 2299 3265 Unaquae-

1282 3288 1378 3332 que
1400 3272 1534 3319 enim
1566 3270 1694 3333 legio
1716 3270 1766 3318 in
1791 3270 1961 3319 decem
1984 3268 2206 3315 cohortes
2227 3266 2298 3314 di-

1286 3336 1552 3383 videbatur.
1628 3334 1824 3381 Primae
1861 3338 2028 3380 autem
2066 3330 2302 3392 cuiusque

1286 3398 1489 3460 legionis
1537 3397 1759 3445 cohortes
1811 3396 1951 3443 iuxta
1994 3394 2300 3443 Praetorium

1286 3463 1574 3520 tendebant,
1595 3462 1726 3523 quod
1757 3460 1809 3509 in
1841 3460 2000 3508 fronte
2034 3463 2302 3507 castrorum

1288 3525 1412 3573 fuit:
1450 3530 1640 3573 ceterae
1661 3524 1838 3573 deinde
1871 3538 1932 3571 ex
1960 3522 2127 3571 ordine
2149 3535 2302 3583 usque

1287 3590 1351 3637 ad
1405 3588 1621 3637 decimes
1674 3588 1966 3648 easdemque
2019 3590 2304 3647 postremas,

1290 3668 1415 3714 quae
1458 3652 1508 3700 in
1554 3657 1798 3714 postrema
1840 3656 2102 3697 castrorum
2147 3654 2306 3711 purte,

1290 3718 1512 3777 adeoque
1549 3730 1702 3777 prope
1746 3718 1936 3777 portam
1971 3716 2306 3762 Deemnanam

1292 3780 1592 3828 locabantur.
1645 3778 1887 3840 Reliquae
1909 3782 2174 3826 castrorum
2197 3791 2306 3837 por-

1292 3848 1373 3892 tae
1410 3844 1544 3891 fuere
1583 3844 1860 3901 Praetoria,
1895 3856 2020 3903 quae
2055 3830 2308 3889 Praetorio

1294 3907 1534 3969 proxima,
1560 3912 1610 3955 et
1643 3921 1779 3954 versa
1810 3906 1860 3954 in
1893 3906 2115 3953 hostem:
2153 3903 2204 3950 in
2237 3904 2307 3951 lu-

1294 3971 1476 4019 teribus
1512 3972 1822 4033 Principale-3
1858 3971 2003 4027 duee,
2039 3968 2108 4015 sic
2146 3965 2309 4014 dictae

1296 4036 1428 4096 quod
1453 4034 1503 4081 in
1527 4050 1586 4082 eo
1609 4034 1718 4081 loco
1739 4038 1915 4095 essent,
1937 4032 2020 4080 ubi
2041 4032 2310 4079 tendebant

1294 4100 1542 4161 principes
1573 4098 1782 4155 ordines,
1815 4096 1864 4144 id
1897 4102 1989 4154 est,
2010 4092 2153 4157 primi
2185 4090 2308 4139 ordi-

1298 4178 1400 4221 nes,
1422 4162 1586 4223 eapita
1617 4166 1668 4208 et
1700 4158 1864 4223 apices
1885 4164 2170 4209 castrorum,
2191 4158 2314 4226 puta

1298 4224 1495 4283 tribuni,
1519 4224 1768 4287 praefecti,
1800 4222 2040 4285 primique
2074 4224 2312 4266 centurio-

1300 4304 1434 4344 num,
1504 4288 1648 4347 Haec
1671 4288 1770 4335 fere
1796 4284 2002 4349 Lipsius.
2037 4283 2199 4333 Casv.
