3000 4784
669 182 798 243 312
1435 180 1664 250 ΤΙΤΙ
1723 181 1995 248 LIVII

347 326 417 377 U.
439 328 498 377 c,
524 342 632 393 359-
673 316 838 380 veris
881 316 1288 403 accipiantur,
1333 318 1482 382 satis
1526 317 1812 383 habeam.
1908 317 2109 394 Haec,
2156 316 2241 383 ad
2282 315 2801 380 ostentationem
2820 334 2845 383 5

345 393 406 442 A.
441 392 500 443 0·
525 406 636 457 393·
673 424 921 479 scenae,
951 402 1288 489 gaudentis
1317 404 1655 482 miracuIiS,
1686 408 1949 492 aptiora,
1980 426 2175 491 quam
2203 403 2286 468 ad
2314 402 2529 478 fidem,
2566 423 2805 487 neque

675 488 1001 565 affirmare,
1039 512 1124 553 ne
1172 512 1254 554 ue
1286 488 1575 555 refellere
1610 504 1707 555 est
1740 514 1779 555 ο
1864 514 1969 557 rae
2004 490 2298 590 pretium.
2394 486 2805 562 Cuniculus,

674 574 938 639 delectis
967 575 1154 639 militi
1199 598 1274 640 us
1303 600 1382 642 eo
1412 592 1697 663 tempore
1726 600 1771 664 p
1794 602 1973 657 enus,
2006 599 2075 640 ln
2102 576 2261 641 aede
2290 573 2582 651 Iunonie,
2622 596 2809 660 quae

674 661 742 725 in
787 660 1150 727 Veientana
1191 684 1332 727 arce
1368 676 1523 739 erat,
1568 677 1840 729 armatos
1882 675 2146 752 repente
2190 662 2410 726 edidit.
2504 660 2605 724 Et
2650 682 2811 746 pars

675 770 922 811 aversos
960 748 1030 811 in
1073 750 1270 813 muris
1309 749 1623 815 invadunt
1662 749 1910 816 hostes:
1958 772 2103 838 pars
2136 749 2409 813 claustra
2448 760 2811 834 portarum

673 833 1021 898 revellunt:
1068 856 1231 935 pars,
1263 858 1462 923 quum
1504 858 1587 899 ex
1616 838 1799 901 tectis
1826 860 1979 901 saxa
2008 850 2071 900 te
2302 839 2457 899 ue'a
2494 832 2813 897 mulieri-

674 920 794 986 bus
833 942 906 984 ac
941 922 1208 986 semtiin
1243 924 1619 999 iacerentur,
1650 923 1934 988 inferunt
1967 925 2165 1010 ignes.
2324 920 2531 985 lamor
2564 919 2813 985 omnia

672 1007 862 1071 variis
891 1010 1264 1073 terrentium
1297 1031 1370 1073 ac
1399 1009 1772 1095 paventium
1800 1010 2079 1087 vocibus,
2099 1008 2303 1072 mixto
2331 1006 2695 1071 muliemm
2728 1028 2811 1069 ac

674 1116 1016 1181 puerorum
1035 1095 1302 1182 ploratu,
1321 1094 1618 1182 complet.
1711 1096 2051 1161 Memento
2081 1094 2381 1181 temporis
2398 1092 2685 1157 deiectis
2716 1114 2809 1157 ex

675 1203 861 1245 muro
877 1181 1164 1268 undique
1187 1182 1444 1246 armatis
1460 1181 1915 1269 patefactisque
1932 1183 2149 1269 portia,
2167 1204 2367 1268 quum
2386 1178 2500 1243 alii
2524 1179 2809 1267 agmine

673 1267 1008 1345 irruerent,
1062 1268 1170 1333 alii
1229 1268 1511 1332 desertos
1556 1268 1935 1333 scanderent
1991 1290 2225 1344 murce,
2276 1267 2427 1331 urbs
2488 1265 2807 1331 hostibus

675 1353 995 1441 impletur,
1021 1354 1313 1419 omnibus
1334 1354 1489 1419 locis
1510 1369 1847 1441 pugnatur.
1927 1353 2205 1431 Deinde,
2230 1352 2430 1418 multa
2451 1353 2587 1417 iam
2608 1352 2807 1417 edita

677 1439 892 1517 caede,
925 1442 1196 1506 senescit
1270 1464 1474 1527 ugna:
1524 1454 1590 1505 et
1618 1442 1891 1507 dictator
1919 1462 2263 1530 praecones
2290 1439 2549 1504 edicere
2578 1440 2805 1515 iubet,

676 1539 751 1589 ut
795 1528 873 1591 ab
922 1528 1152 1592 inermi
1196 1550 1236 1591 a
1277 1528 1602 1593 stineatur.
1696 1527 1761 1592 Is
1806 1528 1951 1593 finis
1996 1526 2323 1614 sanguinis
2368 1524 2509 1589 fuit.
2606 1524 2805 1589 Dedi

677 1612 828 1677 inde
869 1614 1143 1678 inermes
1171 1636 1284 1678 coe
1333 1614 1416 1678 ti:
1463 1628 1533 1679 et
1566 1615 1649 1679 ad
1677 1615 1980 1702 praedam
2010 1614 2192 1679 miles
2234 1613 2551 1715 permissu
2580 1612 2807 1677 dicta-

679 1698 828 1763 toris
870 1699 1180 1764 discurrit.
1343 1724 1464 1765 uae
1508 1723 1709 1787 quum
1748 1716 1898 1767 ante
1938 1701 2157 1765 oculos
2197 1722 2333 1765 eius
2376 1698 2801 1785 aliquantum

753 1806 788 1848 e
819 1797 1011 1871 atque
1042 1786 1342 1872 opinione
1375 1788 1591 1865 maior,
1612 1788 1992 1875 maiorisque
2020 1787 2212 1873 pretii
2242 1808 2454 1851 rerum
2484 1786 2800 1861 ferretur,

724 1870 912 1934 icitur
950 1894 1175 1936 manus
1203 1872 1286 1935 ad
1325 1873 1575 1937 coelum
1613 1872 1839 1939 tollens
1868 1889 2158 1976 precatus
2198 1894 2367 1937 esse:
2420 1880 2440 1910 ⁶
2462 1886 2557 1949 ut,
2590 1872 2649 1936 si
2684 1872 2799 1936 cui

680 1965 700 1995 ‘
717 1955 982 2021 deorum
1013 1957 1472 2059 hominumque
1497 1960 1697 2023 nimia
1712 1982 1829 2024 sua
1854 1962 2109 2025 fortuna
2122 1958 2474 2059 populique
2496 1958 2801 2057 Romani

680 2051 700 2081 ⁶
719 2042 1062 2121 videretur,
1094 2058 1166 2109 ut
1195 2068 1336 2109 eam
1375 2046 1683 2110 invidiam
1711 2046 1933 2124 lenire,
1965 2068 2159 2133 quam
2194 2067 2459 2110 mmimo
2490 2068 2612 2111 suo
2656 2062 2850 2134 pri-6
2959 2074 2960 2092 ¹

681 2142 698 2169 ⁸
717 2142 862 2195 vato
929 2131 1335 2196 incommodo
1392 2131 1649 2219 publico
1694 2156 1797 2211 ue,
1858 2132 2097 2219 populo
2168 2132 2465 2197 Romano
2518 2130 2799 2198 liceret-²

681 2216 1182 2283 convertentem
1265 2241 1334 2283 se
1417 2219 1587 2283 inter
1723 2242 1842 2284 auc
1920 2219 2419 2296 venerationem,
2504 2220 2801 2285 traditur
2818 2239 2847 2289 7
2959 2260 2960 2308 ᾗ

678 2304 1038 2382 memoriae,
1085 2303 1449 2392 prolapsum
1499 2305 1837 2370 cecidisse:
1908 2305 2103 2392 idque
2154 2328 2344 2371 omen
2396 2307 2795 2393 pertinuisse

676 2402 896 2491 postea
937 2404 1174 2455 eventu
1213 2414 1347 2455 rem
1391 2392 1893 2457 coniectantibus
1932 2392 2135 2457 visum
2179 2392 2263 2456 ad
2300 2392 2797 2458 damnationem

676 2477 874 2563 ipsius
921 2476 1197 2555 Camilli,
1242 2490 1462 2565 captae
1508 2478 1743 2543 deinde
1794 2479 1969 2544 urbis
2016 2478 2365 2557 Romanae,
2412 2479 2591 2565 quod
2637 2490 2799 2567 post

678 2585 914 2650 paucos
953 2564 1186 2629 accidit
1231 2588 1449 2643 annos,
1481 2564 1745 2631 cladem.
1840 2564 2063 2652 Atque
2098 2564 2205 2629 ille
2249 2565 2387 2629 dies
2422 2564 2621 2630 caede
2668 2568 2795 2631 ho-

677 2650 870 2714 stium
909 2674 984 2715 ac
1028 2650 1385 2738 direptione
1429 2652 1603 2717 urbis
1642 2651 2153 2739 opulentissimae
2198 2663 2297 2716 est
2340 2673 2605 2716 consum
2660 2667 2785 2717 tus.

455 2742 564 2802 22.
675 2736 942 2802 Postero
987 2738 1093 2801 die
1142 2738 1339 2802 libera
1380 2761 1459 2803 co
1577 2760 1647 2802 ra
1694 2738 1966 2803 dictator
2010 2739 2129 2801 sub
2180 2760 2415 2803 corona
2463 2760 2588 2803 ven
2643 2740 2789 2805 'dit-

679 2822 778 2887 Ea
805 2821 938 2886 sola
963 2824 1239 2910 pecunia
1255 2824 1324 2887 in
1353 2825 1484 2911 pub
1514 2826 1679 2889 ‘cum
1710 2824 2039 2910 redigitur,
2058 2823 2234 2888 haud
2260 2823 2397 2889 sine
2418 2825 2513 2890 ira
2540 2823 2785 2911 plebis:

674 2921 745 2974 et
817 2908 948 2971 uod
977 2908 1249 2973 retulere
1279 2932 1495 2974 secum
1535 2910 1826 2998 praedae,
1856 2934 1979 2975 nec
2008 2911 2178 2987 duci,
2210 2910 2323 3009 qui
2349 2911 2433 2976 ad
2462 2924 2787 2990 senatum,

677 2932 1086 3080 malignitati·
1125 3008 1410 3059 auctores
1439 2996 1825 3095 quaerendO,
1856 3020 1991 3062 rem
2036 2997 2275 3062 arbitni
2305 2998 2403 3061 sui
2424 2998 2784 3075 reiecisset3

677 3103 799 3146 nec
828 3081 1094 3159 senatui,
1127 3080 1240 3145 sed
1269 3082 1556 3147 Liciniae
1584 3083 1875 3161 familiae,
1909 3106 1991 3149 ex
2020 3106 2149 3170 qua
2176 3083 2343 3147 filius
2370 3084 2457 3148 ad
2483 3098 2787 3151 senatum

678 3168 1014 3246 retulisset,
1044 3181 1228 3257 pater
1253 3180 1384 3233 tam
1411 3170 1735 3258 popularis
1768 3171 2122 3235 sententiae
2152 3182 2373 3235 auctor
2400 3170 2643 3247 fixisset,
2674 3196 2787 3237 ac-
2801 3187 2831 3235 8

351 3270 438 3321 Dii
459 3270 606 3322 Veiis
679 3268 936 3343 ceptum
979 3256 1350 3322 referebant.
1448 3255 1671 3331 Quum
1714 3257 1841 3321 iam
1884 3257 2199 3321 humanae
2242 3278 2396 3343 opes
2442 3270 2701 3344 egestae
2747 3281 2787 3323 a

347 3335 516 3387 ablati.
680 3342 859 3407 Veiis
903 3355 1132 3420 essent,
1178 3342 1425 3408 amoliri
1469 3354 1607 3408 tum
1652 3342 1846 3407 deum
1888 3342 2060 3407 dona
2102 3344 2397 3431 ipsosque
2440 3342 2616 3421 deoc,
2664 3344 2785 3411 sed

678 3429 1026 3495 colentium
1055 3430 1274 3517 magIS,
1298 3452 1489 3518 quam
1520 3430 1923 3516 rapientium,
1954 3429 2167 3508 mod0,
2192 3452 2476 3517 coepere.
2570 3429 2643 3494 N
2642 3454 2783 3497 am-

745 3692 774 3742 5
805 3680 964 3739 Haec,
993 3679 1061 3727 ad
1085 3680 1472 3739 ostentationem]
1514 3677 1691 3727 Narra-
1757 3677 2025 3727 sidet-arent
2044 3692 2143 3725 non
2174 3678 2333 3727 solum
2366 3676 2557 3739 privato
2589 3676 2779 3729 incom-

677 3743 862 3791 tionem
883 3742 1012 3790 hanc
1034 3756 1228 3790 omnem
1251 3758 1284 3791 a
1304 3758 1412 3805 cap.
1443 3758 1514 3807 19.
1538 3742 1691 3806 poeti·
1756 3744 1904 3790 modo
1938 3740 2228 3801 Camillum,
2262 3742 2348 3789 sed
2384 3742 2586 3803 publico
2624 3745 2777 3793 etim

678 3822 787 3855 cam
810 3820 914 3854 esse
935 3812 1100 3853 censet
1123 3806 1328 3855 Niebhr.
1758 3806 1999 3869 populum
2022 3806 2304 3855 Romanum
2337 3820 2453 3853 mox
2484 3806 2776 3857 defunctum

741 3869 774 3919 6
795 3872 954 3928 Quam
974 3870 1171 3917 minimo
1190 3874 1302 3931 mo]
1331 3869 1691 3935 Interpunctio-
1757 3870 1868 3918 dici.
1906 3870 2097 3919 Riscn.

677 3950 792 3983 nem
837 3938 947 3995 post
984 3934 1274 3996 publicoque
1309 3934 1464 3982 tollit·
1477 3936 1690 3985 Bekker.
1824 3947 1853 3996 7
1886 3935 2252 3984 (lonver-terum
2282 3936 2359 3995 se]
2402 3935 2641 3984 Solebant
2674 3936 2775 3985 Ro-

677 4000 910 4049 Ceterum
949 3996 1294 4058 dubitationes,
1327 4014 1449 4060 quas
1491 3999 1691 4061 quidam
1756 3998 1889 4047 mani
1930 4004 2041 4059 post
2072 3998 2376 4061 precationes
2408 4006 2691 4049 convertere
2724 4016 2777 4049 ae

675 4064 966 4125 interpretes
981 4062 1044 4110 de
1067 4060 1116 4110 h.
1131 4062 1164 4110 1.
1182 4062 1420 4125 scriptura
1435 4078 1515 4125 ap.
1534 4062 1689 4111 Drak.
1757 4068 1807 4111 et
1844 4062 2173 4125 circumagere
2206 4062 2257 4109 in
2296 4063 2519 4111 dextram
2566 4070 2777 4125 partun,

673 4132 948 4187 moverunt,
981 4125 1097 4175 inde
1138 4126 1372 4189 originem
1407 4128 1585 4175 ducere
1622 4126 1689 4174 vi-
1752 4132 1811 4175 ut
1831 4132 2043 4175 testatur
2065 4127 2199 4175 Plut.
2220 4126 2272 4173 in
2296 4127 2438 4175 Cam.
2472 4127 2639 4177 cm.

673 4192 867 4250 dentur,
900 4191 1031 4253 quod
1067 4196 1298 4252 putarent
1329 4190 1476 4254 plane
1516 4191 1688 4239 eadem
1818 4192 1848 4237 8
1869 4192 2137 4253 Acceptum
2157 4191 2461 4251 rasa-ebant]
2489 4190 2632 4249 Eius,
2646 4194 2777 4255 quod

673 4270 788 4305 cum
822 4254 1074 4305 Plutarch.
1094 4254 1146 4303 in
1163 4256 1310 4305 Cam.
1331 4260 1386 4303 et
1409 4254 1523 4303 val.
1549 4254 1687 4305 Mu.
1752 4260 2014 4317 acceptum
2034 4254 2211 4313 flierat,
2228 4253 2435 4317 gratiam
2457 4253 2679 4305 familiae
2695 4256 2773 4307 Li-

671 4318 704 4367 i.
729 4332 773 4379 5.
827 4318 968 4366 Livio
990 4318 1227 4367 tradenda
1249 4334 1370 4377 esse,
1393 4334 1554 4380 neque
1574 4334 1687 4366 con·
1754 4318 1911 4367 ciniae
1934 4319 2219 4367 referebant.
2408 4354 2413 4357 .
