3000 4784
714 237 841 298 546
1484 229 1714 298 TITI
1768 230 2040 298 LIVII

392 385 463 436 ΙΙ.
486 387 547 436 C.
570 403 681 447 444.
720 382 919 434 strum
952 389 1098 432 crus
1134 389 1319 431 ocrea
1349 379 1607 432 tectum.
1703 367 1948 432 Galcae
1989 366 2302 444 cristatae,
2335 388 2508 452 quae
2555 367 2866 452 speciem1

393 452 455 501 Α·
490 453 550 502 0·
573 453 683 512 30⁸·
722 454 1145 542 magnitudini
1170 476 1505 540 corporum
1528 453 1855 518 adderent.
1948 453 2236 517 Tunicae
2255 454 2496 517 auratis
2527 453 2836 516 militibus

718 541 1141 617 versicolore&
1303 539 1548 621 >entatis
1619 539 1852 604 linteae
1911 538 2239 604 candidae.
2337 537 2466 602 His
2535 539 2838 603 dextrum

720 651 923 694 cornu
964 627 1219 690 datum:
1268 627 1291 688 i
1340 626 1362 690 i
1400 627 1471 689 in
1515 626 1768 690 sinistro
1811 627 2181 691 consistunt.
2273 624 2494 690 Notus
2541 625 2679 690 iam
2711 625 2840 690 Ro-

721 714 927 778 manis
976 725 1310 800 apparatus
1368 711 1484 775 ins‘
1583 713 1716 775 'um
1765 734 2086 776 armorum
2127 712 2369 788 fuerat3
2435 711 2760 798 doctique
2807 735 2842 776 a

722 800 993 864 ducibus
1028 811 1229 875 erant,
1264 806 1283 836 ⁶
1299 798 1469 863 horri
1520 820 1628 861 um
1671 797 1941 862 militem
1969 820 2106 862 esse
2141 798 2415 874 debere3
2461 821 2608 862 non
2635 798 2842 862 caela-

728 895 750 926 ‘
770 900 905 950 tum
944 909 1097 950 auro
1136 897 1205 948 ct
1242 897 1526 971 argento,
1557 884 1674 949 sed
1705 885 1872 948 ferro
1911 897 1977 948 et
2011 884 2238 948 animis
2263 883 2502 948 fretum
2523 909 2542 947 =
2597 885 2840 971 quippe

728 972 879 1036 ‘illa
916 971 1218 1059 praedam
1246 972 1473 1048 verina,
1506 993 1700 1058 quam
1735 993 1928 1048 arma,
1959 993 2131 1046 csse3
2179 971 2454 1035 nitentia
2491 983 2652 1034 ante
2683 993 2842 1046 rem,

728 1068 749 1097 ‘
770 1058 1078 1123 deformia
1094 1059 1262 1123 inter
1278 1057 1654 1144 sanguinem
1676 1069 1743 1120 et
1758 1057 2036 1121 wilnera.
2113 1055 2439 1121 Virtutem
2457 1079 2604 1121 eaee
2621 1057 2842 1120 militis

728 1155 748 1184 ‘
770 1145 985 1222 decus,
1030 1158 1097 1209 et
1152 1144 1367 1208 omnia
1409 1143 1520 1206 illa
1559 1143 1886 1207 victoriam
1935 1143 2152 1230 sequi3
2215 1155 2283 1207 et
2323 1143 2533 1208 ditem
2587 1143 2841 1208 hostem

730 1241 752 1272 ‘
773 1232 1059 1320 quamvis
1104 1228 1398 1318 pauperis
1440 1230 1697 1294 victoris
1745 1230 2100 1317 praemium
2147 1230 2323 1294 esse.'
2411 1229 2544 1294 His
2597 1228 2842 1294 Cursor

728 1319 989 1384 vocibus
1030 1317 1364 1382 instinctos
1406 1315 1639 1380 milites
1668 1317 1738 1380 in
1779 1315 2092 1403 proelium
2121 1316 2316 1380 ducit.
2409 1315 2678 1380 Dextro
2705 1316 2836 1402 ipse

728 1427 931 1470 cornu
987 1404 1311 1481 consistit;
1387 1402 1640 1467 sinistro
1696 1403 2002 1489 praefecit
2071 1404 2444 1490 magistrum
2513 1403 2832 1489 equitum.

735 1488 940 1557 Simul
962 1503 1059 1555 est
1087 1511 1485 1565 concursum,
1515 1488 1742 1575 ingens
1769 1488 1892 1552 fuit
1912 1511 2060 1553 cum
2077 1489 2257 1554 hoste
2285 1503 2656 1566 certamem
2707 1511 2836 1554 non

728 1578 986 1665 segnius
1036 1577 1204 1640 inter
1246 1575 1619 1640 dictatorem
1663 1587 1730 1639 et
1782 1576 2152 1662 magistrum
2195 1576 2509 1662 equitum,
2557 1577 2642 1640 ab
2697 1589 2836 1640 utra

728 1677 912 1752 parte
942 1663 1205 1727 victoria
1232 1662 1559 1749 inciperet.
1650 1661 1835 1725 Prior
1860 1661 2022 1726 forte
2052 1661 2277 1726 Iunius
2311 1663 2664 1727 commovit
2691 1663 2836 1728 hos·

730 1764 881 1826 tem,
901 1749 1079 1812 laevo
1108 1747 1404 1812 dextrum
1427 1769 1648 1824 cornu,
1667 1761 1938 1812 sacratos
1967 1771 2142 1814 more
2171 1747 2554 1813 Samnitium
2577 1748 2834 1824 milites»,

728 1857 934 1920 eoque
994 1832 1265 1898 candida
1313 1848 1487 1898 veste
1539 1847 1610 1898 et
1634 1835 1920 1985 Iparibus
1965 1835 2240 1899 candore
2287 1836 2478 1899 armis
2527 1835 2830 1985 ἱῃειῖἓξέ

731 1930 751 1959 ‘
776 1919 905 1985 Eos
946 1941 1013 1984 se
1062 1918 1235 1984 Orco
1284 1921 1591 1984 mactare’
1673 1921 1858 1986 unius
1908 1921 2224 1999 dictitans,
2270 1944 2471 2021 quum
2515 1921 2618 1986 int
2691 1923 2708 1934 '
2809 1937 2832 1984 t

729 2007 927 2093 signa,
990 2005 1265 2072 turbavit
1334 2006 1612 2083 ordineS,
1673 2019 1740 2070 et
1795 2007 1971 2072 haud
2027 2008 2220 2072 dubie
2279 2007 2537 2094 impulit
2611 2009 2827 2072 aciem.

736 2093 933 2169 Quod
960 2092 1075 2157 ubi
1119 2093 1315 2156 sensit
1344 2092 1636 2169 dictator,
1669 2101 1690 2130 ‘
1711 2093 1816 2158 Ab
1847 2094 2108 2158 laevone
2147 2117 2350 2158 comu
2376 2094 2648 2158 victoria
2673 2094 2832 2158 inci-

734 2189 754 2218 ‘
774 2179 948 2268 piet,’
975 2179 1206 2266 inquit,
1242 2186 1262 2216 ‘
1282 2192 1349 2243 et
1384 2179 1682 2243 dextrum
1723 2201 1942 2258 cornu,
1973 2179 2301 2244 dictatoris
2338 2180 2526 2256 acieS‚
2557 2180 2825 2244 alienam
2849 2207 2872 2239 ι
2968 2177 2969 2184 ³

733 2276 752 2304 ‘
769 2289 1051 2381 pugnam
1080 2278 1400 2366 sequetur,
1430 2287 1562 2330 non
1589 2278 1832 2351 partem
1865 2266 2208 2330 maximam
2235 2265 2536 2331 victoriae
2567 2267 2829 2331 trahet?

735 2351 1039 2416 Concitat
1054 2351 1321 2415 milites:
1368 2374 1489 2416 nec
1507 2352 1799 2438 peditum
1817 2352 2038 2416 virtuti
2057 2375 2092 2416 e
2141 2353 2323 2430 uinea,
2342 2365 2454 2416 aut
2475 2352 2826 2440 legatorum

728 2437 941 2502 studia
955 2437 1224 2502 ducibus
1252 2437 1508 2502 cedunt.
1601 2437 1697 2502 M.
1726 2437 2019 2503 Valerius
2041 2461 2080 2502 a
2097 2377 2354 2516 (dextro,
2378 2438 2452 2503 P.
2477 2439 2730 2504 Decius
2755 2440 2828 2503 ab

728 2523 911 2589 laevo
940 2547 1157 2602 cornu,
1178 2525 1364 2588 ambo
1392 2523 1752 2588 consulares
1780 2524 1863 2588 ad
1891 2525 2142 2612 equites
2169 2525 2238 2588 in
2267 2525 2566 2590 cornibus
2595 2527 2830 2613 positos

730 2611 1123 2677 evehuntur:
1154 2610 1483 2674 adhortati
1533 2633 1614 2674 ue
1645 2633 1772 2688 eos,
1803 2623 1878 2674 ut
1909 2623 2153 2710 partem
2186 2633 2401 2675 secum
2429 2633 2508 2675 ca
2695 2625 2831 2676 rent

404 2706 647 2757 Vincitur.
728 2696 994 2774 decoris,
1025 2697 1095 2760 in
1139 2709 1488 2761 transversa
1549 2709 1721 2760 atera
1763 2696 2040 2761 hostium
2081 2697 2429 2762 incurrunt.
2633 2721 2830 2764 novus

729 2783 983 2848 additus
1012 2796 1215 2848 terror
1287 2805 1443 2846 uum
1472 2803 1554 2846 ex
1583 2795 1761 2870 parte
1785 2795 2054 2869 utraque
2085 2782 2587 2848 circumvasisset
2609 2786 2829 2860 aciem,

727 2881 797 2933 et
817 2868 900 2932 ad
930 2881 1233 2933 terrorem
1302 2869 1534 2932 ostium
1563 2868 1846 2954 legiones
1871 2869 2222 2946 Romanae,
2246 2869 2689 2958 redintegrato
2709 2871 2832 2936 cla·

728 2975 925 3030 more,
956 2953 1319 3017 intulissent
1358 2955 1648 3041 gradum,
1679 2968 1817 3019 tum
1845 2955 1997 3042 fiiga
2033 2957 2114 3020 ab
2159 2954 2552 3021 Samnitibus
2584 2973 2827 3045 coepta.

728 3039 866 3104 Iam
896 3050 1101 3125 strage
1125 3038 1456 3103 hominum
1490 3063 1936 3128 armorumque
1957 3041 2304 3128 insignium
2321 3041 2532 3129 campi
2561 3043 2830 3130 repleri3

729 3149 803 3191 ac
832 3125 1038 3214 primo
1067 3124 1329 3212 pavidos
1368 3124 1688 3192 Samnites
1715 3140 1917 3192 castra
1941 3150 2059 3192 sua
2095 3149 2432 3214 accepere:
2479 3128 2727 3194 deinde
2755 3155 2833 3194 ne

729 3237 808 3278 ea
824 3212 1085 3314 quidem
1104 3223 1366 3277 retenta.
1462 3211 1688 3299 Captis
1705 3213 2094 3301 direptisque
2112 3227 2262 3278 ante
2285 3226 2540 3279 noctem
2561 3215 2835 3282 iniectus

730 3301 913 3387 igms.
1023 3298 1317 3364 Dictator
1373 3321 1456 3363 ex
1513 3299 2057 3365 senatusconsulto
2123 3300 2576 3388 triumphavit:
2656 3305 2834 3368 cuius

733 3385 1055 3473 triumpho
1085 3385 1273 3472 longe
1304 3385 1646 3450 maximam
1675 3386 1951 3473 speciem
1980 3387 2230 3473 captiva
2255 3408 2431 3451 arma
2455 3388 2830 3474 praebuere.

730 3471 1018 3537 Tantum
1042 3471 1548 3558 magnificentiae
1567 3472 1771 3536 visum
1801 3472 1871 3535 in
1901 3472 1996 3551 iis,
2017 3486 2091 3538 ut
2111 3486 2333 3538 aurata
2358 3485 2538 3538 scuta
2555 3474 2834 3540 dominis

730 3664 990 3724 penatum.
1048 3665 1215 3714 Dona.
1302 3664 1381 3714 cf.
1438 3663 1574 3726 Lips.
1631 3664 1742 3714 Mil.
1809 3667 2003 3714 nomine
2022 3667 2320 3728 compellat2'5
2355 3667 2488 3728 quod
2512 3665 2691 3717 Livius
2717 3683 2828 3717 mox

732 3727 881 3775 Rom.
909 3727 976 3774 iii.
1006 3726 1051 3776 6.
1088 3735 1139 3775 et
1174 3729 1369 3776 Saturn.
1394 3729 1548 3776 Serm.
1583 3727 1632 3777 ii.
1669 3742 1744 3778 11.
1809 3729 1972 3778 tmdit.
2008 3731 2139 3779 Ru».

730 3789 815 3852 qui
850 3789 1091 3850 intellegit
1127 3791 1353 3838 thoraces
1390 3792 1558 3839 laneos
1591 3807 1628 3840 s.
1667 3807 1743 3840 co—
1880 3807 1899 3839 1
1935 3795 2205 3842 Sinistrum
2255 3809 2374 3843 orus
2423 3810 2570 3845 ocrea
2625 3800 2826 3857 tectum]

728 3851 1160 3914 actiles,(00.'›paxas
1180 3855 1411 3910 πιλητοῢς
1434 3871 1516 3916 ap.
1535 3853 1698 3918 Suid.)
1716 3871 1744 3904 e
1811 3855 1928 3904 Non
1955 3871 2063 3904 ram
2090 3857 2224 3920 apud
2254 3857 2484 3918 antiquos
2513 3873 2620 3907 una
2639 3865 2828 3908 tannim

729 3921 846 3966 lana
866 3923 1053 3976 coacta,
1074 3917 1266 3978 anglice
1286 3919 1402 3977 felt,
1424 3934 1568 3980 quae,
1589 3919 1628 3966 si
1660 3919 1742 3968 ad-
1809 3934 1952 3967 ocrea
1979 3920 2127 3967 militi
2157 3919 2454 3982 assignatur:
2489 3936 2550 3969 ac
2587 3937 2680 3984 pro
2701 3925 2828 3972 vario

731 3983 876 4030 datur
895 3987 1109 4039 acetum,
1125 3981 1272 4029 etiam
1298 3982 1423 4030 ferro
1446 3983 1636 4031 resistit.
1679 3983 1742 4032 cf.
1808 3984 2105 4045 populorum
2138 3999 2292 4042 more,
2313 3983 2399 4032 alii
2428 3984 2685 4034 sinistrum
2707 4003 2826 4042 crus,

732 4045 1219 4104 Plin.H.N.viii.48.
1276 4045 1427 4095 'Palea
1444 4047 1582 4094 fuere
1602 4061 1742 4107 epon-
1806 4047 1893 4094 alii
1949 4049 2178 4096 dextrum
2225 4049 2474 4109 tegebant.
2507 4049 2678 4099 Cir-av.
2751 4053 2823 4100 ef.

723 4113 856 4171 yiae,
878 4124 999 4170 quas
1024 4109 1235 4158 Tertull.
1260 4109 1481 4170 retiariis,
1504 4115 1554 4157 et
1580 4111 1743 4168 baltei,
1810 4110 1922 4159 Iuv.
1945 4111 2047 4160 Sat.
2073 4111 2134 4161 vi.
2161 4123 2220 4173 25
2229 4123 2269 4172 7.
2292 4114 2523 4175 aurisque
2539 4115 2738 4162 sinistri
2757 4118 2822 4162 di-

728 4188 850 4232 quos
871 4173 1188 4232 Samnitibus,
1208 4174 1296 4221 alii
1316 4175 1641 4235 gladiatorum
1662 4189 1742 4234 ge-
1805 4175 2008 4221 midium
2029 4182 2234 4236 temen.

726 4235 849 4291 neri,
882 4251 982 4282 una
1020 4251 1132 4282 cum
1178 4241 1285 4283 tota
1325 4243 1590 4292 armatura,
1629 4236 1676 4284 h.
1707 4237 1741 4284 1.
1871 4251 1900 4282 a
1933 4240 2166 4286 Almam
2199 4241 2448 4299 potquam]
2496 4239 2730 4302 Pugnan
2763 4243 2821 4290 ab

729 4296 989 4355 descripta,
1032 4295 1203 4344 tribuit
1248 4299 1470 4345 Iuvenal.
1521 4299 1580 4344 vi.
1631 4297 1738 4358 256.
1805 4298 1916 4346 aliis
1937 4301 2261 4362 profligatam.

729 4358 861 4403 unde
914 4365 963 4404 et
1012 4358 1065 4405 hi
1112 4360 1407 4421 gladiatores
1446 4362 1740 4408 Samnitiu-m
