3000 4784
380 299 445 350 U.
468 300 528 349 C.
556 312 666 363 309.

376 365 438 416 A.
454 364 530 419 .C.
553 378 667 430 443.

704 160 833 222 220
1464 150 1692 222 ΤΙΤῙ
1751 139 2022 219 L‘IV11

792 289 1064 357 ublicam
1078 313 1104 355 ⁴.
1152 312 1329 355 orare
1370 289 1678 367 tribunos,
1707 302 1782 355 ut
1819 312 1950 355 uno
1987 287 2200 353 animo
2237 310 2390 353 cum
2429 286 2834 353 consulibus

746 315 987 443 bellum
1014 376 1095 443 ab
1125 377 1281 442 urbe
1310 398 1383 441 ac
1406 375 1738 442 moenibus
1759 398 1875 464 pro
1919 374 2108 441 ulsari
2131 373 2387 452 vellent,
2409 373 2832 462 plebemque

709 472 729 504 ‘
748 464 1155 530 obedientem
1198 464 1269 527 in
1312 485 1379 527 re
1425 477 1554 528 tam
1599 462 1850 550 trepida
1875 399 2186 527 1i'atribus
2219 462 2636 562 praeberent:
2685 483 2834 548 ap-

707 300 727 331 6

706 385 726 417 ί

668 572 677 583 ·
707 560 727 593 ⁶
748 550 983 652 pellare
1022 550 1307 615 tribunos
1343 572 1748 615 communem
1787 548 2075 636 patriam,
2108 547 2544 635 auxlhumque
2575 569 2830 612 eorum

384 2992 553 3041 Volsci
576 2998 629 3041 et

383 3056 543 3117 Aequi
569 3056 669 3105 vin-

381 3126 574 3203 cuntur.

706 646 727 679 ⁶
746 636 1103 725 implorare,
1120 636 1377 702 vastatis
1393 636 1576 723 agris,
1602 637 1758 701 urbe
1781 657 1978 723 prope
1997 635 2400 723 oppugnata?
2461 632 2831 699 consensu

583 751 597 766 ·
704 724 991 789 omnium
1022 721 1307 788 delectus
1336 722 1702 787 decernitur
1734 723 2147 809 habeturque.
2243 722 2468 797 Quum
2505 720 2828 785 consuloe

704 810 776 875 in
804 810 1113 875 concione
1150 800 1686 896 pronuntiassen‘t,
1722 818 1743 847 ‘
1761 808 2046 896 Tempus
2073 831 2206 873 non
2235 831 2370 873 esse
2399 829 2620 873 causas
2647 830 2828 894 cog-
2845 830 2884 873 4

708 905 728 937 ‘
742 896 1050 963 noscendi
1057 920 1076 973 ;
1124 918 1343 961 omnes
1371 895 1650 961 iuniores
1677 908 1932 983 postero
1955 894 2060 960 die
2082 895 2288 982 prima
2307 892 2448 959 luce
2469 894 2535 957 in
2569 916 2826 981 campo

708 992 728 1025 ‘
751 983 989 1049 Martio
1019 983 1345 1057 adessent3
1392 981 1848 1069 cognoscendis
1881 981 2084 1047 causis
2111 1004 2350 1058 eorum,
2381 982 2496 1068 qui
2534 980 2828 1046 nomina.

705 1080 726 1110 ‘
747 1093 879 1135 non
896 1069 1252 1147 dedissent,
1282 1067 1451 1135 bello
1490 1069 1770 1156 perfecto
1813 1091 1880 1133 se
1911 1067 2168 1133 daturos
2197 1081 2485 1154 tempus;
2533 1090 2652 1154 pro
2681 1067 2828 1131 de-

706 1166 727 1196 ‘
748 1170 986 1223 sertore
1032 1156 1335 1233 futurum,
1382 1156 1563 1221 cuius
1613 1176 1745 1221 non
1841 1155 2166 1219 robassent
2207 1176 2458 1219 causam
2475 1154 2516 1218 :’
2587 1154 2820 1218 omnis

704 1246 1003 1310 iuventus
1033 1243 1215 1311 affixit
1244 1256 1497 1331 postero
1529 1241 1654 1307 die.
1749 1177 2064 1307 Csshortes
2097 1240 2217 1306 sibi
2245 1264 2538 1329 quaeque
2567 1252 2821 1305 centu.-
2841 1255 2874 1305 5

705 1331 917 1397 riones
944 1329 1275 1418 legerunt:
1323 1330 1455 1396 bini
1486 1341 1804 1394 senatores
1831 1327 2098 1415 singulis
2137 1327 2498 1393 cohortibus
2525 1348 2818 1415 praepo-

700 1418 826 1483 siti.
936 1415 1117 1483 Haec
1176 1418 1389 1481 omnia
1444 1415 1605 1481 adeo
1663 1427 1906 1479 mature
1957 1414 2238 1502 perfecta
2292 1413 2669 1501 accepimus,
2729 1426 2820 1478 ut

705 1505 903 1591 signa,
935 1526 1013 1567 eo
1046 1503 1185 1589 ipso
1213 1502 1319 1567 die
1359 1526 1399 1567 a
1426 1502 1864 1589 quaestoribus
1888 1524 1972 1566 ex
2009 1501 2250 1566 aerario
2288 1513 2584 1589 prompta
2619 1499 2818 1566 dela-
2833 1516 2874 1567 6

707 1602 896 1677 taque
932 1588 1001 1653 in
1041 1610 1354 1675 campum,
1397 1600 1624 1674 quarta
1665 1588 1796 1653 diei
1835 1588 1994 1653 hora
2031 1601 2205 1653 mota
2244 1610 2328 1653 ex
2364 1608 2589 1674 campo
2627 1588 2772 1652 sint
2789 1612 2812 1651 τ

704 1675 1147 1761 exercitusque
1206 1672 1427 1751 novus,
1488 1674 1707 1761 paucis
1763 1674 2128 1739 cohortibus
2183 1686 2468 1739 veterum
2519 1673 2816 1739 militum

702 1760 1026 1829 voluntate
1056 1760 1487 1847 sequentibus,
1519 1761 1820 1826 manserit
1845 1760 1930 1825 ad
1949 1761 2268 1826 decimum
2297 1760 2592 1848 lapidem.
2687 1760 2816 1825 In-

704 1870 977 1934 sequens
1026 1846 1165 1913 dies
1210 1847 1458 1911 hostem
1509 1846 1575 1911 in
1625 1860 2033 1935 conspectum
2084 1846 2283 1924 dedit,
2337 1860 2668 1935 castraque
2716 1848 2814 1913 ad

710 1932 1099 1999 Corbionem
1142 1933 1358 1999 castris
1401 1946 1552 1999 sunt
1587 1934 1944 1999 coniuncta.
2035 1933 2256 1999 Tertio
2299 1934 2426 2011 die,
2463 1956 2663 2033 quum
2705 1934 2814 1999 ira

706 2020 1049 2098 Romanos,
1073 2019 1232 2097 illos,
1257 2042 1458 2121 quum
1492 2020 1676 2086 toties
1705 2021 2132 2099 rebellassent,
2155 2021 2542 2087 conscientia
2567 2020 2810 2108 culpae

706 2132 778 2173 ac
808 2107 1163 2195 desperatio
1190 2108 1484 2184 irritaret,
1516 2129 1694 2181 mora
1720 2106 2066 2173 dimicandi
2093 2107 2271 2173 nulla
2297 2119 2394 2172 est
2419 2108 2600 2172 facta.

794 2194 875 2260 In
904 2194 1191 2259 exercitu
1221 2193 1516 2259 Romano
1546 2216 1744 2281 quum
1774 2192 1903 2259 duo
1933 2194 2222 2259 consules
2242 2207 2454 2260 essent
2477 2204 2805 2281 potestate

704 2281 877 2369 pari;
938 2280 1115 2368 quod
1172 2280 1650 2365 saluberrimum
1707 2280 1776 2343 in
1821 2279 2362 2345 administratione
2422 2302 2804 2367 magnarum

704 2389 917 2435 rerum
944 2381 1059 2444 est,
1090 2390 1339 2433 summa
1374 2366 1642 2454 imperii,
1673 2367 2064 2433 concedente
2101 2366 2408 2455 Agrippa,
2428 2390 2632 2469 penes
2657 2366 2806 2431 col-

704 2454 913 2543 legam
970 2466 1138 2520 erate
1216 2466 1285 2520 et
1341 2452 1656 2541 praelatus
1711 2452 1816 2518 ille
1875 2452 2162 2519 facilitati
2218 2477 2292 2519 su
2359 2454 2670 2519 nuttentis
2727 2476 2802 2519 se

708 2543 975 2608 comiter
1002 2541 1445 2630 respondebat,
1476 2539 2002 2606 communicando
2041 2540 2306 2605 consilia
2356 2540 2700 2627 tradesque,
2733 2553 2800 2606 et

706 2628 1041 2715 aequando
1069 2628 1377 2715 imparem
1405 2628 1542 2693 sibi.
1619 2625 1696 2692 In
1727 2627 1861 2691 acie
1891 2626 2231 2702 Quinctius
2251 2627 2549 2693 dextrum
2569 2650 2798 2705 cornu,

714 2714 1000 2801 Agrippa
1026 2714 1347 2779 sinistrum
1379 2714 1622 2777 tenuit:
1675 2712 1781 2799 Sp.
1809 2713 2138 2778 Postumio
2169 2713 2340 2779 Albo
2369 2714 2578 2814 legato
2606 2713 2802 2779 datur

710 2800 921 2865 media
946 2800 1113 2863 acies
1143 2799 1414 2874 tuenda;
1460 2797 1742 2899 legatum
1771 2798 2036 2863 alterum
2069 2799 2204 2865 Ser.
2231 2800 2580 2887 Sulpicium
2612 2800 2802 2887 equi-

710 2886 877 2949 tibus
951 2885 1296 2949 raeficiunt.
1387 2884 1648 2949 Pedltes
1677 2886 1756 2950 ab
1786 2884 2013 2951 dextro
2041 2908 2240 2951 cornu
2269 2887 2520 3038 effigie
2549 2910 2802 2974 pugna-

708 2992 876 3048 vere,
905 2908 1093 3034 {aud
1139 2969 1418 3056 segniter
1460 2970 1890 3059 resistentibus
1939 2971 2198 3037 Volscis.
2399 2996 2446 3038 r.
2477 2972 2802 3061 Sulpicius

708 3080 825 3146 per
857 3056 1131 3121 mediam
1171 3056 1449 3121 hostium
1493 3057 1694 3121 aciem
1739 3082 1886 3123 cum
1925 3060 2213 3146 equitatu
2243 3076 2440 3147 'perru
2486 3059 2570 3125 it:
2619 3060 2799 3125 unde

710 3168 907 3233 quum
948 3143 1171 3209 eadem
1206 3144 1435 3209 reverti
1480 3158 1694 3232 posset
1721 3144 1802 3211 ad
1841 3168 2005 3224 suos,
2035 3146 2402 3234 priusquam
2483 3148 2633 3213 ostis
2663 3160 2801 3213 tur-

708 3234 886 3298 batos
944 3230 1196 3297 ordines
1254 3230 1560 3309 reficeret,
1615 3245 1793 3320 terga
1835 3231 2208 3320 impugnare
2266 3234 2544 3299 hostium
2599 3236 2800 3301 satius

707 3319 912 3383 visum
955 3330 1085 3383 est:
1134 3330 1588 3407 momentoque
1633 3318 1952 3407 temporiS,
1989 3320 2056 3384 in
2097 3342 2376 3385 aversam
2413 3322 2800 3387 incursando

708 3405 929 3481 aciem,
956 3405 1217 3492 ancipiti
1246 3420 1480 3471 terrore
1499 3406 1857 3494 dissipasset
1885 3405 2115 3485 hostes,
2135 3407 2204 3471 ni
2233 3430 2349 3473 suo
2369 3408 2624 3495 proprio
2645 3432 2800 3473 eum

708 3490 949 3579 proelio
999 3492 1248 3579 equites
1305 3491 1680 3558 Volscorum
1739 3505 1807 3558 et
1861 3493 2239 3581 Aequorum
2290 3508 2630 3582 exceptum
2684 3496 2800 3561 ali-

781 3690 812 3732 4
846 3674 1033 3721 Causas
1066 3673 1404 3734 acquiescendi]
1467 3672 1571 3723 Cur
1613 3672 1720 3735 quis
1781 3671 1900 3747 ipsis
1921 3672 2091 3732 lectos,
2110 3674 2161 3722 id
2185 3678 2354 3723 contra
2383 3675 2634 3723 solennem
2669 3676 2795 3724 mili-

710 3750 888 3783 nomen
909 3735 1041 3783 haud
1064 3736 1215 3784 daret.
1278 3735 1528 3784 Nimirum
1551 3751 1720 3785 omnes
1783 3742 1880 3785 tiae
1909 3752 2092 3786 morem
2116 3743 2205 3797 est,
2227 3754 2288 3785 ex
2311 3753 2408 3801 quo
2431 3738 2738 3788 centuriones
2765 3756 2796 3787 a

708 3800 925 3849 iunium
940 3798 1151 3847 Romani
1168 3800 1367 3848 nomina
1384 3799 1588 3848 militiae
1605 3800 1719 3849 dare
1784 3801 2076 3861 consulibus,
2097 3807 2163 3861 et,
2185 3802 2420 3864 permissu
2445 3817 2630 3863 eorum,
2652 3820 2686 3851 a
2711 3804 2794 3853 tn·-

708 3864 981 3913 debebant:
1015 3878 1107 3911 nec
1128 3863 1381 3925 quisquam
1412 3868 1604 3925 poterat
1623 3864 1718 3913 hoc
1780 3866 1923 3913 bunis
1957 3864 2182 3914 constitui
2215 3867 2452 3915 solebant.
2515 3866 2632 3916 vid.
2657 3867 2792 3931 Iaips.

708 3943 888 3976 munus
928 3929 1213 3987 detrectare,
1258 3927 1348 3975 nisi
1393 3942 1588 3975 causam
1629 3928 1716 3977 ali·
1780 3928 1843 3977 de
1867 3929 1976 3979 Mil.
2001 3930 2148 3979 Rom.
2171 3930 2223 3978 ii.
2247 3929 2382 3979 Dial.
2404 3948 2449 3991 4.
2473 3935 2524 3979 et
2545 3932 2590 3982 8.
2615 3932 2781 3981 Cur.

710 4007 858 4053 quam
880 3990 1138 4051 attulisset,
1160 4007 1286 4053 quae
1308 3990 1586 4039 consulibus
1607 4006 1716 4053 pro-
1844 3992 1875 4042 6
1895 3996 2075 4055 Siqua]
2099 3993 2336 4043 Militaria
2350 4012 2413 4043 ea·
2427 3996 2622 4044 aerario
2633 4012 2792 4057 prom-

708 4058 915 4106 baretur.
982 4056 1085 4112 Qui
1108 4056 1259 4104 talem
1281 4055 1495 4117 aliquam
1520 4070 1715 4104 calisam
1774 4064 1884 4119 pta,
1909 4058 1996 4106 ubi
2024 4058 2414 4107 adservabantur.
2457 4059 2518 4106 cf.
2541 4059 2605 4107 iv.
2631 4074 2710 4109 υ.
2742 4066 2791 4108 et

708 4120 971 4180 habebant,
992 4119 1277 4168 dicebantur
1295 4121 1525 4168 camarii.
1554 4120 1716 4169 Cnsv,
1781 4120 1861 4169 vii.
1887 4136 1912 4169 2
1919 4136 1962 4185 3.
2029 4124 2314 4181 Quaestor-ee
2335 4124 2516 4171 urbani
2544 4123 2792 4173 habebant

781 4196 808 4245 5
848 4183 1098 4241 Oenones]
1155 4183 1344 4232 Cohors
1378 4182 1570 4231 decima
1606 4198 1718 4245 pars
1781 4199 1946 4235 curam
1979 4185 2164 4247 aerarii,
2193 4186 2324 4249 quod
2356 4186 2406 4236 in
2439 4186 2564 4238 aedo
2595 4187 2789 4239 Saturni

710 4247 925 4307 legionis,
944 4252 997 4295 et
1016 4246 1155 4307 quui
1176 4261 1326 4308 parva
1356 4246 1497 4309 legio.
1565 4247 1717 4304 Quod
1781 4254 1898 4299 erat.

707 4308 790 4359 hic
818 4308 1001 4358 dicitur
1034 4309 1339 4361 centuriones
1370 4326 1403 4359 a
1440 4310 1718 4360 cohortibus
