3000 4784
674 210 801 271 528
1424 197 1670 267 ·T1T1
1725 196 1997 266 LIVII
2897 10 2935 238 l

344 352 417 406 Ἡ.
436 353 501 403 c.
524 367 635 415 440·
677 349 696 379 ‘
716 340 885 405 tibus
912 352 1097 427 capta
1122 351 1257 415 est;
1304 337 1411 415 ite,
1431 336 1799 403 defendite.'
1886 336 2068 401 Haec
2097 336 2393 402 incidens
2421 337 2800 425 principum
2930 297 2969 407 '1¹

344 420 407 471 A.
438 418 501 469 0·
524 432 635 480 3¹²·
674 426 932 505 foribus,
955 426 1113 491 haec
1142 423 1361 501 obviis,
1386 424 1546 489 haec
1575 424 2056 489 excurrentibus
2083 424 2154 487 in
2229 423 2526 489 ublicum
2551 425 2806 513 pavidis

674 514 974 601 increpat.
1068 512 1429 611 Acceptum
1476 510 1560 575 ab
1605 532 1738 575 uno
1783 532 2080 597 pavorem
2133 532 2178 597 p
2203 532 2350 575 ures
2393 532 2520 597 per
2571 512 2804 575 urbem

672 599 903 664 ferunt.
994 597 1125 663 Tre
1173 596 1265 661 ἰὼ
1300 597 1721 684 magistrumn,
1753 597 1956 661 missis
1989 596 2074 661 ad
2113 617 2324 661 arcem
2365 597 2812 685 exploratori-

671 686 810 762 bus,
837 707 1037 771 quum
1062 698 1125 749 te
1150 705 1189 747 a
1208 696 1277 748 et
1296 696 1573 747 armatos
1601 695 1820 747 tenere
1839 703 2048 747 arcem
2067 682 2500 769 multiplicato
2521 706 2810 748 numero

672 770 986 848 audirent,
1018 782 1315 834 avertunt
1342 769 1588 833 animos
1617 791 1656 833 a
1681 789 1794 855 spe
1831 768 2300 855 recuperandae
2331 770 2521 834 arcis.
2627 769 2812 857 Fuga

673 868 906 923 cuncta
951 878 1091 921 com
1140 855 1370 933 lentur,
1414 868 1764 942 portaeque
1811 855 1892 920 ab
1937 854 2335 919 semisomnis
2379 878 2464 920 ac
2513 856 2812 921 maxima

672 956 850 1095 ἵξῃ-ιε
870 942 1098 1007 inermi
1142 964 1217 1006 us
1234 941 1700 1028 refringanture
1749 962 2018 1027 quarum
2036 962 2154 1028 per
2173 962 2368 1005 unam
2391 942 2810 1029 praesidium
2827 964 2852 1013 7

744 1052 1045 1095 omanum
1075 1026 1347 1093 clamore
1377 1027 1724 1093 excitatum
1755 1027 2068 1113 irrumpit,
2090 1040 2158 1091 et
2185 1042 2666 1095 concursantes

675 1116 809 1180 vias
844 1116 1105 1205 pavidos
1145 1114 1371 1179 caedit.
1464 1112 1602 1178 Iam
1647 1112 1804 1178 Sora
1837 1126 2024 1201 capta
2057 1127 2211 1190 erat,
2241 1136 2453 1199 quum
2497 1052 2814 1181 comffi

677 1202 882 1289 prima
910 1202 1053 1267 luce
1084 1200 1432 1276 advenere3
1480 1214 1565 1277 et,
1590 1221 1750 1286 quos
1779 1199 2058 1285 reliquos
2072 1199 2328 1264 fortuna
2353 1222 2446 1265 ex
2477 1214 2812 1267 nocturna

677 1289 872 1354 caede
902 1311 977 1354 ac
1004 1289 1157 1375 fuga
1181 1286 1434 1363 fecerat,
1454 1285 1526 1349 in
1553 1285 1950 1350 deditionem
1971 1285 2308 1372 accipiunt.
2404 1286 2522 1351 Ex
2551 1288 2666 1353 his
2687 1288 2814 1352 du-

676 1388 897 1440 centos
914 1374 1141 1462 viginti
1170 1373 1476 1461 quinque,
1497 1372 1611 1459 qui
1639 1371 1927 1436 omnium
1956 1394 2270 1437 consensu
2297 1372 2810 1439 destinabantur

676 1475 745 1527 et
774 1461 1069 1527 infandae
1090 1459 1459 1525 colonorum
1480 1457 1694 1523 caedis
1723 1471 1790 1523 et
1805 1457 2180 1523 defectionis
2199 1472 2522 1539 auctore&
2545 1462 2810 1525 vinctos

680 1548 957 1613 Romam
975 1546 1337 1612 deducunt:
1377 1558 1652 1611 ceteram
1671 1543 2152 1610 multitudinem
2169 1544 2594 1625 incolumem,
2613 1570 2808 1635 prae-

678 1632 841 1699 sidio
870 1633 1185 1721 imposit0,
1214 1632 1405 1699 Sorae
1435 1630 1826 1717 relinquunt.
1919 1629 2186 1709 Omnes,
2207 1631 2324 1718 qui
2353 1632 2660 1699 Romam
2689 1633 2808 1698 de-

678 1720 855 1784 ducti
894 1732 1094 1796 erant,
1126 1719 1316 1806 virgis
1358 1718 1427 1783 in
1454 1718 1592 1783 foro
1633 1717 1820 1795 caesi,
1851 1740 1926 1782 ac
1961 1718 2168 1782 securi
2208 1719 2496 1805 percuaei
2535 1742 2806 1785 summo

675 1804 911 1891 gaudio
935 1804 1178 1904 plebis3
1224 1803 1407 1869 cuius
1437 1804 1712 1870 maxime
1741 1804 2060 1881 intererat,
2091 1817 2295 1870 tutam
2323 1805 2602 1893 ubique,
2629 1830 2804 1895 quae

676 1889 909 1979 passim
931 1912 997 1954 m
1030 1889 1307 1955 colonias
1336 1890 1713 1968 mitteretur,
1743 1888 2220 1955 multitudinem
2249 1914 2404 1957 esse.

384 2016 387 2019 ⁴
456 1986 562 2047 25.
768 1974 1102 2053 Consules,
1121 1976 1201 2042 ab
1223 1975 1382 2042 Sora
1452 1976 1697 2055 rofecti,
1721 1977 1790 2041 in
1817 1999 2000 2065 agros
2015 1990 2207 2078 atque
2227 1978 2415 2043 urbes
2437 1979 2800 2047 Ausonum
2813 1996 2842 2045 ε

350 2070 575 2119 Ausone·
678 2062 919 2131 bellum
946 2060 1317 2129 intulerunt.
1489 2074 1600 2129 ota
1635 2086 1912 2150 namque
1951 2086 2168 2129 omma
2203 2064 2489 2130 adventu
2533 2066 2804 2133 Samni-

348 2135 483 2251 gffl⁰
503 2148 655 2199 ⁸990·
679 2151 861 2229 tium,
893 2172 1095 2239 quum
1140 2149 1313 2251 apud
1348 2148 1657 2215 Lautulas
1694 2150 2066 2215 dimicatum
2099 2163 2216 2227 est,
2251 2150 2528 2230 fixerant,
2559 2156 2801 2219 eoniu-
2967 2126 2969 2235 l

409 2278 419 2283 -
680 2239 1082 2325 rationesque
1126 2259 1293 2302 circa
1339 2234 1760 2336 Campaniam
1805 2235 2037 2323 passim
2079 2236 2318 2315 factae3
2371 2260 2498 2303 nec
2555 2239 2800 2330 Capua
2967 2246 2970 2359 Ι

678 2326 817 2413 ipsa
844 2324 1108 2390 crimine
1138 2322 1373 2389 caruit:
1423 2344 1584 2409 qum
1615 2324 1892 2389 Romam
1969 2345 2180 2410 noque
2207 2336 2276 2388 et
2301 2323 2386 2388 ad
2413 2326 2794 2417 principum

676 2411 985 2499 quosdam
1016 2408 1397 2497 inquirendo
1414 2422 1678 2475 ventum
1706 2421 1820 2474 est.
1975 2422 2222 2475 eterum
2251 2410 2600 2477 Ausonum
2629 2436 2798 2503 gens
2965 2442 2967 2447 ·

678 2496 1038 2587 proditione
1082 2496 1357 2573 urbium,
1386 2496 1554 2561 sicut
1599 2494 1775 2573 Sora,
1817 2494 1888 2560 in
1927 2508 2308 2582 potestatem
2349 2498 2546 2564 venit.
2649 2502 2800 2565 Au·

678 2608 853 2663 sona,
904 2596 972 2649 et
1024 2582 1417 2660 Minturnae,
1470 2594 1539 2647 et
1589 2580 1840 2660 Vescia,
1893 2582 2082 2647 urbes
2131 2597 2346 2648 erant:
2411 2606 2498 2649 ex
2549 2588 2796 2686 quibus

678 2671 999 2759 principes
1054 2669 1401 2735 iuventutis
1464 2667 1808 2735 duodecim
1864 2690 2153 2747 numero,
2211 2669 2282 2733 in
2348 2670 2796 2757 proditionem

678 2758 931 2824 urbium
982 2777 1239 2821 suarum
1286 2754 1619 2832 coniurati,
1671 2754 1755 2820 ad
1812 2755 2104 2821 consules
2152 2756 2423 2821 veniunt
2437 2782 2456 2821 ε
2521 2757 2792 2835 docent,

680 2852 702 2885 ‘
722 2866 888 2919 suos,
922 2843 1049 2907 iam
1123 2842 1327 2906 ridem
1356 2854 1734 2929 exoptantes
1779 2839 2160 2907 Samnitium
2189 2842 2560 2921 adventum,
2591 2845 2794 2911 simul

678 2936 699 2967 ‘
719 2928 805 2992 ad
860 2928 1077 2992 Lautu
1226 2940 1582 3015 pugnatum
1637 2928 1997 3007 audierunt,
2045 2950 2162 3016 pro
2210 2929 2394 2995 victis
2447 2930 2792 2997 Romanos

680 3020 701 3053 ‘
716 3013 1027 3089 habuisse,
1057 3013 1411 3091 iuventute,
1430 3014 1622 3079 armis
1654 3013 1970 3080 Samnites
1999 3015 2246 3080 iuvisse.
2339 3014 2605 3103 Fugatis
2631 3018 2790 3083 inde
2963 3024 2965 3091 4

680 3109 701 3140 ‘
722 3098 1130 3176 SamnitibuS‚
1162 3098 1403 3165 incerta
1430 3122 1588 3187 pace
1619 3122 1826 3187 agere,
1857 3123 1978 3166 nec
2007 3100 2376 3167 claudentes
2402 3116 2624 3189 portas
2647 3105 2794 3171 Ro-

682 3196 703 3227 ‘
725 3186 948 3263 manis,
971 3208 1054 3251 ne
1072 3198 1389 3251 arcessant
1410 3186 1650 3251 bellum
1670 3210 1687 3251 t
1735 3202 1804 3252 et
1819 3187 2168 3253 obstinatos
2188 3187 2505 3267 claudere,
2525 3189 2584 3254 si
2599 3212 2794 3255 exer·

680 3284 701 3314 ‘
722 3275 886 3340 citus
919 3273 1347 3339 admoveatur.
1439 3271 1522 3337 In
1559 3295 1638 3337 ea
1663 3272 2078 3339 fluctuatione
2109 3275 2467 3339 animorum
2503 3277 2790 3364 opprimi

682 3370 701 3401 ‘
722 3361 1009 3426 incautos
1066 3360 1286 3447 posse.’
1406 3358 1531 3424 His
1587 3360 1950 3425 auctoribus
2009 3374 2182 3425 mota
2229 3383 2346 3448 pro
2391 3360 2492 3427 ius
2539 3376 2786 3429 castra:

679 3448 979 3549 missique
1020 3445 1248 3513 eodem
1292 3458 1578 3533 tempore
1617 3444 1786 3511 circa
1826 3446 1950 3510 tria
1991 3469 2030 3511 o
2075 3446 2231 3533 pida
2383 3448 2518 3526 ‘tes,
2547 3450 2790 3537 partim

680 3546 922 3611 armati,
968 3534 1083 3620 qui
1135 3532 1367 3599 occulti
1410 3531 1774 3619 propinqua
1823 3468 2157 3598 moenissus
2199 3534 2551 3599 insiderent
2607 3536 2784 3613 loca3

678 3620 911 3707 partim
959 3620 1174 3706 togati,
1216 3618 1399 3685 tectis
1446 3630 1620 3683 veste
1665 3617 1912 3705 gladiis,
1961 3617 2074 3719 qui
2121 3620 2240 3685 sub
2285 3620 2496 3685 lucem
2549 3624 2786 3711 apertis

679 3704 879 3793 portis
897 3706 1085 3768 urbes
1106 3706 1127 3767 i
1286 3704 1609 3769 derentur.
1701 3704 1810 3769 Ab
1831 3704 1932 3768 his
1953 3704 2142 3770 simul
2163 3706 2458 3772 custodes
2481 3709 2786 3773 trucidari

681 3788 910 3875 coepti,
942 3788 1133 3853 simul
1206 3801 1383 3853 atum
1425 3790 1679 3876 signum
1709 3791 1982 3868 armatiS,
2017 3804 2089 3856 ut
2115 3814 2198 3856 ex
2240 3792 2487 3858 insidiis
2515 3816 2784 3859 concur-

680 3888 909 3942 rerent.
1001 3873 1103 3938 Ita
1134 3886 1353 3960 portae
1398 3890 1764 3963 occupatae,
1795 3878 2044 3965 triaque
2085 3879 2323 3965 oppida
2356 3879 2583 3945 eadem
2629 3882 2784 3947 hora

754 4090 781 4141 7
814 4080 1125 4130 Praesidium
1155 4078 1455 4139 Romanum]
1509 4078 1694 4129 Cohor-
1761 4080 1878 4129 vid.
1901 4094 2034 4142 supr.
2057 4080 2140 4130 vii.
2164 4092 2242 4143 34.
2267 4080 2343 4145 36.
2361 4088 2413 4131 et
2435 4092 2513 4145 37.
2545 4082 2714 4135 cm.

678 4145 770 4200 tes,
796 4158 923 4204 quae
954 4159 1103 4207 supra
1127 4143 1357 4192 dicuntur
1382 4144 1696 4207 sylvestribus
1823 4146 1854 4193 8
1875 4148 2158 4207 Ausonum]
2196 4147 2260 4195 cf.
2273 4146 2418 4208 Supr.
2433 4146 2532 4195 viii.
2549 4146 2624 4197 16.
2687 4150 2782 4197 Au·

680 4207 801 4256 locis
838 4208 929 4254 sub
968 4208 1151 4268 oppido
1184 4206 1430 4257 insedisse.
1496 4210 1695 4257 Praesi-
1760 4209 1898 4256 runci
1935 4208 2130 4267 Latine,
2163 4210 2388 4259 Ausones
2419 4211 2616 4261 Graece
2654 4213 2782 4261 diets

679 4270 815 4315 dium
844 4284 1193 4330 nonnunquam
1226 4270 1363 4331 apud
1394 4270 1591 4318 Livium
1625 4271 1694 4317 ni·
1759 4270 1883 4318 haec
1899 4284 2031 4333 gens.
2075 4271 2246 4321 Livius
2260 4272 2342 4323 hic
2357 4274 2659 4337 Dionysium
2673 4290 2778 4325 auc·

680 4330 749 4375 hil
786 4330 921 4377 aliud
958 4338 1049 4391 est,
1078 4346 1225 4391 quam
1260 4332 1471 4380 militum
1507 4348 1694 4381 manus.
1760 4340 1916 4381 torem
1938 4336 2246 4395 sequebatur.
