3000 4784
916 165 1104 231 LIB.
1164 164 1214 229 L
1275 165 1494 231 CAP.
1554 173 1655 232 52.
2212 175 2329 236 ,59

247 308 268 336 6
291 299 556 365 Nullam
597 302 944 366 breviorem
984 326 1118 367 esse
1157 303 1601 389 cognitionem,
1648 327 1838 390 quam
1878 305 2045 370 inter
2082 320 2327 392 patrem

245 395 266 424 ‘
289 403 356 451 et
398 387 620 464 filium,
651 389 992 476 paucisque
1026 389 1284 476 transigi
1312 391 1515 454 verbis
1536 413 1755 476 poaee:
1802 392 1873 455 ni
1900 406 2117 478 pareat
2143 394 2325 479 patri,

247 474 650 538 ‘habiturum
689 475 1104 540 infortunium
1154 478 1326 540 esse.'
1415 475 1597 540 Haec
1644 477 1945 542 Aricinus
1993 480 2063 544 in
2112 501 2181 542 re
2263 503 2328 543 m
2449 481 2555 542 51.

245 561 616 625 Romanum
660 561 989 649 increpans
1030 585 1112 627 ex
1155 562 1419 626 concilio
1464 563 1638 628 abiit.
1735 564 1947 639 Quam
1988 589 2123 630 rem
2232 589 2330 631 ar—

293 648 506 712 uinius
526 647 869 734 aliquante,
894 671 1084 735 quam
1106 648 1458 725 videbatur,
1483 651 1729 736 aegrius
1750 651 1975 729 ferens,
2000 653 2329 717 confestim

312 756 474 798 urno
495 757 719 799 necem
741 735 1162 810 machinatum
1209 749 1283 800 ut
1303 735 1577 800 eundem
1602 749 1922 816 terrorem,
1947 762 2075 825 quo
2098 741 2330 803 civium
2350 755 2427 803 Ab
2449 769 2508 802 eo
2530 755 2611 802 ob-

243 821 492 885 animos
535 821 710 885 domi
761 834 1168 909 oppresserat,
1229 822 1474 887 Latinis
1524 823 1845 888 iniiceret:
1906 838 1975 890 et
2023 826 2175 912 quia
2216 849 2331 926 pro
2350 817 2591 881 primitur.

244 907 517 993 imperio
563 908 770 994 palam
820 909 1090 972 interfici
1135 931 1264 972 non
1309 923 1574 994 poterat,
1620 910 1829 975 oblato
1872 911 2026 976 falso
2070 913 2331 976 crimme
2568 917 2591 933 “

243 993 567 1058 insontem
603 995 926 1080 oppressit.
1017 994 1145 1059 Per
1179 995 1470 1059 adversae
1514 996 1801 1062 factionis
1836 999 2143 1083 quosdam
2182 999 2333 1064 Ari-

198 1104 228 1136 2
245 1081 429 1144 cinos
465 1102 715 1144 servum
756 1081 962 1146 Turni
991 1104 1144 1146 auro
1179 1082 1475 1182 corrupit,
1509 1096 1583 1147 ut
1619 1084 1689 1146 in
1728 1083 2157 1149 deversorium
2197 1086 2333 1150 eius

244 1166 380 1230 vim
427 1167 1122 1318 magnamffgladiorum
1169 1167 1384 1232 infern
1433 1168 1595 1232 clam
1646 1171 1896 1234 sineret.
1989 1170 2087 1235 Ea
2134 1193 2334 1257 quum

245 1275 381 1316 una
422 1266 607 1316 nocte
647 1277 727 1341 pe
783 1267 923 1319 ecta
964 1266 1191 1330 essent,
1228 1254 1635 1340 TarquiniuS,
1680 1256 1891 1343 paullo
1934 1269 2081 1321 ante
2125 1257 2335 1322 lucem

245 1339 468 1403 accitis
496 1338 578 1403 ad
606 1363 674 1404 se
700 1340 1088 1428 principibus
1128 1339 1522 1417 Latinorum,
1606 1343 1739 1406 ussi
1782 1364 1849 1406 re
1890 1365 2055 1406 nova
2086 1354 2335 1430 pertur—

245 1426 454 1503 batus,
511 1435 528 1462 ‘
551 1449 790 1490 moram
839 1449 1016 1490 suam
1072 1426 1449 1504 hesternam,
1510 1450 1585 1492 ve
1611 1442 1685 1492 ut
1740 1428 2003 1492 deorum
2061 1429 2333 1515 quadam

250 1521 270 1548 6
333 1512 689 1577 mvidentia
724 1512 1002 1590 illatam,’
1031 1513 1138 1589 ait,
1173 1521 1192 1550 ‘
1206 1512 1392 1578 saluti
1421 1513 1540 1578 sibi
1579 1528 1769 1602 atque
1798 1513 1925 1578 illis
1956 1515 2163 1582 fuisse.
2225 1516 2334 1580 Ab

251 1607 270 1638 ‘
288 1535 517 1663 li'urno
546 1599 672 1663 dici
701 1600 822 1663 sibi
852 1613 918 1664 et
944 1599 1322 1686 primoribus
1349 1599 1729 1686 populorum
1756 1602 1961 1688 parari
1988 1624 2231 1678 necem,
2262 1615 2336 1667 ut

250 1694 271 1723 ‘
290 1685 665 1750 Latinorum
717 1683 883 1751 solus
933 1687 1268 1773 imperium
1311 1699 1540 1751 teneat.
1632 1689 2095 1774 Aggressurum
2143 1688 2333 1752 fuisse

251 1782 270 1810 6
289 1772 588 1836 hesterno
625 1771 731 1838 die
775 1774 844 1836 in
882 1772 1182 1836 concilio:
1231 1772 1489 1836 dilatam
1525 1796 1659 1837 rem
1702 1797 1857 1850 esse,
1898 1775 2073 1860 quod
2116 1786 2337 1840 auctor

251 1868 272 1896 ‘
287 1858 546 1924 concilii
593 1857 838 1935 afuerit,
885 1881 1078 1945 quem
1121 1859 1394 1922 maxime
1445 1872 1708 1946 peteret.
1800 1859 1961 1925 Inde
2005 1860 2177 1924 illam
2222 1864 2336 1927 ab·

251 1955 271 1982 6
289 1945 487 2010 sentis
543 1944 1019 2010 insectationem
1077 1968 1210 2010 esse
1269 1957 1502 2023 natam,
1562 1947 1737 2034 quod
1794 1947 2099 2012 morando
2156 1970 2334 2034 spem

249 2040 273 2069 ‘
289 2031 668 2097 destituerit.
759 2031 914 2096 Non
942 2030 1254 2109 dubitare,
1285 2032 1339 2096 si
1365 2055 1517 2097 vera
1543 2032 1921 2112 deferantur,
1947 2034 2105 2120 quin
2130 2033 2337 2120 prima

251 2127 272 2156 ‘
289 2117 455 2195 luce,
503 2118 613 2182 ubi
657 2132 918 2182 ventum
965 2119 1032 2182 in
1077 2118 1416 2183 concilium
1457 2119 1560 2196 sit,
1604 2121 1945 2184 instructus
1994 2143 2139 2184 cum
2184 2142 2335 2184 con-

249 2205 636 2269 ‘iuratorum
689 2227 882 2268 manu
929 2219 1325 2291 armatusque
1371 2217 1675 2270 venturus
1722 2207 1820 2270 sit.
1910 2206 2081 2283 Dici,
2132 2206 2335 2292 gladi-

252 2300 274 2328 ‘
289 2313 476 2354 orum
525 2291 852 2378 ingentem
895 2313 1230 2355 numerum
1281 2314 1414 2356 esse
1473 2292 1556 2356 ad
1613 2315 1761 2357 eum
1808 2308 2216 2358 convectum:
2264 2293 2334 2357 id

250 2387 526 2442 ‘vanum
568 2400 770 2442 necne
813 2377 913 2453 sit,
958 2378 1278 2463 extemplo
1321 2378 1466 2441 sciri
1508 2401 1706 2465 posse.
1800 2379 2049 2466 Rogare
2090 2402 2215 2456 coe,
2260 2392 2334 2442 ut

252 2474 273 2505 ‘
291 2463 444 2528 inde
480 2485 696 2528 secum
725 2464 807 2528 ad
838 2464 1130 2529 Turnum
1157 2463 1456 2528 veniant)
1546 2463 1913 2551 Suspectam
1935 2465 2085 2529 fecit
2105 2488 2239 2528 rem
2270 2477 2337 2529 et

249 2551 582 2637 ingenium
603 2550 808 2616 Turni
825 2551 1023 2626 ferox,
1048 2562 1116 2613 et
1134 2550 1332 2614 oratio
1354 2549 1667 2627 hesterna,
1688 2565 1755 2614 et
1772 2573 1947 2614 mora
1969 2550 2333 2635 Tarquinii3

251 2637 429 2724 quod
470 2635 800 2701 videbatur
827 2637 911 2700 ob
939 2659 1078 2701 eam
1117 2636 1356 2700 differri
1385 2636 1612 2700 caedes
1650 2635 1944 2723 potuisse.
2035 2635 2211 2699 Eunt
2239 2635 2337 2698 in-

251 2723 503 2786 clinatis
555 2723 812 2808 quidem
858 2723 938 2787 ad
974 2722 1362 2787 credendum
1403 2722 1648 2800 animis,
1691 2735 1922 2800 tamen,
1951 2723 2073 2786 nisi
2110 2722 2337 2810 gladiis

251 2808 682 2896 deprehensis,
713 2822 924 2874 cetera
953 2832 1111 2873 vana
1139 2808 1570 2874 existimaturi.
1667 2808 1797 2873 Ubi
1826 2823 1922 2874 est
1949 2833 2025 2873 eo
2055 2823 2333 2886 ventum,

254 2894 550 2959 Turnum
579 2917 661 2959 ex
687 2918 908 2960 somno
929 2896 1272 2960 excitatum
1303 2896 1771 2960 circumsistunt
1791 2895 2115 2960 custodes:
2162 2918 2336 2960 com-

253 2980 548 3068 prehensi
626 3005 706 3046 ue
729 2983 936 3059 serviS,
962 2982 1072 3068 qui
1095 2982 1352 3046 caritate
1375 2982 1617 3046 domini
1639 2983 1767 3046 vim
1790 2983 2109 3069 parabant,
2135 3004 2333 3068 quum

250 3067 453 3154 gladii
494 3090 534 3131 a
619 3068 692 3132 iti
732 3091 812 3132 ex
857 3069 1145 3132 omnibus
1183 3068 1336 3131 locis
1370 3068 1741 3132 deverticuli
1828 3069 2329 3144 retraherentur3

253 3153 578 3218 enimvero
629 3153 958 3219 manifesta
1002 3176 1100 3218 res
1138 3153 1288 3230 visa,
1341 3154 1737 3240 iniectaeque
1830 3176 1992 3217 urno
2032 3167 2326 3218 catenae:

208 3265 238 3311 3
254 3255 320 3306 et
381 3240 708 3304 confestim
761 3239 1134 3304 Latinorum
1184 3239 1522 3304 concilium
1572 3263 1801 3326 magno
1858 3263 2004 3322 cum
2058 3239 2334 3303 tumultu

254 3327 612 3392 advocatur.
703 3327 803 3390 Ibi
833 3341 960 3392 tam
989 3341 1168 3392 atrox
1197 3326 1438 3390 invidia
1465 3339 1602 3390 orta
1629 3341 1743 3403 est,
1772 3325 1997 3414 gladiis
2024 3326 2093 3389 in
2123 3325 2333 3390 medio

249 3413 494 3500 positia,
546 3424 638 3490 ut,
689 3412 929 3477 indicta
978 3435 1180 3489 causa,
1233 3435 1398 3477 novo
1446 3435 1677 3499 genere
1735 3413 1867 3490 leti,
1920 3412 2202 3477 deiectus
2252 3411 2334 3476 ad

206 3532 237 3575 4
252 3513 447 3587 caput
467 3521 666 3585 aquae
695 3500 1088 3575 Ferentinae,
1121 3512 1287 3563 crate
1310 3521 1580 3586 superne
1609 3499 1845 3563 iniecta
1870 3500 2035 3563 saxis
2079 3521 2159 3563 ue
2184 3521 2335 3563 con—

249 3588 465 3674 gestiS,
488 3599 890 3673 mergeretur.
985 3585 1320 3650 Revocatis
1343 3585 1575 3650 deinde
1601 3585 1681 3650 ad
1703 3522 2333 3663 conciliuquatinis‚
2450 3585 2552 3644 52.

251 3805 370 3853 inde
419 3812 475 3852 ut
517 3804 739 3863 dicimus,
771 3808 1066 3868 impunitum
1090 3807 1262 3865 sene,-
1327 3804 1543 3852 nieorum
1592 3803 1847 3851 concilium
1890 3804 2023 3866 apud
2064 3802 2331 3864 Anagniam

251 3871 436 3917 ‹li-eim
481 3871 628 3927 enim,
681 3885 746 3917 sc.
795 3869 1055 3925 Turnum;
1106 3871 1262 3928 caym·-
1328 3869 1378 3915 in
1401 3869 1529 3916 circo
1550 3867 1769 3914 habet-ur.

253 3937 452 3989 tionem,
473 3948 538 3980 sc.
561 3948 734 3981 causae
756 3932 1162 3982 diiudicationem.
1391 3950 1422 3993 4
1455 3934 1600 3980 Orate
1650 3947 1861 3992 superne
1910 3933 2113 3989 iniecta]
2184 3929 2333 3984 Quod

321 4011 351 4044 2
385 3999 454 4044 In
489 3998 812 4045 devorem-ium
843 3999 972 4055 eim]
1015 3996 1183 4045 Cuivis
1215 3995 1266 4043 in
1329 3995 1555 4058 supplicii
1613 4010 1765 4057 genus
1805 3995 1981 4042 Poenis
2032 3993 2335 4056 potissimum

255 4065 474 4108 mentem
498 4060 658 4107 veniet
675 4061 815 4107 dolus
837 4059 920 4108 ille
948 4058 1153 4122 ulyssis,
1170 4075 1266 4121 quo
1329 4060 1559 4107 usitatum
1616 4059 1761 4106 fuisse
1810 4059 1979 4106 dictur.
2046 4059 2106 4106 cf.
2150 4057 2213 4104 iv.
2261 4070 2336 4118 50.

259 4125 577 4173 Palamedem
599 4123 870 4186 intercepit.
914 4124 1044 4172 Serv.
1068 4124 1118 4171 in
1143 4125 1264 4172 Aen.
1333 4123 1494 4172 Plaut.
1529 4123 1678 4171 Poen.
1704 4139 1746 4171 V.
1771 4138 1817 4180 2,
1846 4121 1922 4184 65.
1958 4120 2065 4184 (ubi
2096 4119 2336 4192 V·,T⁸¹¹b·

255 4189 307 4237 ii.
332 4190 409 4249 84.
1327 4185 1487 4248 man.)
1553 4187 1670 4234 Tac.
1704 4187 1868 4236 Germ.
1908 4201 1977 4233 η.
2044 4183 2223 4232 Similis
2248 4182 2334 4230 Gr.

327 4267 356 4312 3
387 4253 676 4301 Latinorum
725 4253 1003 4310 concilium]
1061 4267 1126 4299 sc.
1175 4251 1264 4298 Po·
1331 4251 1717 4308 καταποντισμὸς,
1748 4251 1808 4298 de
1838 4265 1933 4310 quo
1964 4265 2006 4296 v.
2034 4247 2241 4294 wessel.
2274 4247 2339 4294 ad

255 4315 386 4379 puli,
407 4331 506 4364 non
527 4323 735 4364 senatus.
765 4317 824 4364 cf.
847 4315 911 4364 ix.
935 4331 1011 4376 43.
1035 4315 1116 4363 ubi
1141 4315 1265 4362 Her·
1335 4313 1535 4363 Diodor.
1558 4315 1655 4364 xvi.
1682 4325 1755 4374 35.
1792 4315 1921 4361 Bur.
