3000 4784
543 208 674 270 380
1325 200 1554 269 ΤΙΊἹ
1606 200 1878 269 LIVII

215 346 288 399 U.
307 345 370 397 0·
395 354 507 409 375·
545 346 566 379 ‘
589 339 876 407 Videsne
907 339 1017 418 tu,'
1046 338 1276 427 inquit,
1303 347 1325 379 ‘
1343 341 1424 405 A.
1451 338 1811 427 Semproni,
1838 338 1967 405 loci
2002 338 2263 405 fortuna
2286 338 2433 405 illos
2456 337 2685 403 fretos

214 412 277 461 A.
309 411 370 463 ⁰·
395 422 506 474 3⁷⁷·
545 434 566 465 ‘
581 425 666 492 ad
715 425 951 491 Alliam
993 427 1400 493 constitisse?
1455 449 1579 492 nec
1622 426 1748 492 illis
1798 426 1892 491 dii
1932 425 2323 491 immortales
2368 424 2683 491 certior-'s

544 519 565 552 ‘
631 513 932 599 uicquam
979 512 1274 591 fiduciae,
1321 513 1654 579 maiorisve
1698 512 1875 599 quod
1916 514 1999 577 sit
2042 512 2285 590 auxilii,
2330 511 2681 577 dederint.

543 606 564 639 ‘
649 610 678 664 t
705 612 796 676 tu,
825 600 1024 665 fretus
1053 600 1242 665 armis
1271 600 1647 687 animisque,
1676 599 2009 665 concitatis
2038 601 2220 686 equis
2250 598 2491 664 invade
2520 620 2681 661 me—

543 693 564 724 ‘
581 686 754 751 diam
783 686 986 751 aciem
1009 710 1026 751 ε
1074 708 1196 774 ego
1223 708 1373 751 cum
1401 686 1757 773 legionibus
1796 686 1867 751 in
1911 688 2195 751 turbatos
2222 686 2681 773 trepidantes-

544 779 565 810 ‘
581 795 708 859 que
737 772 1006 839 inferam
1031 772 1232 860 signa.
1325 772 1590 849 Adeste,
1610 772 1703 835 dii
1726 784 1917 837 testes
1943 772 2236 849 foederis,
2268 786 2335 837 et
2362 772 2675 859 expetite

545 867 566 897 ‘
587 880 845 946 poenas,
876 858 1126 925 debitas
1153 859 1342 923 simul
1369 858 1547 924 vobis
1577 858 1843 936 violatis,
1872 859 2023 924 nob‘
2106 882 2185 923 ue
2222 881 2340 946 per
2366 870 2669 923 vestrum
2688 877 2731 921 4

217 961 501 1011 vincuntur
545 954 566 984 ‘
583 967 826 1010 numen
854 945 1177 1032 deceptis?
1265 944 1334 1009 N
1335 968 1422 1010 on
1459 945 1765 1032 equitem,
1796 967 1929 1010 non
2120 958 2252 1010 tem
2290 945 2669 1010 sustinuere

217 1028 453 1102 lfraenoe-
544 1032 978 1097 Praenestini:
1040 1033 1246 1119 primo
1295 1032 1543 1119 impetu
1589 1053 1664 1095 ac
1722 1031 1996 1096 clamore
2046 1032 2333 1119 dissipati
2392 1031 2669 1096 ordines

309 1126 324 1142 ⁸
543 1131 710 1184 sunt.
803 1118 999 1196 Dein,
1057 1132 1396 1207 postquam
1441 1117 1621 1182 nullo
1666 1116 1809 1183 loco
1854 1119 2184 1183 constabat
2230 1119 2418 1195 acies,
2470 1130 2669 1205 terga

543 1218 803 1272 vertunt
818 1229 836 1283 ;
883 1205 1419 1292 consternatique,
1450 1216 1520 1269 et
1544 1218 1799 1291 praeter
1826 1217 2029 1270 castra
2056 1205 2249 1269 etiam
2270 1227 2387 1269 sua
2417 1226 2657 1291 pavore

543 1292 829 1379 praelati,
859 1315 992 1358 non
1019 1294 1196 1380 prius
1223 1314 1292 1357 se
1321 1294 1403 1357 ab
1441 1292 1645 1355 effuso
1672 1313 1863 1355 eursu
1890 1291 2140 1368 sistunt,
2218 1314 2365 1355 uam
2394 1292 2467 1355 in
2492 1313 2661 1355 con·

543 1392 768 1465 spectu
806 1379 1150 1445 Praeneste
1183 1379 1322 1444 fuit.
1415 1377 1517 1443 Ibi
1546 1400 1631 1442 ex
1656 1377 1815 1465 fuga
1850 1378 2155 1465 dissipati,
2171 1315 2419 1455 (iocum,
2453 1400 2661 1464 quem

547 1465 959 1531 tumultuario
990 1487 1180 1553 opere
1211 1464 1700 1541 communirent,
1724 1465 2010 1551 capiunt:
2058 1488 2165 1542 ne,
2194 1464 2249 1528 si
2274 1464 2447 1529 intra
2474 1486 2663 1529 moe-

546 1551 656 1618 nia
683 1574 750 1617 se
791 1574 934 1617 rece
981 1553 1196 1630 issent,
1227 1565 1439 1617 extem
1487 1551 1552 1616 lo
1591 1563 1881 1616 ureretur
1920 1574 2087 1639 ager,
2118 1550 2659 1638 depopulatisque

548 1639 844 1703 omnibus
885 1576 1131 1704 ogsidio
1167 1639 1313 1703 urbi
1347 1574 1705 1702 infgrretur.
1800 1636 1951 1715 Sed,
1992 1650 2348 1725 postquam,
2380 1636 2657 1723 direptis

547 1724 632 1789 ad.
661 1723 903 1788 Alliam
931 1725 1168 1802 castris,
1197 1726 1400 1790 victor
1430 1724 1761 1789 Romanus
1790 1723 2025 1803 aderat,
2049 1724 2120 1789 id
2148 1746 2405 1811 quoque
2436 1723 2655 1787 muni-

221 1815 424 1880 Oppida
460 1880 473 1893 ,
547 1820 838 1874 mentum
866 1809 1188 1875 relictum:
1235 1823 1321 1888 et,
1345 1810 1454 1875 vix
1483 1810 1739 1874 moenia
1766 1822 1907 1874 tuta
1932 1811 2071 1887 rati,
2095 1810 2333 1897 oppido
2354 1832 2425 1874 se
2454 1810 2655 1874 Prae-

217 1882 496 1994 {Jlffu‘ffm‘
545 1907 726 1960 neste
749 1894 1109 1961 includunt.
1206 1896 1376 1962 Octo
1413 1908 1742 1984 praeterea
1768 1896 2005 1983 oppida
2032 1909 2213 1961 erant
2252 1898 2371 1961 sub
2400 1896 2653 1961 ditione

217 2014 380 2073 “W
544 1982 1407 2157 ξαῗῗῗῐίῗξὲῗὲἑήαῒὲξέ
1421 1982 2423 2136 ῗῗῗξὴκῖῗῗιέῗῖἳὲὲὲῗῗξθ
2444 2006 2653 2133 ...2¹22

547 2155 682 2221 Eae
733 2179 992 2245 quoque
1049 2170 1484 2245 expugnatae:
1518 2093 1687 2221 ptuib
1738 2156 1823 2221 ad
1874 2168 2065 2243 caput
2106 2155 2259 2220 belli
2303 2155 2653 2221 Praeneste

543 2256 826 2308 ventum.
917 2244 998 2309 Id
1047 2268 1182 2309 non
1229 2244 1314 2320 vi,
1360 2244 1476 2308 sed
1521 2266 1639 2331 per
1686 2242 2103 2319 deditionem,
2147 2255 2480 2330 receptum
2528 2254 2649 2307 est.

547 2328 627 2393 T.
654 2327 1020 2408 QuinctiuS,
1051 2331 1248 2395 semel
1267 2331 1400 2395 acie
1422 2332 1642 2407 victor,
1667 2330 1833 2395 binis
1854 2331 2071 2394 castris
2094 2328 2395 2406 hostium,
2413 2352 2651 2395 novem

545 2416 796 2502 oppidis
813 2417 880 2481 vi
907 2418 1126 2505 captiS,
1157 2416 1499 2482 Praeneste
1532 2418 1599 2481 in
1628 2417 2023 2482 deditionem
2052 2428 2334 2503 accepte,
2371 2416 2649 2480 Romam

219 2504 411 2569 Iupiter
427 2504 528 2555 1¹1¹-
543 2503 832 2569 rever-titt
879 2504 1276 2591 triumphans
1321 2526 1402 2568 ue
1431 2504 1705 2591 signum,
1726 2503 2069 2568 Praeneste
2092 2502 2451 2580 devectum,
2476 2502 2651 2567 Iovis

215 2575 428 2632 perator.
543 2587 950 2676 Imperatoris
979 2592 1044 2655 in
1081 2591 1316 2677 Capito
1341 2591 1476 2654 ium
1518 2591 1683 2655 tulit.
1773 2589 2160 2654 Dedicatum
2194 2601 2293 2653 est
2322 2590 2493 2654 inter
2518 2589 2652 2655 cel-

541 2674 668 2740 lam
691 2675 860 2741 Iovis
877 2700 951 2743 ac
975 2677 1306 2742 Minervae
1319 2701 1342 2752 3-
1386 2676 1725 2777 tabulaque
1744 2677 1862 2741 sub
1884 2698 1963 2740 eo
1984 2676 2133 2753 fixa,
2158 2688 2651 2741 monumentum

541 2784 754 2826 rerum
783 2777 1122 2850 gestarum,
1153 2764 1254 2828 his
1283 2764 1480 2828 ferme
1506 2764 1706 2828 inclsa
1720 2763 1917 2827 literis
1940 2762 2094 2827 fuitz
2146 2770 2165 2800 ‘
2181 2761 2432 2849 Iupiter
2452 2780 2651 2864 atque

545 2855 565 2885 ‘
591 2848 724 2911 divi
753 2870 974 2916 omnes
996 2851 1118 2915 hoc
1151 2851 1490 2929 dederunt,
1524 2863 1598 2915 ut
1627 2850 1705 2916 T.
1734 2848 2079 2924 Quinctius
2106 2849 2381 2914 dictator
2412 2872 2451 2914 o
2496 2850 2701 2951 pidas

545 2940 566 2971 ‘
583 2956 814 2997 novem
842 2958 918 2999 ca
963 2937 1138 3000 eret!
1226 2936 1356 3001 Die
1395 2937 1715 3014 vicesim0,
1747 2958 1943 3023 quam
1982 2948 2229 3001 creatus
2258 2948 2414 3015 erat,
2516 2950 2653 3002 cta-

546 3031 687 3083 tura
713 3040 780 3084 se
811 2959 1141 3085 abdicavit.

322 3112 426 3173 30.
637 3104 921 3172 Comitia
947 3107 1096 3173 inde
1127 3107 1344 3191 habita
1380 3110 1779 3176 tribunorum
1814 3110 2091 3177 militum
2118 3109 2435 3177 consulari
2466 3122 2657 3199 pote-

543 3203 732 3271 state3
780 3196 1010 3282 quibus
1027 3208 1333 3283 aequatus
1353 3197 1761 3284 patriciorum
1780 3197 2171 3297 plebeiorum
2218 3220 2299 3261 ue
2324 3220 2649 3263 numerus·

217 3296 288 3346 U.
311 3295 370 3345 c,
397 3294 505 3359 37⁶·
549 3279 652 3344 Ex
697 3281 992 3348 Patribus
1026 3284 1220 3349 creati
1249 3283 1325 3348 P.
1369 3298 1436 3349 et
1487 3282 1565 3349 C.
1593 3283 1843 3363 Manlii,
1876 3306 2024 3348 cum
2066 3283 2143 3347 L.
2170 3222 2380 3349 fulin:
2474 3283 2653 3351 lebes

218 3362 279 3410 A·
311 3362 369 3411 0·
395 3358 505 3423 ³⁷⁶·
549 3366 626 3433 c,
659 3366 1015 3449 Sextilium,
1059 3369 1156 3434 M.
1185 3370 1540 3449 Albinium,
1582 3371 1659 3436 L.
1687 3371 2042 3435 Antistium
2072 3369 2275 3435 dedit.
2530 3343 2707 3471 111⁸,ss

615 3588 646 3633 4
681 3574 786 3621 Per
829 3580 1044 3623 vestrum
1095 3588 1279 3623 numen
1321 3574 1559 3635 deceptis]
1630 3571 1867 3623 excidisse
1900 3577 2079 3637 putant
2108 3574 2325 3624 Gronov,
2356 3579 2408 3623 et
2442 3574 2650 3624 Niebhr.

546 3636 652 3692 Qui
684 3651 838 3696 quum
875 3636 1230 3687 confideremus
1263 3636 1444 3685 foederi
1483 3637 1565 3685 cui
1630 3636 1826 3686 Novem
1860 3638 2047 3700 oppida
2076 3643 2319 3687 memorat
2346 3638 2498 3688 Dion.
2524 3638 2655 3689 Exc.

545 3704 758 3747 vestrum
808 3714 992 3747 numen
1047 3702 1344 3749 advocatum
1389 3701 1565 3761 fuerat,
1631 3701 1747 3750 Vat.
1771 3701 1855 3751 xii.
1882 3704 1957 3751 28.
1986 3704 2072 3751 sed
2102 3703 2166 3751 de
2190 3702 2395 3751 Velitris
2415 3702 2543 3751 silet.
2588 3702 2651 3753 cf.

546 3761 703 3811 delusi
734 3776 903 3809 sumus
933 3778 965 3809 a
989 3763 1267 3826 foedifragis
1292 3765 1563 3813 Praenesti·
1632 3764 1808 3814 Festus
1830 3782 1874 3815 v.
1901 3768 2145 3815 Triencem
2166 3769 2379 3816 tertium,

543 3826 636 3877 nis.
703 3824 784 3873 Sic
805 3838 940 3887 supr.
960 3826 993 3875 i.
1017 3841 1064 3890 9.
1091 3842 1188 3888 per
1206 3830 1300 3889 sas
1330 3844 1389 3877 ae
1407 3830 1563 3891 ,fidem
1690 3828 1723 3879 6
1754 3833 1832 3879 M.
1858 3831 2143 3890 Albinium]
2191 3831 2290 3879 Pro
2321 3834 2519 3889 Marco,
2549 3832 2653 3880 Du-

543 3892 746 3953 decepti.
778 3890 940 3940 CREv.
1626 3895 1755 3942 oium
1772 3910 1851 3956 ap.
1869 3894 2017 3944 Diod.
2032 3910 2112 3943 xv.
2130 3906 2174 3956 5.
2192 3895 2448 3944 habemus.
2496 3896 2653 3951 Quod

611 3968 638 4018 5
672 3955 866 4019 Oppida
887 3970 1057 4004 novem
1077 3958 1298 4017 caperet]
1331 3956 1565 4007 Testatur
1628 3958 1667 4005 si
1708 3958 1829 4007 fides
1863 3958 2084 4007 Diodoro
2114 3959 2279 4021 potius
2309 3959 2539 4007 habenda
2570 3960 2655 4017 sit,

545 4020 722 4070 Festus
742 4020 793 4066 in
815 4034 933 4067 voce
955 4021 1196 4069 Trientem
1217 4023 1430 4080 tertium,
1447 4022 1560 4070 scri·
1625 4022 1757 4070 hunc
1774 4024 1983 4071 eundem
2001 4028 2151 4085 atque
2167 4023 2477 4082 illum‚cuiun
2494 4022 2657 4085 pietas

544 4092 686 4147 ptum
721 4083 867 4133 fuiaae
902 4084 955 4132 in
988 4084 1083 4133 hac
1115 4085 1286 4133 tabula
1314 4085 1375 4134 T.
1401 4086 1561 4143 Quin·
1624 4102 1755 4149 supr.
1780 4104 1825 4136 v.
1850 4102 1926 4147 40.
1958 4088 2203 4145 laudatur,
2236 4086 2385 4135 fuisse
2418 4084 2656 4135 verisimi-

543 4148 696 4198 etium
719 4164 895 4197 novem
913 4150 1056 4198 nrbes
1077 4164 1165 4211 per
1183 4164 1360 4198 novem
1379 4149 1500 4210 dies,
1514 4156 1564 4199 et
1630 4150 1725 4198 lius
1747 4150 1953 4200 videtur.
1986 4151 2193 4199 Niebhr.
2218 4150 2268 4199 ii.
2290 4166 2341 4200 n.
2368 4164 2506 4199 1201.

541 4214 785 4263 decimam
810 4214 1074 4262 Praeneste
1096 4213 1298 4275 cepisse.
1361 4214 1431 4262 Et
1454 4229 1563 4275 pro-
1696 4225 1722 4275 7
1756 4217 1933 4275 Dedit]
1988 4215 2107 4263 Duo
2142 4214 2243 4263 alia
2274 4215 2477 4263 nomina
2512 4215 2657 4265 addit

541 4278 672 4325 fecto
710 4278 804 4325 hoe
833 4278 1056 4325 voluerat
1089 4278 1274 4337 Livius,
1307 4278 1348 4326 si
1387 4294 1475 4340 per
1506 4278 1564 4326 li-
1630 4277 1929 4342 Burghesius
1969 4294 2033 4327 ex
2078 4280 2273 4341 Fragm.
2312 4279 2449 4329 Fut.
2482 4280 2661 4341 Capit.

541 4340 722 4389 brutios
737 4340 970 4389 licuisset.
992 4342 1156 4391 Cam.
1190 4343 1378 4391 Diebus
1393 4358 1563 4393 novem
1628 4341 1815 4391 scilicet
1842 4378 1855 4392 .
1877 4378 1891 4393 .
1916 4378 1930 4393 .
1954 4380 1966 4394 .
1990 4344 2276 4395 Ermwim
2306 4350 2355 4393 et
2380 4344 2451 4395 1².
2479 4345 2661 4397 Trebo-
