3000 4784
899 215 1091 284 LIB.
1149 215 1201 282 I.
1263 215 1484 284 CAP.
1532 221 1636 288 57.
2238 222 2343 284 65·

221 350 506 418 Romani
547 352 800 418 animus
841 353 1046 418 latens
1087 375 1172 441 op
1253 353 1485 418 riretur
1528 367 1815 442 tempora
1854 375 1984 418 sua.
2074 351 2141 418 Is
2182 365 2321 418 tum

209 439 306 504 ab
361 439 736 527 Tarquiniis
793 439 1024 504 ductus
1074 439 1180 505 De
1203 440 1382 527 phos,
1431 439 1777 506 ludibrium
1834 439 2065 518 verim,
2170 461 2321 504 uam

217 545 454 604 comes,
505 549 770 592 aureum
827 526 1142 604 baculum,
1192 526 1507 591 inclusum
1566 549 1799 592 corneo
1844 539 2061 592 cavato
2111 463 2195 590 effi
2250 525 2321 590 id

215 613 469 690 baculo,
495 613 710 678 tulisse
741 613 984 678 donum
1003 611 1291 700 Apollini
1321 612 1573 691 dicitur,
1596 637 1711 700 per
1732 614 2027 701 ambages
2045 613 2319 700 effigiem

213 697 468 786 ingenii
513 699 628 764 sui.
725 700 876 775 Quo
921 713 1254 800 postquam
1301 711 1565 764 ventum·
1620 713 1736 778 est,
1783 700 2076 788 perfectis
2208 697 2321 763 tris

213 785 558 864 mandatiS,
601 786 835 874 cupido
877 785 1135 850 incessit
1175 785 1418 850 animos
1460 786 1766 851 iuvenum
1810 721 2211 862 sciscitandi?
2235 784 2321 848 ad

211 894 416 1022 ‘¹¹²²”3
431 895 662 1024 ῖοωῖἒ
672 871 1334 1024 ἱίἕῖἓέἓὲἒηᾝῖ
1343 872 2320 1046 ffgefflffimffiffiss

213 1053 236 1082 ‘
301 1045 541 1124 abebit‚
635 1046 704 1110 ui
748 1057 1024 1110 vestrum
1072 1045 1330 1132 primus,
1377 1068 1418 1110 o
1467 1046 1751 1124 iuvenes,
1796 1046 2081 1112 osculum
2130 1043 2319 1110 matri

212 1139 234 1169 ‘
253 1131 516 1196 tulerit?
664 1131 956 1220 atquinii,
987 1144 1062 1196 ut
1099 1131 1348 1210 SextuS,
1381 1133 1494 1220 qui
1537 1133 1781 1197 Romae
1810 1132 2065 1197 relictus
2090 1132 2316 1208 fuerat,

209 1219 478 1305 ignarus
515 1219 800 1306 responsi
839 1231 1194 1306 expersque
1229 1219 1480 1306 imperii
1511 1231 1694 1296 esset,
1731 1241 1866 1283 rem
1906 1240 2153 1283 summa
2194 1240 2317 1317 ope

209 1305 418 1369 taceri
445 1305 696 1370 iubent:
743 1305 864 1392 ipsi
893 1305 1061 1369 inter
1087 1327 1176 1381 se,
1201 1318 1344 1369 uter
1370 1304 1563 1391 prior,
1586 1327 1787 1390 quum
1818 1304 2092 1368 Romam
2122 1304 2319 1369 red1s-

207 1405 380 1468 sem,
423 1390 612 1456 matri
653 1391 938 1456 osculum
973 1391 1173 1468 daret,
1215 1391 1369 1456 sorti
1407 1391 1804 1479 permittunt.
1898 1389 2155 1466 Brutus,
2192 1389 2319 1454 alio

207 1491 392 1542 ratus
419 1491 703 1565 spectare
735 1477 1072 1566 Pythicam
1091 1500 1334 1555 vocem,
1352 1477 1527 1542 velut
1545 1477 1597 1541 si
1620 1476 1945 1564 prolapsus
1967 1476 2315 1553 cecidisset,

208 1577 452 1628 terram
498 1564 714 1629 ooeulo
757 1564 1056 1651 contigit:
1103 1563 1362 1641 scilicet,
1401 1563 1577 1664 quod
1617 1587 1693 1629 ea
1726 1563 2081 1628 communis
2116 1575 2319 1628 mater

207 1652 512 1715 omnium
567 1651 926 1716 mortalium
984 1664 1165 1716 esset.
1268 1649 1580 1715 Reditum
1636 1650 1789 1715 inde
1851 1649 2145 1728 Romam,
2204 1648 2317 1713 ubi

205 1737 520 1802 adversus
550 1736 826 1802 Rutulos
854 1736 1094 1803 bellum
1121 1759 1367 1802 summa
1393 1737 1456 1802 vi
1485 1738 1840 1824 parabatur.

297 1822 598 1888 Ardeam
637 1823 866 1888 Rutuli
903 1823 1241 1904 habebant,
1279 1847 1456 1911 gens,
1497 1836 1569 1888 ut
1606 1824 1671 1887 in
1714 1846 1791 1888 ea
1828 1823 2086 1912 regione
2122 1833 2315 1909 atque
2434 1828 2539 1894 5¹7.

207 1910 282 1974 in
327 1931 412 1974 ea
451 1921 678 1988 aetate5
726 1909 964 1974 divitiis
1006 1909 1405 1998 praepollens
1421 1935 1440 1974 ε
1500 1932 1708 2012 eaque
1752 1910 1774 1974 i
1934 1931 2123 1974 causa
2166 1907 2320 1973 belli
2336 1913 2541 1965 Bellum

206 1995 362 2074 fuit,
392 1995 570 2095 quod
599 2019 714 2061 rex
745 1996 1074 2062 Romanus
1102 2008 1242 2061 tum
1279 1996 1414 2084 ipse
1447 1996 1657 2074 ditm,
1688 1933 2033 2062 exffustus
2071 1995 2319 2082 magni-
2335 1994 2451 2094 {¹2¹²
2472 1979 2636 2030 Rutu-

207 2082 484 2148 ficentm
521 2082 920 2184 publicorum
958 2105 1242 2171 operum,
1280 2095 1420 2147 tum
1461 2083 1699 2170 praeda
1740 2081 2008 2148 delinire
2053 2080 2319 2170 popula-

208 2169 390 2234 rium
447 2191 692 2236 ammos
747 2169 1078 2248 studebat3
1149 2175 1402 2257 praeter
1457 2169 1647 2234 aliam
1702 2169 2063 2258 superbiam
2120 2191 2319 2256 regno

208 2255 484 2320 infestos
525 2257 736 2334 etiam,
785 2255 960 2344 quod
1002 2278 1069 2322 se
1114 2256 1186 2320 in
1226 2255 1547 2321 fabrorum
1588 2255 1951 2320 ministeriis
1992 2278 2067 2321 ac
2108 2253 2320 2320 servili

212 2355 352 2408 tam
384 2342 499 2407 diu
525 2342 774 2408 habitos
801 2365 990 2431 opere
1030 2344 1111 2409 ab
1139 2365 1290 2430 rege
1317 2342 1829 2430 indignabantur.·
1918 2342 2197 2408 Tentata
2222 2363 2322 2406 res

211 2441 337 2507 est,
371 2429 428 2492 si
465 2429 670 2517 primo
697 2430 946 2517 impetu
971 2431 1114 2516 capi
1145 2429 1363 2494 Ardea
1388 2440 1635 2516 posset:
1682 2429 1793 2494 ubi
1822 2427 1893 2492 id
1964 2451 2145 2493 arum
2171 2449 2321 2515 pro-

211 2515 432 2593 cessit,
465 2515 791 2581 obsidione
821 2515 1404 2603 munitionibusque
1444 2515 1657 2601 coepti
1684 2513 1889 2602 premi
1962 2529 2147 2578 ostes.
2236 2512 2320 2578 In

211 2603 296 2668 iis
341 2601 602 2680 stativis,
633 2607 706 2667 ut
742 2602 818 2668 fit
851 2603 1043 2702 longo
1083 2601 1300 2690 magis,
1331 2624 1525 2689 quam
1564 2601 1695 2665 acri
1722 2599 1911 2677 bello,
1947 2601 2097 2665 satis
2134 2599 2321 2663 liberi

213 2701 614 2755 commeatus
635 2701 840 2756 erant:
887 2688 1268 2776 primoribus
1296 2701 1511 2753 tamen
1538 2687 1757 2774 magis,
1780 2709 1975 2787 quam
1991 2685 2314 2750 militibus.

215 2775 284 2840 R
376 2776 415 2791 '⁶
459 2775 722 2864 quidem
749 2776 1010 2842 iuvenes
1043 2774 1365 2840 interdum
1393 2775 1597 2840 otium
1636 2773 1937 2839 conuviis
1974 2773 2322 2839 comissati-
2334 2777 2603 2856 Cot-nomio

215 2799 420 2928 01]ἶῖ11
499 2885 579 2928 ue
626 2863 796 2928 inter
840 2885 907 2927 se
967 2863 1270 2927 terebant·
1361 2859 1552 2926 Forte
1598 2859 1963 2948 potantibus
2006 2860 2105 2924 his
2146 2860 2319 2961 apud
2332 2859 2575 2958 {3533
2588 2909 2653 2959 de

220 2948 377 3014 Sex.
485 2947 866 3050 atquinium,
909 2949 1019 3015 ubi
1055 2962 1124 3013 et
1165 2946 1523 3013 Collatinus
1564 2948 1873 3013 coenabat
1910 2947 2319 3035 Tarquimus,
2336 2975 2586 3024 uxoribus.

218 3035 448 3124 Egerii
496 3035 684 3112 filius,
731 3035 958 3100 incidit
1005 3034 1088 3100 de
1137 3035 1439 3102 uxoribus
1485 3033 1760 3100 mentio:
1823 3056 2003 3099 suam
2094 3035 2321 3122 uisque

217 3121 483 3188 laudare
527 3122 701 3186 miris
736 3121 958 3186 modis.
1047 3119 1211 3186 Inde
1249 3122 1593 3186 certamine
1634 3143 1919 3199 accense,
1965 3119 2067 3186 Co
2154 3121 2325 3186 tinus

217 3221 440 3296 negat,
490 3215 512 3247 ‘
526 3207 734 3274 verbis
780 3230 940 3295 opus
986 3230 1161 3273 esse:
1223 3209 1441 3296 paucis
1483 3205 1555 3271 id
1605 3205 1867 3293 quidem
1912 3207 2084 3272 horis
2140 3229 2322 3294 posse

224 3303 246 3333 ‘
262 3296 433 3373 sciri,
453 3305 764 3382 quantum
783 3295 1010 3359 ceteris
1031 3307 1308 3382 praestet
1325 3293 1627 3359 Lucretia
1652 3315 1781 3358 sua.
1836 3291 2049 3372 Quin,
2072 3294 2126 3358 si
2147 3294 2326 3380 vigor
2356 3343 2368 3364 ,

223 3389 244 3422 ‘
269 3381 570 3464 iuventae
606 3381 791 3459 inest,
841 3381 1324 3447 conscendimus
1373 3403 1591 3468 equos,
1642 3379 2095 3467 invisimusque
2141 3402 2323 3467 prae-

224 3476 248 3508 ‘
264 3481 481 3533 sentes
524 3480 880 3533 nostrarum
915 3467 1216 3568 ingenia?
1259 3465 1341 3532 Id
1379 3467 1612 3554 cuique
1649 3467 2174 3554 spectatissimum
2221 3467 2321 3544 sit,

226 3563 247 3594 ‘
265 3554 445 3643 quod
475 3555 852 3643 necopinato
881 3554 1001 3618 vin
1031 3554 1310 3619 adventu
1338 3553 1682 3619 occurrerit
1710 3551 1948 3618 oculis!
2033 3550 2324 3618 Incalue-

223 3654 373 3707 rant
427 3641 594 3706 vino.
704 3651 724 3680 ⁶
743 3641 887 3729 Age
946 3641 1138 3720 sane,’
1194 3663 1430 3706 omnes.
1548 3637 1777 3704 citatis
1833 3639 2015 3728 equis
2071 3639 2327 3705 avolant

225 3728 525 3794 Romam.
621 3728 778 3804 Quo
833 3749 1054 3816 quum,
1091 3727 1318 3828 primis
1367 3750 1434 3792 se
1493 3725 1971 3792 intendentibus
2028 3727 2325 3804 tenebris,

227 3816 683 3966 ffiweniaeent'
743 3827 1021 3904 pergunt
1089 3813 1240 3880 mdc
1304 3812 1643 3880 Collatiam
1664 3837 1684 3877 ε
1758 3813 1871 3879 ubi
1936 3813 2325 3892 Lucretiam,

314 3901 724 3989 udquaquam
777 3914 850 3966 ut
891 3901 1094 3988 regias
1135 3923 1352 3979 numa,
1397 3923 1557 3988 quas
1597 3900 1667 3964 in
1710 3900 1997 3966 convivio
2038 3899 2326 3987 luxuque

231 4009 378 4052 cum
422 3987 794 4077 aequalibus
833 3988 1128 4054 viderant
1169 4001 1420 4075 tempus
1464 3999 1761 4065 terentes,
1800 3987 1914 4052 sed
1956 4000 2143 4052 nocte
2187 4008 2328 4052 sera

183 4103 217 4145 4
235 4073 516 4140 deditam
557 4073 740 4140 lanae
775 4075 945 4142 inter
983 4073 1390 4140 lucubrantes
1427 4073 1687 4139 ancillas
1713 4073 1784 4137 in
1819 4074 2031 4140 medio
2072 4073 2327 4138 aedium

298 4322 331 4365 4
363 4305 430 4352 In
449 4305 604 4353 modio
617 4306 840 4365 aedium]
869 4303 986 4353 Mos
999 4304 1133 4366 apud
1151 4303 1250 4353 Ro-
1315 4301 1439 4352 atrio
1456 4301 1723 4352 lanificium
1750 4305 2043 4350 exercerent.
2067 4301 2129 4347 cf.
2154 4301 2330 4352 Ancon.

241 4381 410 4416 manos
437 4365 710 4428 obtinebat,
745 4375 802 4417 ut
833 4381 1010 4418 uxores
1047 4383 1164 4417 suae
1201 4367 1254 4416 in
1318 4369 1380 4415 ad
1404 4367 1511 4417 Cic.
1534 4367 1619 4415 Or.
1643 4381 1713 4426 pr.
1738 4363 1848 4412 Mil.
1872 4377 1915 4424 5.
1954 4364 2125 4410 Dant.

328 4451 480 4496 vol..
515 4451 558 4496 1.
1951 4443 1989 4486 Ε·
