3000 4784
780 266 975 335 ms.
1022 266 1146 335 lx.
1213 266 1435 335 cAP.
1490 272 1588 337 16.
2106 277 2254 355 517⁸

94 401 527 490 nagistratu,
584 403 805 468 consul
864 405 1123 469 tertium
1180 419 1427 471 creatus
1494 407 1612 483 sit3
1683 406 1771 471 an
1831 406 1908 471 L.
1941 407 2232 496 Papirius
2253 420 2320 471 u.
2343 420 2403 470 c,
2425 432 2558 482 435ἣ

94 488 163 553 Μ
268 489 555 567 ‘llanus,
586 502 653 553 et
680 489 751 553 in
778 512 815 555 c
944 491 1157 556 omine
1188 504 1463 557 erratum
1492 493 1592 557 sit.

244 575 571 653 cnvenit,
602 576 729 639 iam
772 576 841 639 in
886 600 923 641 e
968 599 1085 663 per
1124 577 1414 642 consules
1455 578 1702 666 reliqua
1739 578 1891 644 belli
2015 579 2226 645 rfecta.

2250 486 2310 534 A.
2343 486 2404 533 C.
2430 496 2540 545 317.

2250 548 2308 597 L.
2329 548 2528 609 Papirio

2250 613 2357 662 111.
2377 612 2442 667 Q.-
2459 612 2560 659 Au-

94 661 341 725 Aulius
396 684 563 725 cum
624 661 997 727 Forentanis
1050 686 1179 727 uno
1230 663 1514 729 secundo
1564 665 1804 752 proelio
1853 666 1934 729 de
2017 664 2192 730 llavit
2209 690 2228 743 3
2249 676 2315 724 lio
2331 676 2406 725 11.
2423 676 2562 724 cneo.

95 748 483 835 irbemque
532 748 754 835 ipsam,
800 771 932 835 quo
980 770 1047 813 se
1096 749 1236 813 fusa
1279 750 1638 815 contulerat
1680 752 1865 829 acies,
1911 751 2234 817 obsidibus

95 834 471 920 ‚mperatia
516 834 583 897 in
626 834 1018 899 deditionem
1062 835 1324 922 accepit.
1414 835 1564 901 Pari
1601 838 1857 902 fortuna
1899 838 2232 903 consulum

94 918 253 983 ilter
310 942 489 984 cum
554 919 913 997 Satricanis,
954 921 1068 1008 qui
1114 921 1283 986 cives
1332 922 1610 986 Romani
1667 936 1812 1011 post
1873 922 2232 988 Caudinam

94 1004 355 1070 :ladem
413 1006 511 1070 ad
561 1005 877 1071 Samnites
914 1005 1295 1085 defecerant,
1388 1008 1856 1095 raesidiumque
1903 1031 2123 1074 eorum
2163 1011 2232 1074 in

94 1092 329 1156 urbem
398 1104 805 1179 acceperant,
858 1114 995 1157 rem
1052 1093 1263 1179 gessit.
1428 1115 1531 1157 am
1584 1117 1784 1180 quum
1840 1094 1924 1159 ad
1981 1097 2235 1160 moenia

94 1176 341 1242 Satrici
372 1178 685 1243 admotus
706 1190 869 1243 esset
896 1179 1232 1257 exercituS,
1264 1178 1636 1267 legatisque,
1668 1180 1870 1245 missis
1899 1180 1981 1245 ad
2007 1203 2231 1267 pacem

94 1286 243 1327 cum
288 1263 613 1351 precibus
651 1264 1014 1364 petendam,
1046 1265 1223 1330 triste
1258 1288 1629 1365 responsum
1669 1266 1750 1330 ab
1789 1266 2048 1331 consule
2089 1267 2234 1331 red-

94 1349 315 1414 ditum
350 1362 556 1428 esset,
576 1358 599 1389 ‘
617 1350 739 1415 msi
759 1350 1073 1437 praesidio
1097 1350 1478 1416 Samnitium
1496 1352 1828 1417 interfecto
1845 1365 1956 1418 aut
1978 1352 2138 1417 tradi
2147 1364 2230 1430 to,

94 1444 111 1473 ‘
136 1459 225 1500 ne
274 1436 369 1501 ad
418 1459 497 1501 se
540 1437 964 1513 remearent3’
1016 1435 1161 1524 plus
1203 1460 1280 1502 ea
1320 1460 1496 1515 voce,
1543 1460 1736 1524 quam
1789 1438 1979 1503 armis
2021 1438 2230 1517 illatis,

94 1523 369 1587 terroris
454 1523 699 1588 colonis
767 1523 1091 1588 iniectum.
1168 1522 1409 1610 Itaque
1466 1523 1738 1588 subinde
1809 1536 2232 1611 exsequentes

142 1608 501 1674 uaerendo
531 1632 570 1673 a
598 1608 855 1673 consule
896 1608 1107 1695 legati,
1139 1631 1420 1697 quonam
1448 1630 1516 1674 se
1545 1622 1732 1697 pacto
1775 1632 2010 1698 paucos
2037 1623 2103 1676 et
2131 1611 2232 1675 in·-

94 1630 327 1759 grmos
360 1693 664 1759 crederet
728 1694 998 1759 raesidio
1016 1707 1147 1759 tam
1163 1693 1373 1759 valido
1402 1707 1469 1760 et
1497 1708 1738 1761 armato
1755 1696 1885 1760 vim
1913 1695 2230 1775 allaturos,

100 1780 183 1843 ab
230 1780 483 1846 iisdem
528 1718 863 1845 consiiium
904 1792 1122 1867 petere
1164 1780 1337 1858 iussi,
1375 1781 1608 1868 quibus
1651 1782 2012 1847 auctoribus
2048 1805 2233 1870 prae-

99 1866 351 1931 sidium
400 1868 479 1930 in
526 1867 749 1931 urbem
792 1888 939 1931 acce
984 1866 1199 1943 issent,
1236 1865 1609 1933 disceduntz
1667 1890 1852 1957 aegre
1901 1891 1982 1933 ue
2027 1869 2233 1957 impe-

106 1965 300 2030 trato,
326 1966 409 2018 ut
438 1952 527 2017 de
556 1974 635 2018 ea
660 1974 729 2016 re
758 1973 911 2017 cons
984 1952 998 1966 '
1024 1965 1333 2029 senatum,
1364 1974 1787 2041 responsaque
1921 1976 1989 2020 se
2013 1956 2232 2020 referri

106 2038 379 2117 sineret,
414 2038 503 2104 ad
533 2060 679 2103 suos
707 2038 997 2105 redeunt.
1089 2037 1275 2103 Duae
1304 2038 1610 2103 factiones
1649 2052 1938 2107 senatum
1968 2040 2234 2105 distine-

108 2124 310 2202 bant;
358 2148 521 2203 una,
553 2124 735 2190 cuius
769 2124 1085 2212 principes
1127 2134 1307 2191 erant
1344 2124 1718 2189 defectionis
1746 2148 1786 2189 a
1821 2124 2058 2212 populo
2096 2126 2233 2191 Ro-

112 2232 311 2276 mano
380 2224 714 2287 auctores3
789 2208 988 2275 altera
1052 2208 1341 2274 fidelium
1401 2208 1656 2274 civium.
1751 2209 2088 2274 Certatum
2151 2212 2232 2276 ab

115 2298 417 2385 utrisque
472 2312 691 2362 tamen
734 2308 849 2373 est,
891 2307 965 2360 ut
1007 2294 1091 2360 ad
1140 2293 1671 2359 reconciliandam
1720 2318 1942 2383 pacem
1987 2296 2232 2361 consuli

115 2404 317 2467 opera
334 2396 699 2449 navaretur.
790 2382 945 2447 Pars
968 2381 1179 2459 altera,
1200 2402 1399 2468 quum
1462 2380 1800 2447 raesidium
1829 2381 2230 2461 Samnitium,

116 2468 273 2553 quia
300 2470 481 2535 nihil
508 2470 659 2534 satis
696 2468 1050 2555 praeparati
1078 2480 1214 2532 erat
1254 2466 1340 2531 ad
1379 2490 1419 2531 ο
1462 2466 1777 2533 sidionem
1823 2467 2232 2547 tolerandam,

96 2576 545 2621 texeessurum
594 2555 887 2643 proxima
934 2567 1122 2619 nocte
1169 2566 1353 2631 esset,
1405 2554 1738 2618 enuntiare
1790 2555 2036 2619 consuli
2085 2555 2236 2619 satis

120 2638 369 2719 habuit,
418 2665 555 2728 qua
596 2641 801 2706 noctis
841 2640 1017 2717 hora,
1067 2662 1320 2725 quaque
1364 2652 1566 2739 porta,
1609 2652 1675 2705 et
1717 2663 1910 2726 quam
1957 2640 2026 2705 in
2068 2640 2236 2705 viam

126 2746 504 2811 egressurus
541 2726 739 2792 hostis
777 2726 974 2791 foret:
1024 2724 1238 2804 altera,
1281 2726 1514 2811 qulbus
1555 2725 1769 2790 invitis
1809 2726 2117 2791 descitum
2154 2726 2236 2791 ad

133 2810 463 2880 Samnites
505 2825 660 2890 erat,
690 2812 913 2877 eadem
959 2822 1146 2877 nocte
1187 2824 1437 2897 portam
1466 2812 1656 2876 etiam
1688 2811 1930 2877 consuli
1975 2836 2238 2901 aperue-
2299 2876 2308 2885 ,

100 2914 303 2975 stunt,
342 2912 750 2999 armatosque
798 2898 959 2963 clam
1008 2897 1219 2997 hostes
1264 2898 1333 2961 in
1380 2898 1602 2963 urbem
1649 2913 2044 2999 acceperunt.
2136 2899 2242 2967 Ita

132 2981 375 3081 duplici
418 2985 780 3073 proditione
816 2996 883 3049 et
920 2983 1301 3071 praesidium
1346 2982 1747 3063 Samnitium,
1784 2987 2035 3051 insessis
2074 2986 2244 3052 circa

132 3090 301 3134 viam
331 3072 725 3137 silvestribus
753 3069 925 3147 locis,
949 3070 1330 3157 necopinato
1360 3093 1726 3158 oppressum
1748 3084 1864 3150 est,
1885 3084 1952 3137 et
1980 3074 2058 3137 ab
2081 3073 2240 3137 urbe
2338 3130 2348 3139 .

136 3151 330 3239 plena
366 3158 653 3223 hostium
692 3156 929 3222 clamor
965 3155 1282 3232 sublatus;
1331 3170 1782 3242 momentoque
1815 3158 2003 3221 unius
2046 3158 2240 3221 horae

137 3262 357 3308 caesus
384 3243 657 3319 SamniS,
686 3242 1047 3307 Satricanus
1068 3255 1307 3327 captus,
1328 3254 1395 3305 et
1422 3242 1637 3305 omnia
1661 3242 1727 3304 in
1757 3254 2064 3327 potestate
2087 3264 2242 3304 con-

142 3326 293 3392 sulis
320 3341 524 3397 erant.
621 3328 775 3407 Qui,
798 3328 1166 3415 quaestione
1198 3326 1432 3402 habita,
1457 3348 1728 3412 quorum
1751 3348 1943 3412 opera
1970 3325 2243 3393 defectio

142 3427 307 3479 esset
348 3417 535 3493 facta,
568 3437 729 3515 quos
756 3426 969 3478 sontes
1012 3412 1339 3497 comperit,
1370 3411 1561 3496 virgis
1601 3432 1814 3475 caesos
1851 3412 2056 3476 securi
2098 3434 2243 3499 per-

147 3501 365 3567 cussit:
405 3500 849 3590 praesxdioque
872 3497 1081 3565 valido
1100 3496 1415 3585 imposit0,
1435 3518 1609 3560 arma
1629 3495 1969 3562 Satricanis
1987 3498 2240 3565 ademit.

220 3700 239 3733 ι
276 3690 597 3751 Forentanis]
645 3690 761 3737 Hoc
794 3704 855 3737 ex
888 3686 1168 3736 coniectura
1298 3699 1326 3746 3
1359 3686 1680 3749 Auruncosque
1716 3688 1840 3734 olam
1878 3686 2034 3737 hostes
2069 3688 2125 3736 in
2161 3704 2246 3737 ur·

156 3746 387 3802 Gronovii
406 3754 623 3817 reposuit
640 3753 872 3810 Bekker.,
885 3766 973 3814 pro
988 3754 1167 3800 Feren-
1232 3749 1334 3797 bem
1349 3751 1668 3811 aeceperunt]
1689 3750 1762 3798 Hi
1773 3751 1929 3800 hostes
1943 3751 2248 3815 intelligendi

154 3817 299 3873 tanis,
313 3820 445 3878 quod
468 3821 612 3868 Crev.
635 3816 849 3874 admisit,
864 3814 949 3877 qui
971 3815 1169 3863 eosdem
1232 3818 1347 3860 sunt
1388 3810 1481 3885 ipsi
1517 3812 1749 3872 Romani,
1781 3822 2140 3879 oppugnatores
2171 3831 2248 3864 ur-

158 3874 300 3927 fuisse
321 3882 582 3930 arbitratur
596 3882 897 3930 Ferentanos
918 3884 969 3927 et
989 3880 1168 3927 Foren-
1234 3876 1325 3935 bis,
1338 3892 1421 3938 qm
1444 3883 1495 3924 et
1517 3878 1688 3939 paullo
1710 3878 1836 3927 infui
1855 3880 2028 3928 eodem
2051 3880 2250 3928 nomine

160 3944 311 3993 lenos.
330 3948 587 3995 aFerento
606 3944 709 3992 sive
728 3946 937 3993 Forento
960 3941 1171 4004 Apuliae
1235 3939 1573 4003 designantur:
1610 3944 1672 3991 ab
1697 3944 1820 3993 urbe
1845 3945 1996 4004 plena
2025 3944 2250 3997 hostium,

159 4005 353 4063 oppido.
390 4010 565 4057 Horat.
602 4008 697 4058 od.
730 4006 803 4055 iii.
832 4024 877 4067 4.
907 4008 1173 4055 Ferculum
1236 4020 1417 4067 nempe
1470 4005 1822 4055 Romanorum.
1918 4006 2100 4053 Totum
2157 4004 2250 4049 hoc

163 4071 391 4129 appeunt.
423 4074 483 4121 cf.
506 4072 617 4121 inst.
642 4084 719 4119 πο.
752 4070 837 4118 ubi
870 4070 933 4119 de
964 4071 1171 4121 Forento
1235 4070 1529 4127 membrum,
1550 4084 1647 4143 quo
1681 4070 1908 4139 carebant
1935 4068 2080 4126 vulgo
2112 4063 2250 4137 editi,

164 4132 319 4181 valido
338 4139 513 4198 oppido
532 4141 698 4184 noster
720 4133 948 4195 loquitur.
1238 4132 1423 4194 primus
1458 4132 1647 4181 addldit
1677 4132 1930 4179 Galemus.
1997 4129 2094 4177 Sed
2131 4128 2254 4175 hbet

227 4208 252 4241 ἰ
286 4200 595 4259 Enmuiare]
661 4199 777 4247 Hoc
819 4198 1019 4245 verbum
1066 4212 1173 4259 pro-
1239 4197 1343 4243 eius
1364 4194 1538 4243 habuit
1557 4196 1683 4244 clam
1703 4195 1851 4249 hoste,
1865 4190 1998 4252 quod
2021 4191 2252 4251 interpre-

166 4256 267 4315 prie
287 4262 463 4312 dicitur
477 4264 540 4313 de
556 4264 616 4312 iis
632 4262 717 4324 qui
736 4276 915 4309 arcana
936 4262 1171 4322 produnt:
1240 4258 1356 4305 teris
1377 4255 1495 4304 licet
1516 4260 1639 4327 clam
1663 4255 1899 4314 Samnite,
1919 4256 2050 4305 bosco
2073 4255 2256 4319 Roma:

169 4318 234 4367 sic
255 4321 359 4374 infr.
382 4328 552 4377 xxxix.
582 4340 654 4376 ιο.
711 4327 765 4373 Si
787 4332 951 4373 coacta
972 4326 1177 4372 caritate
1243 4334 1431 4369 norum.
1465 4320 1628 4370 Casv.

166 4384 289 4446 ⁶3¹⁹,
308 4390 493 4441 silenda
514 4392 833 4443 enuntiasset.
868 4388 1028 4447 Gany.

2359 742 2458 802 16.
