3000 4784
792 222 985 289 ΜΒ.
1033 223 1158 290 111.
1232 222 1453 290 cAP.
1503 228 1606 289 28.
2055 206 2062 211 ’
2134 223 2256 288 1⁷5

62 348 463 453 gvallisque
514 349 847 429 duodenis,
896 365 1046 417 ante
1096 352 1245 417 solis
1289 374 1584 417 occasum
1637 350 1878 417 Martio
1918 352 1990 416 in
2031 374 2258 439 campo
2277 368 2346 421 U.
2370 368 2430 419 c.
2455 366 2568 432 296.

120 437 485 501 adessent:
532 438 765 525 quibus
792 450 965 503 aetas
1000 438 1083 502 ed
1112 438 1518 503 militandum
1554 439 1805 525 gravior
1833 452 2017 515 esset,
2048 438 2259 503 vicino
2276 436 2338 485 A.
2371 433 2432 485 0·
2455 430 2568 494 ⁴5⁶·

122 522 367 599 militi,
420 522 577 587 dum
636 524 689 586 is
746 546 920 589 arms
975 537 1242 611 pararet,
1294 524 1528 590 vellum
1575 549 1655 590 ue
1797 536 1977 602 teret,
2027 525 2264 590 cibaria

124 631 435 695 coquere
456 608 652 673 iussit.
720 608 824 675 Sic
854 611 1151 675 iuventus
1178 610 1474 676 discurrit
1607 635 1646 675 v
1733 634 1842 674 um
1871 610 2259 697 petendum:

126 718 508 781 sumpsere,
554 695 725 759 unde
768 695 1003 783 cuique
1050 698 1409 783 proximum
1452 698 1611 762 fuit:
1675 697 2028 783 prohibitus
2071 720 2264 761 nemo

130 796 247 847 est
268 806 287 845 :
345 781 743 881 impigreque
765 805 989 846 omnes
1016 782 1097 847 ad
1126 783 1410 847 edictum
1441 783 1764 848 dictatoris
1792 796 2042 869 praesto
2063 783 2261 849 fuere.

132 868 329 933 Inde
390 881 741 954 composito
804 870 1077 955 agmine,
1141 892 1271 933 non
1330 870 1548 934 itineri
1609 870 1806 955 magis
1865 870 2015 956 apti,
2070 892 2264 956 quam

132 952 430 1042 proelio,
472 954 525 1017 si
564 976 665 1017 res
699 954 791 1019 its
828 954 1092 1032 tulisset,
1124 955 1411 1043 legiones
1453 956 1589 1042 ipse
1634 954 1925 1032 dictator,
1965 956 2266 1041 magister

140 1040 463 1127 equitum
520 1063 667 1103 suos
726 1041 974 1126 equites
1034 1040 1232 1105 ducit.
1324 1040 1403 1105 In
1454 1054 1725 1128 utroque
1780 1040 2053 1127 agmine,
2107 1063 2265 1127 quas

146 1142 425 1213 tempus
470 1126 679 1213 ipsum
728 1128 1045 1213 pooeebass
1102 1128 1576 1193 adhortationes
1623 1140 1837 1191 erant:
1891 1136 1908 1163 ‘
1931 1126 2268 1191 Adderent

94 1242 127 1293 's'
150 1223 171 1251 ‘
196 1212 520 1301 gradum3
568 1224 885 1277 maturato
924 1236 1085 1301 opus
1124 1236 1280 1290 esse,
1314 1227 1385 1278 ut
1414 1226 1606 1277 nocte
1648 1212 1732 1275 ad
1761 1213 2008 1275 hostem
2044 1234 2269 1298 perve-

150 1308 177 1338 ‘
194 1300 351 1363 nire
381 1310 666 1385 possent:
716 1299 1041 1364 consulem
1064 1300 1547 1385 exercitumque
1573 1298 1940 1361 Romanum
1961 1296 2266 1361 obsideri:

152 1394 177 1425 ‘
198 1385 471 1450 tertium
500 1384 675 1449 diem
704 1385 831 1449 ism
860 1385 1102 1451 clausos
1124 1408 1289 1451 esse:
1339 1383 1499 1473 quid
1528 1406 1820 1471 quaeque
1845 1405 1975 1447 nox
1997 1395 2110 1447 aut
2135 1382 2272 1447 dies

156 1482 181 1512 ‘
200 1472 393 1548 ferat,
425 1470 741 1535 incertum
782 1494 952 1537 esse:
1000 1485 1241 1560 puncto
1276 1493 1467 1558 saepe
1508 1470 1814 1557 temporis
1853 1468 2272 1533 maximarum

158 1568 183 1597 ‘
202 1580 427 1622 rerum
468 1570 793 1621 momenta
818 1558 998 1623 verti.
1092 1557 1402 1623 Accelera
1440 1556 1721 1643 signifer,
1753 1577 2020 1642 sequere
2053 1554 2274 1631 miles}

158 1646 347 1709 inter
372 1666 440 1707 se
483 1665 761 1743 quoque,
791 1644 1218 1731 gratificantes
1254 1644 1547 1720 ducibuS,
1579 1642 1952 1707 clamabant.
2047 1639 2276 1705 Media

160 1743 365 1795 nocte
396 1730 465 1793 in
496 1728 807 1816 Algldum
829 1731 1245 1817 perveniunt:
1295 1743 1381 1807 et,
1414 1744 1488 1794 ut
1515 1752 1786 1805 sensere,
1818 1752 1885 1793 se
1915 1729 2042 1793 iam
2071 1750 2271 1813 prope

164 1818 390 1882 hostes
418 1838 577 1892 esse,
608 1816 789 1901 signa
810 1817 1221 1880 constituunt.
1300 1816 1402 1881 Ibi
1431 1816 1722 1892 dictator,
1749 1828 2060 1901 quantum
2083 1826 2272 1877 nocte
2387 1830 2489 1891 28,

165 1902 455 1991 prospici
494 1914 760 1989 poterat,
792 1924 961 1987 equo
997 1903 1476 1979 circumvectus,
1515 1901 2128 1988 contemplatusque,
2161 1899 2274 1985 qui

170 2002 417 2054 tractus
460 2002 825 2065 castrorum,
871 2011 1163 2075 quaeque
1208 1988 1411 2053 forma
1453 2000 1639 2064 esset,
1686 1988 1956 2051 tribunis
2000 1984 2276 2050 militum

170 2075 535 2161 imperavit,
592 2088 665 2138 ut
714 2075 989 2139 sarcinas
1030 2075 1101 2137 in
1148 2096 1350 2139 unum
1394 2074 1626 2139 coniici
1678 2074 1956 2149 iubeant,
2003 2070 2276 2134 militem

176 2184 333 2226 cum
376 2160 565 2225 armis
600 2158 893 2247 valloque
936 2160 1145 2225 redire
1186 2161 1256 2223 in
1300 2159 1558 2225 ordines
1601 2182 1764 2225 suos·
1858 2158 2070 2233 Facta,
2113 2178 2276 2241 quae

174 2246 531 2333 imperavit.
626 2244 820 2324 Tum,
870 2270 999 2333 quo
1046 2246 1299 2311 fuerant
1346 2246 1569 2311 ordine
1623 2246 1690 2309 in
1750 2245 1872 2321 vis,
1926 2242 2278 2307 exercitum

127 2344 161 2393 8
178 2354 442 2397 omnem
484 2331 677 2419 longo
722 2333 975 2433 agmine
1020 2332 1373 2397 circumdat
1414 2332 1695 2396 hostium
1752 2330 1989 2406 castriS,
2034 2340 2120 2405 et,
2166 2327 2278 2391 ubi

180 2420 439 2506 signum
468 2417 691 2483 datum
730 2432 834 2495 sit,
864 2418 1205 2483 clamorem
1235 2439 1456 2481 omnes
1492 2416 1714 2481 tollere
1744 2416 1955 2480 iubet:
2003 2413 2277 2479 clamore

184 2504 459 2581 sublato,
490 2518 639 2569 ante
678 2528 745 2569 se
776 2526 1099 2591 quemque
1130 2503 1363 2567 ducere
1403 2503 1653 2576 somam,
1683 2514 1750 2565 et
1779 2501 1981 2563 iacere
2025 2497 2278 2561 vallum.
2299 2510 2600 2561 Cin-cumvul-

186 2590 387 2656 Edito
416 2590 703 2677 imperi0,
726 2590 980 2677 signum
1004 2600 1293 2654 secutum
1322 2598 1444 2651 est:
1494 2588 1663 2649 iussa
1680 2584 1864 2648 miles
1885 2582 2280 2668 exsequitur-3
2300 2576 2372 2624 ¹⁸²
2394 2577 2608 2637 Aequos.

184 2676 428 2742 clamor
456 2676 669 2741 hostes
708 2677 1146 2739 circumsonat.
1244 2673 1515 2760 Superat
1559 2670 1710 2736 inde
1741 2684 1944 2734 castra
1984 2668 2282 2744 hostium,

186 2775 259 2827 et
302 2764 373 2825 in
410 2774 611 2827 castra
651 2762 927 2827 consulis
969 2761 1179 2825 venit:
1228 2759 1379 2823 alibi
1421 2778 1740 2845 pavorem,
1783 2755 1934 2820 alibi
1977 2753 2284 2842 gaudium

188 2850 419 2935 ingens
474 2848 643 2912 facit.
768 2846 1067 2924 Romani,
1131 2855 1150 2884 ⁶
1168 2845 1420 2909 civilem
1474 2866 1610 2907 esse
1673 2842 2032 2919 clamorem,
2093 2853 2284 2926 atque

192 2944 215 2973 ‘
234 2932 544 2998 auxilium
572 2932 830 3010 adesse}
858 2933 1026 2997 inter
1052 2955 1121 2996 se
1151 2930 1560 3018 gratulanteS,
1593 2930 1760 2994 ultro
1800 2951 1884 2993 ex
1913 2926 2288 2993 stationibus

190 3043 269 3084 ac
316 3018 545 3105 vigiliis
588 3020 883 3085 territent
924 3018 1189 3083 hostem.
1284 3016 1532 3082 Consul
1579 3016 2008 3081 differendum
2053 3024 2283 3099 negat:

196 3115 221 3145 ‘
236 3105 359 3169 Illo
394 3105 665 3170 clamore
696 3128 829 3169 non
870 3104 1215 3169 adventum
1256 3102 1448 3168 modo
1478 3103 1850 3202 significari,
1883 3102 1998 3165 sed
2031 3122 2170 3165 rem
2209 3098 2290 3163 ab

197 3200 221 3231 ‘
236 3190 365 3255 suis
420 3204 744 3278 coeptam:
808 3191 1168 3276 mirumque
1220 3211 1375 3265 esse,
1428 3210 1499 3253 n1
1559 3211 1686 3253 iam
1738 3188 2051 3253 exteriore
2109 3198 2290 3271 parte

266 3400 295 3451 5
338 3388 579 3449 Vallisque
616 3386 873 3445 duodenis]
917 3383 1055 3433 Valli
1098 3389 1212 3432 sunt
1275 3384 1402 3432 citus
1436 3384 1689 3432 ducendus
1723 3387 1841 3430 erat.
1877 3380 1937 3431 cf.
1974 3379 2204 3441 Scaliger.
2239 3377 2294 3426 in

198 3449 325 3501 remi
359 3451 585 3499 arborum
620 3448 767 3507 caesi,
798 3464 865 3497 ex
897 3448 1075 3510 quibus
1107 3449 1211 3496 solo
1276 3448 1461 3497 Catuss.
1486 3448 1552 3495 lv.
1585 3446 1695 3495 infr.
1721 3445 1802 3493 vii.
1828 3459 1904 3507 23.

201 3513 365 3564 infixis
384 3511 913 3574 etinterseimplicitis
934 3512 993 3559 fit
1009 3512 1209 3561 vellum.
1345 3522 1371 3573 7
1403 3512 1676 3559 Per-venir&
1705 3511 1924 3571 possent]
1962 3506 2154 3570 Optimi
2184 3523 2292 3569 pos-

206 3580 362 3629 Lem
389 3592 489 3636 eos
510 3582 561 3626 et
592 3577 804 3625 bisin-eus
836 3576 1111 3637 plerosque,
1133 3576 1211 3624 vel
1274 3582 1361 3624 set.
1442 3573 1764 3621 Scribendum
1815 3574 2068 3633 perueniri
2115 3578 2293 3633 posset,

204 3643 369 3701 trium,
388 3646 493 3701 eut,
505 3656 655 3703 quum
680 3639 965 3702 plurimum,
988 3645 1217 3701 quattuor
1280 3639 1411 3699 quod
1432 3652 1496 3685 ex
1526 3652 1614 3683 suo
1645 3642 1740 3683 vet.
1768 3634 1890 3682 libro
1915 3633 2103 3681 notavit
2126 3635 2293 3683 Mure-

206 3720 445 3756 nmomm
500 3704 771 3753 caedebant
816 3703 1049 3763 Romani,
1090 3709 1215 3751 teste
1279 3708 1373 3750 tus.
1454 3700 1598 3748 Haec
1640 3699 1740 3747 fere
1785 3697 2076 3746 Gronovius.
2152 3697 2292 3746 Anti·

206 3770 313 3833 ipso
338 3768 497 3829 Livio,
524 3768 694 3817 xxxiii.
719 3780 762 3829 5.
798 3768 959 3817 Cur.
1028 3767 1217 3815 Milites
1280 3764 1542 3828 quissimus
1583 3780 1612 3811 e
1660 3762 1836 3811 nostris
1888 3760 2128 3811 consentit
2181 3776 2294 3809 cum

212 3833 421 3885 Romani
454 3838 619 3881 ternos
650 3838 739 3880 sut
769 3837 1029 3893 quaternos
1064 3830 1219 3878 vallos
1281 3830 1407 3877 libro
1446 3827 1650 3888 Mureti,
1693 3826 1785 3875 nisi
1829 3827 1959 3887 quod
2003 3824 2234 3873 ultimum
2275 3826 2295 3870 ι·

212 3900 495 3963 plerumque
514 3897 751 3945 ferebant.
775 3895 837 3943 cf.
862 3895 997 3956 Lips.
1020 3895 1083 3942 de
1105 3894 1218 3943 Mil.
1285 3892 1417 3941 vocis
1440 3893 1693 3955 perveniri
1719 3896 1793 3940 est
1826 3906 1858 3937 a
1891 3889 2106 3938 secunda
2130 3902 2294 3935 manu.

214 3964 355 4013 Rom.
380 3976 423 4010 r.
453 3976 527 4011 11.
1284 3957 1444 4006 Cnsv.
1511 3957 1773 4005 Per-veniri
1811 3962 1972 4017 posset
2009 3953 2059 4000 in
2104 3956 2296 3999 textum

272 4024 305 4076 6
334 4027 554 4084 Martio]
592 4024 655 4073 In
690 4024 796 4071 eod.
838 4022 1054 4071 Florem.
1098 4022 1222 4070 haec
1266 4016 1473 4083 'recepit
1496 4020 1710 4069 Bekker.

214 4088 705 4153 pagimdeesmedin
720 4084 1223 4147 eod.Leid.2.optimo
1352 4086 1382 4132 8
1415 4088 1584 4146 Longo
1625 4084 1843 4144 aomina]
1892 4080 2045 4135 Quod
2093 4074 2300 4149 411inoe

214 4153 450 4203 omittitur
484 4168 579 4201 vox
610 4153 835 4201 Martio:
878 4151 1011 4213 quod
1052 4150 1225 4212 probet
1288 4148 1497 4196 dicimus
1529 4149 1562 4173 ‘⁴
1575 4147 1626 4194 in
1649 4146 1848 4194 column
1863 4146 1915 4191 :”
1937 4146 2184 4191 centuriae
2205 4152 2300 4184 sm-

218 4217 418 4267 Niebhr.
442 4215 497 4265 ii.
522 4233 573 4266 n.
602 4215 714 4267 608.
744 4214 829 4277 qui
852 4215 973 4263 Gan
1112 4214 1225 4262 Goe-
1289 4214 1434 4273 gulae
1454 4216 1686 4272 quattuor
1701 4208 1882 4256 milites
1908 4205 1958 4252 in
1981 4205 2140 4251 stonte
2156 4200 2301 4247 hsbe-

218 4282 533 4330 hommum
565 4280 667 4329 sive
692 4282 943 4329 Minorem
1016 4277 1059 4325 ὀ
1086 4292 1222 4339 spec-
1288 4276 1424 4334 tant,
1459 4288 1612 4336 quum
1647 4271 1808 4319 itineri
1833 4269 2140 4341 'instructum
2178 4267 2306 4312 esset

220 4342 313 4395 teri
335 4348 496 4407 putet,
520 4343 706 4407 quippe
738 4342 791 4393 in
822 4342 1057 4405 Algidum
1090 4354 1223 4389 exer-
1288 4352 1479 4401 agmen.
1514 4336 1576 4385 ef.
1600 4334 1808 4384 Niebhr.
1830 4330 1880 4377 ιὶ.
1901 4331 2006 4375 not.
2027 4324 2139 4388 609.
