3000 4784
672 157 797 224 170
1432 148 1660 218 ΤῙΤῙ
1711 147 1987 216 L1v11

339 304 409 354 U.
432 303 492 354 c,
517 316 627 368 295·
666 292 983 358 sociorum
1021 289 1402 376 civiumque,
1434 287 1550 352 sed
1595 287 1790 352 trium
1829 285 2216 374 populorum
2255 297 2387 352 tres
2427 287 2796 388 separatim

338 369 401 419 A.
434 369 495 418 ⁰·
518 379 630 430 457·
667 377 833 444 acies
862 376 1029 440 circa
1046 375 1280 442 vallum
1311 375 1590 451 hostium
1618 373 1936 438 instruxit.
2006 371 2153 460 Ipse
2177 385 2316 438 erat
2341 372 2592 438 medius
2617 395 2796 438 cum

668 463 1025 550 legionibus
1056 461 1381 526 Romanis.
1482 459 1644 524 Inde
1675 460 1930 547 signum
1957 460 2290 524 observare
2319 460 2520 536 iussit,
2551 471 2628 523 ut
2655 481 2796 546 pa-

669 551 823 614 riter
864 560 932 612 et
973 548 1128 612 socii
1170 569 1305 612 rem
1350 547 1724 633 inciperent,
1756 546 2196 632 referrentque
2225 545 2478 632 pedem,
2509 544 2564 608 si
2591 566 2796 609 rece-

672 635 811 722 ptui
854 634 1201 699 cecinisset.
1297 632 1567 720 Equites
1595 633 1750 697 item
1781 655 1931 696 suae
1962 633 2196 718 cuique
2227 631 2390 717 parti
2417 641 2564 716 post
2591 631 2794 716 prin·
2815 657 2848 690 α

670 720 839 808 cipia
883 721 1165 785 collocat.
1258 719 1359 784 Ita
1404 719 1707 783 trifariam
1758 718 2016 782 adortus
2061 729 2266 782 castra
2307 717 2736 781 circumvenit
2763 741 2786 780 ⁴.-
2815 737 2852 783 3

345 821 627 870 vincuntur
672 819 756 884 et,
789 829 989 892 quum
1018 805 1179 870 undi
1224 829 1304 870 ue
1350 805 1632 881 instaret,
1665 827 1795 868 non
1840 805 2223 868 sustinentes
2263 803 2580 888 impetum
2609 800 2794 864 Vol-

347 886 536 936 ‘7⁰¹⁸‘ss
672 915 808 958 scos
824 892 989 956 vallo
1007 829 1321 956 deturbat.
1391 891 1844 976 Transgressus
1866 889 2017 954 inde
2040 890 2447 964 munitiones,
2473 886 2792 974 pavidam

673 980 923 1043 turbam
982 978 1473 1064 inclinatamque
1533 977 1604 1040 in
1661 989 1907 1062 partem
1964 997 2158 1039 unam
2209 974 2426 1038 castris
2482 972 2786 1060 expellit.

672 1064 837 1129 Inde
874 1065 1071 1129 effuse
1113 1064 1429 1150 fugientes
1472 1083 1690 1148 eques,
1722 1063 1827 1127 cui
1857 1083 2152 1149 superare
2179 1060 2416 1124 vallum
2458 1059 2637 1123 haud
2683 1057 2792 1122 fa-

676 1151 795 1216 cile
830 1151 1054 1227 fixerat,
1087 1171 1286 1236 quum
1330 1148 1414 1212 ad
1455 1147 1525 1211 id
1567 1160 1882 1235 spectator
1923 1169 2176 1248 pugnae
2221 1145 2537 1221 astitisset,
2569 1144 2790 1209 libero

676 1260 902 1324 campo
946 1236 1230 1323 adeptus,
1271 1247 1451 1321 parte
1486 1234 1785 1298 victoriae
1828 1235 2080 1310 frultur,
2127 1233 2378 1298 territos
2419 1231 2782 1295 caedendo.

884 1345 923 1388 a
950 1335 1018 1387 et
1044 1323 1114 1386 in
1142 1323 1359 1386 castris
1388 1333 1451 1384 et
1480 1332 1662 1385 extra
1705 1320 2104 1385 munimenta
2131 1317 2357 1383 caedes
2384 1315 2788 1404 fugientium

677 1409 833 1473 fuit:
881 1409 995 1472 sed
1021 1407 1255 1494 praeda
1282 1408 1516 1482 maior3
1559 1406 1710 1492 quia
1735 1407 1846 1469 vix
1874 1427 2048 1469 arma
2075 1427 2290 1469 secum
2319 1404 2543 1468 efferre
2573 1403 2790 1467 hostis

679 1494 926 1594 potuit:
974 1493 1347 1578 deletusque
1376 1493 1694 1556 exercitus
1721 1491 1903 1568 foret,
1934 1492 2003 1555 ni
2031 1491 2350 1578 fugientes
2391 1489 2586 1554 silvae
2634 1499 2790 1552 tex-

457 1662 561 1722 23.

354 1810 471 1857 lana
490 1809 553 1855 ab

680 1591 889 1643 lssent.

767 1663 945 1727 Dum
986 1663 1071 1727 ad
1101 1662 1373 1727 Antium
1416 1663 1576 1727 haec
1618 1677 1944 1750 geruntur,
1991 1642 2258 1728 interim*
2277 1661 2515 1747 Aequi,
2545 1661 2786 1726 robore

354 1747 459 1794 Arx
476 1745 662 1792 Tuscu-
680 1749 1025 1814 iuventutis
1066 1749 1428 1835 praemiss0,
1472 1771 1684 1813 arcem
1728 1749 2158 1814 Tusculanam
2201 1748 2541 1834 improviso
2583 1757 2786 1812 nocte

356 1869 542 1932 Aequis
550 1885 661 1932 oep,
679 1835 973 1922 capiunt=
1030 1834 1277 1920 reliquo
1320 1835 1606 1898 exercitu
1648 1835 1822 1899 haud
1865 1835 2086 1922 procul
2129 1833 2462 1898 moenibus
2507 1831 2788 1898 Tusculi

681 1920 1039 1996 considunt,
1072 1933 1146 1983 ut
1174 1919 1611 1984 distenderent
1641 1921 1920 1986 hostium
1949 1921 2178 2007 copias.
2272 1919 2456 1983 Haec
2469 1919 2789 1984 -celeriter

682 2006 977 2082 Romam,
1010 2007 1089 2070 ab
1120 2005 1330 2069 Roma
1372 2005 1441 2068 in
1484 2019 1688 2070 castra
1717 2006 1990 2070 Antium
2031 2006 2292 2093 perlata,
2332 2017 2596 2070 movent
2641 2005 2788 2069 Ro-

680 2114 900 2156 manos
941 2091 1115 2156 haud
1158 2114 1358 2168 secuS,
1389 2115 1583 2178 quam
1627 2093 1679 2156 si
1712 2091 1812 2156 Ca
1855 2093 1989 2156 itoli
1997 2115 2106 2156 um
2149 2105 2404 2179 captum
2447 2093 2789 2156 nuntiare-

354 1941 420 1984 ta.

682 2191 819 2243 tur:
868 2179 1028 2242 adeo
1072 2191 1139 2243 et
1181 2199 1401 2244 recens
1442 2191 1582 2242 erat
1610 2178 1782 2242 Tusc
1851 2201 2116 2243 anorum
2157 2179 2473 2255 meritum,
2506 2189 2574 2242 et
2601 2178 2786 2241 simi-

680 2264 887 2328 litudo
929 2265 1066 2350 ipsa
1114 2262 1380 2349 periculi
1422 2286 1750 2350 reposcere
1795 2264 2018 2328 datum
2062 2265 2370 2329 auxilium
2419 2263 2782 2328 videbatur.

685 2349 935 2428 Fabiae,
981 2350 1225 2416 omissis
1270 2351 1582 2427 omnibus,
1628 2349 1928 2438 praedam
1973 2373 2056 2414 ex
2097 2351 2317 2436 castris
2359 2350 2588 2436 raptim
2635 2350 2786 2413 An-

685 2436 847 2500 tium
875 2437 1189 2501 convehit.
1282 2434 1382 2500 Ibi
1422 2436 1676 2501 modico
1763 2436 2033 2501 raesidio
2076 2436 2316 2513 relict0,
2361 2437 2628 2501 citatum
2669 2459 2788 2523 ag-

685 2544 837 2587 men
881 2521 1231 2588 Tusculum
1275 2544 1347 2585 ra
1388 2522 1457 2586 it.
1551 2521 1709 2586 Nihi
1822 2535 2028 2587 taeter
2069 2545 2260 2598 arma,
2299 2533 2366 2586 et
2393 2523 2569 2608 quod
2611 2523 2786 2586 cocti

686 2609 771 2672 ad
813 2631 1071 2673 manum
1114 2609 1237 2672 fuit
1283 2606 1342 2671 ci
1385 2610 1426 2684 i,
1469 2608 1630 2672 ferre
1683 2609 1772 2672 mi
1798 2608 1872 2671 iti
1917 2607 2113 2673 licuit.
2209 2607 2656 2672 Commeatum
2699 2609 2784 2672 ab

689 2693 901 2759 Roma
928 2694 1149 2759 consul
1182 2692 1521 2758 Cornelius
1549 2694 1858 2759 subvehit.
1934 2693 2208 2781 Aliquot
2235 2715 2482 2758 menses
2511 2692 2785 2758 Tusculi

688 2779 1008 2843 bellatum.
1117 2779 1309 2842 Parte
1360 2781 1678 2844 exercitus
1727 2779 1949 2844 consul
1995 2791 2198 2844 castra
2241 2781 2622 2866 Aequorum
2664 2802 2784 2866 op-

687 2865 1044 2951 pugnabat:
1060 2875 1349 3012 xpartem
1392 2863 1772 2929 Tusculanis
1815 2865 2079 2930 dederat
2121 2866 2203 2930 ad
2253 2889 2462 2931 arcem
2513 2887 2786 2953 recupe-

362 2962 562 3014 Auxilio
572 2963 673 3011 Ro-
688 2949 968 3014 randam.
1126 2951 1149 3013 i
1192 2971 1522 3035 nunquam
1551 2973 1630 3014 eo
1659 2951 1856 3015 subiri
1881 2953 2115 3038 potuit.
2207 2951 2432 3016 Fames
2461 2965 2784 3038 postremo

362 3042 620 3139 ¹¹³⁸¹¹⁰g²om
688 3034 839 3098 inde
884 3034 1159 3099 detraxit
1202 3035 1466 3099 hostem.
1564 3035 1716 3110 Quo
1761 3051 2094 3124 postquam
2139 3051 2401 3103 ventum
2444 3037 2528 3102 ad
2571 3051 2786 3102 extre—

363 3105 507 3152 mep
689 3143 866 3185 mum
896 3134 1011 3198 est,
1036 3120 1310 3186 inermes
1342 3121 1627 3208 nudique
1659 3145 1879 3187 omnes
1908 3125 2024 3187 sub
2055 3125 2275 3211 iugum
2298 3125 2379 3188 ab
2400 3123 2785 3189 Tusculanis

689 3207 877 3272 missi.
974 3207 1131 3284 Hos,
1163 3208 1585 3294 ignominiosa
1619 3208 1770 3295 fuga
1798 3209 2061 3274 domum
2103 3233 2170 3274 se
2215 3211 2609 3296 recipientes,
2647 3210 2786 3274 Ro-

688 3317 912 3358 manus
956 3294 1175 3358 consul
1218 3295 1285 3357 in
1318 3293 1576 3381 Algido.
1593 3307 1988 3372 consecutus,
2021 3296 2104 3359 ad
2135 3318 2333 3360 unum
2364 3319 2584 3360 omnes
2613 3297 2786 3360 occi—

689 3381 803 3444 dit.
894 3379 1119 3443 Victor
1151 3380 1234 3444 ad
1268 3379 1587 3444 Columen
1617 3380 1716 3468 (id
1758 3380 1900 3445 loco
1943 3404 2178 3446 nomen
2209 3381 2340 3468 est)
2367 3383 2658 3448 exercitu
2685 3405 2830 3453 re-4

687 3465 841 3529 licto
870 3478 1071 3529 castra
1098 3464 1279 3530 locat.
1360 3466 1446 3531 Et
1476 3466 1635 3530 alter
1663 3467 1903 3544 consul,
1927 3480 2264 3555 postquam
2295 3469 2626 3534 moenibus
2655 3468 2786 3533 iam

757 3637 784 3670 2
816 3625 950 3672 Suae
966 3626 1142 3687 cuique
1158 3626 1323 3686 parti]
1352 3625 1558 3674 Planius
1577 3625 1704 3673 foret

690 3687 769 3734 vel
801 3703 921 3735 mac
951 3704 1161 3750 quosque
1187 3691 1342 3750 parti,
1366 3691 1441 3736 vel
1469 3705 1582 3738 suos
1603 3691 1703 3736 eui·

691 3766 786 3813 que
801 3753 953 3812 parti.
1019 3751 1210 3799 Tamen
1244 3759 1294 3800 et
1328 3752 1496 3800 Livius
1517 3752 1704 3809 itidem,

693 3814 733 3861 si
778 3813 921 3861 editis
962 3813 1111 3862 fidem
1154 3815 1436 3873 habeamus,
1469 3831 1584 3863 xxv.
1631 3827 1700 3876 17.

692 3880 896 3926 motibus
917 3910 930 3925 .
950 3913 963 3926 .
985 3894 1105 3927 suae
1125 3881 1301 3942 cuique
1316 3883 1451 3941 ,venti
1472 3881 1702 3937 assuetis,-

693 3941 826 3989 xxvi.
862 3957 946 4005 293
991 3947 1041 3990 et
1075 3941 1209 4005 Virg.
1251 3943 1359 3992 Ecl.
1384 3943 1461 3990 vii.
1488 3956 1565 4006 54.
1611 3959 1706 3991 ma

938 4007 1029 4054 cub
1060 4007 1232 4055 arbore
1258 4023 1416 4068 poma.
1471 4007 1553 4055 An
1575 4006 1703 4054 dice-

690 4083 801 4117 mus
848 4084 936 4116 aec
953 4084 1145 4130 quoque
1160 4069 1332 4117 vitiosa
1348 4085 1478 4118 eae:
1503 4077 1555 4117 et
1570 4069 1702 4130 apud

690 4132 888 4180 Livium
928 4131 1021 4194 legi
1059 4133 1234 4180 debere
1266 4135 1467 4181 motibus
1500 4169 1513 4180 .
1538 4167 1551 4180 .
1583 4147 1705 4181 muse

688 4197 959 4258 quibusque
986 4196 1122 4257 qemi
1154 4199 1387 4254 annaei&
1421 4197 1556 4257 apud
1592 4195 1702 4243 Vir-

690 4256 883 4318 gilium,
898 4273 993 4306 ma
1012 4273 1205 4321 quaque
1222 4260 1312 4307 sub
1332 4261 1505 4308 arbore
1519 4273 1666 4324 poma
1680 4261 1704 4307 ,θ

1767 3624 1928 3673 me.
1973 3624 2246 3674 Sabellicus
2259 3627 2786 3690 malebatmaequem·

1767 3704 1860 3750 que
1887 3691 2046 3750 parci,
2079 3695 2128 3736 et
2164 3690 2206 3737 1.
2231 3690 2312 3738 Fr.
2337 3691 2552 3739 Gronov.
2581 3707 2694 3750 sua,
2717 3705 2784 3740 sc.

1768 3751 2027 3813 principia,
2047 3755 2129 3800 oui
2251 3756 2407 3816 parti,
2431 3755 2563 3816 quod
2594 3754 2645 3802 in
2681 3761 2783 3804 tex—

1767 3820 1876 3862 tum
1898 3815 2112 3877 reposuit
2183 3817 2350 3865 ekker.

1831 3893 1864 3952 3
1896 3881 2018 3928 Poet
2063 3881 2344 3942 principia]
2405 3881 2535 3956 Ροᾳ·
2579 3881 2784 3943 primam

1768 3949 2343 4079 Ῐέἐίῗὲῃὲἳῖὲηῖῗοῗὲ
2356 3946 2634 4057 η’ἐῖἲὲᾚ
2654 3953 2784 4071 .ῖῖἶὲ

1769 4083 1819 4117 u.
1843 4069 1919 4130 65.
1959 4071 2118 4118 Cnssv.

1833 4150 1864 4191 4
1895 4135 2137 4182 Eser-eun
2169 4135 2359 4195 reticeo]
2398 4135 2686 4198 Legendum
2721 4137 2784 4186 vi-

1766 4196 1910 4243 detur
1929 4198 2138 4245 reducto.
2176 4197 2290 4244 Vox
2313 4200 2480 4250 relicto
2502 4202 2676 4263 procul
2699 4201 2784 4250 du-

1765 4257 1848 4306 bio
1870 4259 2042 4309 vitiosa
2063 4265 2151 4313 est.
2186 4261 2346 4316 cmv.
