3000 4784
336 366 403 416 U.
427 366 486 415 C.
510 365 622 428 416.

330 432 395 481 A.
428 432 487 480 C.
513 429 623 493 336.

336 1998 404 2054 Q.-
432 1996 599 2047 Publi-

333 2062 431 2109 lius
452 2062 604 2111 dieta-

332 2136 425 2174 tor.

333 2189 457 2238 Tres
478 2190 610 2253 leges

332 2254 427 2302 fert
446 2255 613 2301 adver-

334 2332 412 2364 sas
432 2316 605 2365 nobili-

332 2380 439 2431 tati.

446 3008 544 3067 13.

337 3091 406 3140 U.
430 3090 490 3139 C.
511 3104 569 3150 41
582 3100 623 3152 7.

336 3156 399 3203 A.
429 3155 489 3203 C.
513 3167 624 3229 ξ335.

337 3218 395 3266 L.
412 3218 577 3277 Furio,

335 3282 394 3330 C.
413 3282 613 3331 Maenio

334 3346 469 3396 Coun.

654 218 784 280 466
1428 211 1657 279 ΤῙΤΙ
1718 210 1987 277 LIVII

662 352 823 416 tanis
866 350 1189 425 fuderunt,
1236 350 1580 437 castrisque
1628 362 1962 414 exuerunt.
2084 348 2183 413 Ibi
2229 345 2528 423 Publilio,
2575 346 2776 410 euim

660 439 861 502 ductu
910 436 1317 522 auspicioque
1368 458 1471 500 res
1521 450 1734 523 gestae
1783 447 1983 512 erant,
2033 436 2102 497 in
2147 433 2544 498 deditionem
2597 435 2778 497 aoei-

659 524 875 611 piente
921 522 1187 586 Latinos
1278 522 1520 607 opulos‚
1567 544 1838 608 quorum
1889 522 1980 586 ibi
2031 522 2326 585 iuventus
2368 540 2554 582 caesa
2609 534 2775 595 erat,

664 606 979 675 Aemilius
1022 608 1104 671 ad
1132 608 1225 672 Pe
1274 630 1385 671 utn
1428 608 1780 672 exercitum
1824 607 2028 672 duxit.
2120 606 2410 670 Pedanos
2455 606 2786 669 tuebatur

662 695 916 770 Tibure,
954 693 1427 771 Praene-tinus,
1458 692 1826 757 Veliternus
1873 716 1953 757 ue
1987 692 2297 779 populus:
2343 704 2675 755 venerant
2711 704 2784 755 et

662 780 743 845 ab
773 780 1066 844 Lanuvio
1098 780 1429 865 Antioque
1460 778 1711 843 auxilia.
1807 716 1939 843 {lbi
1969 801 2167 863 quum
2203 776 2458 864 proeliis
2486 777 2780 863 quidem
2797 796 2824 843 3

662 866 947 952 superior
978 866 1305 929 Romanus
1334 878 1518 941 esset,
1549 865 1632 928 ad
1661 864 1884 929 urbem
1913 866 2116 951 ipsam
2144 864 2392 928 Pedum
2419 876 2782 949 castraque

663 953 977 1017 sociorum
1033 950 1433 1037 populorum,
1486 974 1653 1037 quae
1713 950 1852 1015 urbi
1905 951 2207 1015 adiuncta
2255 962 2449 1025 erant,
2501 949 2786 1036 integer

662 1040 841 1103 labor
884 1050 1188 1113 restaret;
1240 1036 1411 1101 bello
1456 1036 1693 1101 infecto
1739 1059 1808 1101 re
1892 1048 2002 1101 nte
2051 1037 2298 1111 omis-⁹10,
2329 1034 2574 1109 consul,
2613 1037 2784 1122 quia

662 1124 940 1211 collegae
963 1124 1291 1188 decretum
1314 1122 1705 1207 triumphum
1730 1144 1812 1187 au
1857 1123 1989 1199 ivit,
2008 1123 2144 1209 ipse
2167 1143 2421 1208 quoque
2443 1120 2784 1208 triumphi

663 1224 811 1275 ante
854 1210 1180 1274 victoriam
1225 1208 1541 1295 flagitator
1588 1207 1862 1273 Romam
1907 1208 2115 1273 rediit.
2211 1208 2359 1282 Qua
2401 1206 2782 1293 cupiditate

664 1297 919 1361 offensis
956 1295 1268 1371 Patribus,
1310 1294 1835 1380 negantibusque,
1871 1294 1996 1357 nisi
2033 1291 2216 1357 Pedo
2257 1304 2440 1378 capto
2483 1305 2610 1356 aut
2655 1294 2788 1357 de-

664 1382 820 1459 dito,
852 1381 1265 1467 triumphum,
1300 1380 1451 1444 hinc
1496 1379 1806 1443 alienatus
1849 1381 1928 1444 ab
1973 1390 2197 1444 senatu
2231 1377 2542 1442 Aemilius
2589 1380 2784 1443 sedi-

664 1470 839 1532 tiosis
868 1467 1288 1531 tribunatibus
1315 1465 1585 1529 similem
1615 1464 1850 1529 deinde
1880 1465 2278 1529 consulatum
2305 1466 2516 1551 gessit.
2581 1464 2668 1528 Ν
2669 1488 2784 1529 am

662 1577 893 1639 neque,
924 1552 1137 1640 quoad
1178 1551 1299 1616 fuit
1341 1552 1580 1627 consul,
1613 1551 1930 1615 criminari
1974 1550 2146 1637 apud
2189 1549 2498 1650 populum
2531 1550 2784 1616 Patres

663 1640 924 1715 destitit,
956 1638 1199 1725 collega
1237 1638 1730 1724 haudquaquam
1769 1637 2160 1713 adversante,
2192 1659 2343 1721 quia
2381 1649 2448 1699 et
2489 1637 2636 1721 ime
2689 1638 2782 1701 de

707 1725 847 1788 lebe
892 1738 1062 1788 erat:
1112 1725 1471 1809 (materiam
1519 1735 1732 1787 autem
1782 1723 2124 1809 praebebat
2167 1721 2448 1786 criminis
2491 1744 2660 1809 ager
2703 1724 2782 1787 in

660 1748 895 1872 {atino
940 1808 1207 1872 Falerno
1254 1830 1334 1871 ue
1380 1831 1532 1894 agro
1575 1808 1848 1894 maligne
1894 1808 2104 1894 plebei
2147 1806 2414 1893 divisus)
2455 1821 2540 1886 et,
2553 1824 2782 1957 dpost-

662 1916 855 1980 quam
898 1908 1170 1970 senatuS,
1264 1893 1399 1957 nire
1444 1894 1784 1981 imperium
1827 1893 2191 1958 consulibus
2235 1893 2516 1979 cupienS,
2605 1894 2782 1959 'cta-

660 1994 863 2045 torem
908 1980 1206 2044 adversus
1256 1978 1637 2044 rebellantes
1683 1979 1949 2044 Latinos
1995 1978 2122 2043 dici
2172 1979 2372 2055 iussit,
2415 1980 2778 2057 AemilinS,

659 2066 839 2131 cuius
882 2079 1019 2129 tum
1062 2066 1259 2131 fasces
1298 2078 1496 2142 erant,
1539 2065 1844 2154 collegam
1889 2066 2263 2129 dictatorem
2303 2065 2505 2129 dixit:
2553 2066 2646 2129 ab
2689 2091 2780 2133 eo
2795 2091 2826 2131 4

662 2153 960 2239 magister
998 2152 1291 2237 equitum
1326 2151 1552 2216 Iunius
1583 2151 1821 2215 Brutus
1856 2151 2079 2215 dictus·
2171 2151 2509 2215 Dictatura
2641 2176 2780 2239 pu-

662 2240 826 2315 lariS,
858 2252 924 2303 et
962 2240 1350 2303 orationibus
1388 2238 1457 2301 in
1486 2237 1710 2301 Patres
1743 2237 2115 2314 criminosiS,
2145 2237 2286 2313 fuit,
2319 2251 2385 2301 et
2412 2260 2504 2323 qu
2631 2252 2780 2304 tres

662 2325 839 2411 leges
866 2323 1351 2388 secundissimas
1378 2323 1610 2409 plebei,
1642 2324 1931 2387 adversas
1961 2322 2295 2399 nobilitati,
2321 2322 2499 2387 tulit:
2535 2346 2776 2403 unam,

661 2422 735 2475 ut
770 2410 1102 2497 plebiscita
1138 2432 1360 2474 omnes
1393 2408 1678 2484 Quirites
1718 2422 2048 2473 tenerent:
2097 2409 2378 2486 alteram,
2411 2422 2484 2473 ut
2515 2408 2778 2495 legum,
2795 2426 2828 2511 g

705 2518 825 2561 uae
866 2496 1139 2559 comitiis
1179 2495 1547 2559 centuriatis
1573 2496 1906 2572 ferrentur,
1937 2506 2084 2559 ante
2119 2495 2352 2559 initum
2385 2495 2781 2644 suffragium

718 2595 882 2647 atres
922 2596 1206 2645 auctores
1233 2582 1499 2645 fierent:
1551 2581 1820 2659 tertiam,
1851 2594 1925 2645 ut
1961 2580 2122 2645 alter
2159 2581 2382 2667 utique
2423 2604 2504 2645 ex
2543 2604 2588 2667 p
2611 2584 2780 2659 ebe,

660 2691 860 2767 quum
890 2690 969 2731 eo
998 2679 1260 2732 ventum
1288 2667 1387 2744 sit,
1420 2679 1493 2730 ut
1523 2681 1862 2752 utrumque
1893 2666 2214 2752 plebeium
2253 2666 2582 2731 consulem
2611 2668 2778 2733 fieri
2803 2699 2830 2747 7

659 2753 899 2829 liceret,
948 2774 1172 2817 censor
1221 2766 1555 2817 crearetur.
1646 2751 1802 2816 Plus
1853 2775 1932 2817 co
1973 2775 2143 2817 anno
2194 2751 2371 2817 domi
2420 2766 2782 2839 acceptum

660 2838 856 2901 cladis
890 2840 971 2902 ab
1010 2838 1371 2902 consulibus
1414 2861 1487 2902 ac
1518 2837 1843 2915 dictatore,
1875 2860 2068 2922 quam
2109 2860 2192 2903 ex
2229 2839 2491 2902 victoria
2531 2862 2780 2905 eorum

659 2921 1027 3006 bellicisque
1061 2924 1249 2986 rebus
1277 2923 1434 2987 foris·
1458 2936 1718 2987 auctum
1748 2923 2104 3011 imperium,
2135 2923 2358 2988 Patres
2387 2922 2774 2991 credebant.

748 3008 946 3069 Anno
993 3007 1374 3091 insequenti,
1418 3009 1493 3072 L.
1525 3010 1715 3074 Furio
1767 3009 2059 3086 Camillo,
2108 3010 2186 3074 C.
2215 3010 2478 3074 Maenio
2523 3032 2828 3077 consu-8

660 3091 845 3168 libus,
886 3114 1017 3178 quo
1056 3091 1416 3177 insignitius
1460 3095 1689 3159 omissa
1733 3117 1831 3159 res
1872 3095 2172 3172 Aemilio,
2218 3096 2558 3183 superioris
2603 3102 2776 3164 anni

662 3177 925 3257 consuli,
972 3178 1476 3264 exprobraretur,
1515 3180 1766 3245 Pedum
1811 3181 1999 3245 armis
2042 3182 2318 3268 virisque
2361 3196 2430 3245 et
2469 3184 2650 3246 omni
2703 3187 2776 3249 vi

662 3266 1159 3353 expugnandum
1190 3288 1263 3329 ac
1294 3264 1640 3331 delendum
1670 3280 1924 3331 senatus
1951 3266 2201 3332 stemit:
2245 3269 2576 3355 coactique
2607 3273 2776 3335 novi

745 3506 772 3554 3
813 3494 1061 3553 Lanuvio]
1146 3494 1355 3542 Lavinio
1404 3509 1484 3555 ap.
1539 3494 1671 3543 Fast.
1802 3493 1834 3544 6
1856 3496 2102 3555 Alteram]
2127 3496 2241 3544 Hac
2259 3497 2364 3558 lege
2379 3496 2579 3545 nnat-ts
2593 3506 2770 3547 aucto—

664 3555 905 3619 Trumph.
928 3557 1117 3618 legitur.
1737 3560 1863 3605 ritas
1898 3558 1948 3605 in
1987 3559 2155 3607 locum
2191 3559 2296 3607 eius
2332 3561 2640 3609 auctos-im&
2664 3578 2766 3623 ρα-

727 3636 759 3678 4
791 3620 947 3668 Cuius
967 3622 1247 3680 &mustaceo-³
1265 3624 1434 3681 erant]
1470 3621 1533 3669 In
1555 3622 1674 3669 urbe
1738 3629 1886 3678 trum,
1915 3636 2064 3682 quam
2095 3626 2292 3671 curiata
2321 3624 2514 3671 comitia
2543 3624 2766 3687 antiqui·

660 3680 817 3729 fasces
852 3682 939 3729 uni
974 3688 1167 3731 tantum
1206 3684 1395 3731 consuli
1440 3684 1674 3746 praefore·
1737 3690 1817 3733 tus
1858 3686 2060 3745 dabant,
2099 3686 2420 3735 substituitur.
2490 3687 2768 3737 Hortensia

660 3743 853 3801 bantur,
886 3743 1023 3804 isque
1057 3746 1322 3808 praecipua
1358 3748 1523 3795 obibat
1563 3762 1672 3795 con·
1737 3754 1903 3797 autem
1924 3749 2031 3811 lege
2047 3750 2446 3812 quinquagesimo
2465 3750 2648 3798 abhinc
2669 3766 2762 3800 an-

661 3804 848 3853 nulatus
868 3807 1049 3854 munia.
1074 3809 1234 3856 Cium
1272 3810 1332 3857 cf.
1357 3810 1556 3859 Sueton.
1575 3812 1671 3859 1u1.
1739 3827 1803 3859 no
1825 3814 2030 3873 perlata,
2051 3813 2316 3860 auctoritas
2336 3814 2534 3861 senatus
2553 3815 2763 3863 omnino

660 3869 802 3918 Caes.
826 3883 905 3927 πο.
1739 3876 1934 3923 sublata
1965 3882 2052 3924 est.
2091 3876 2154 3924 ef.
2180 3876 2310 3925 Plin.
2347 3877 2418 3925 H.
2449 3876 2518 3927 N.
2547 3877 2647 3925 xvi.
2681 3892 2702 3925 ι
2712 3892 2761 3939 5.

726 3948 753 3995 5
796 3936 861 3983 Ut
883 3934 1162 3996 plebiscita]
1200 3934 1441 3985 Eamdem
1474 3936 1573 3985 iam
1609 3939 1674 3986 le·
1742 3938 1946 3987 Niebhr.
1969 3938 2018 3987 ii.
2043 3954 2090 4000 p.
2117 3938 2226 4000 365.
2249 3956 2297 3989 n.
2320 3940 2432 4003 809.

658 4012 769 4057 gem
796 3999 1010 4046 tulerant
1033 4001 1257 4048 consules
1278 4001 1351 4049 M.
1372 4001 1601 4049 Valerius
1623 4008 1672 4049 et
1812 4014 1838 4063 7
1885 4005 1950 4052 Ut
1991 4010 2254 4065 utrumque
2289 4004 2562 4064 plebeium]
2625 4004 2762 4053 vide

660 4062 734 4110 M.
752 4062 1005 4120 Horatius,
1020 4068 1131 4124 post
1147 4064 1399 4112 liberatam
1417 4080 1447 4111 a
1461 4065 1671 4112 Decem·
1737 4080 1868 4127 supr.
1893 4065 1970 4113 vii.
1995 4080 2070 4126 42.

656 4126 868 4174 virorum
886 4126 1140 4189 tyrannide
1158 4126 1525 4189 rempublicam.
1555 4128 1672 4176 vid.
1803 4131 1833 4177 8
1866 4130 1918 4176 0.
1942 4132 2174 4189 Maenio]
2213 4130 2316 4177 Hic
2351 4136 2402 4178 et
2433 4130 2544 4179 infr.
2579 4131 2650 4181 ix.
2681 4132 2762 4183 26.
2852 4128 2860 4137 “

656 4188 724 4236 iii.
742 4202 768 4249 5
774 4202 818 4251 5.
876 4189 1065 4237 Eadem
1088 4196 1139 4237 et
1158 4197 1389 4238 renovata
1409 4198 1483 4238 est
1505 4197 1674 4253 postea
1737 4192 1936 4253 quidam
1977 4206 2066 4253 pro
2098 4195 2320 4250 Maenio,
2355 4196 2653 4243 Menenium
2693 4197 2762 4243 le-

658 4266 688 4297 a
703 4252 768 4305 Q.
783 4253 1048 4301 Hortensio
1066 4254 1319 4309 dictatore,
1332 4255 1670 4302 occasionese-
1735 4257 1946 4316 gendum
1970 4257 2195 4313 suadent,
2217 4263 2272 4304 ut
2293 4272 2423 4318 supr.
2449 4257 2511 4305 vi.
2541 4272 2616 4321 19.

659 4315 883 4361 cessionis
904 4316 953 4363 in
980 4316 1397 4375 Ianiculum,ann.
1414 4318 1478 4365 U.
1490 4318 1548 4367 C.
1561 4316 1669 4376 466.
