3000 4784
457 2739 561 2802 55·

352 2823 501 2873 Gabii
523 2841 591 2874 re-

326 2893 339 2902 '
351 2889 497 2951 cepti.

350 3155 620 3217 Capitolini

351 3219 485 3268 Iovis
503 3221 662 3271 aedes.

684 191 766 254 62

1456 183 1683 251 ΤΙΤΙ
1736 183 2009 250 LIVII

681 322 840 411 quid
860 335 1168 409 ageretur,
1188 320 1428 409 proelia
1441 344 1635 472 parva
1652 321 1819 386 inter
1838 321 2109 386 Romam
2130 319 2495 409 Gabiosque
2514 321 2758 398 fierent,

679 410 910 508 quibus
937 408 1310 509 plerumque
1345 407 1448 471 Ga

1492 409 1599 472 ina
1626 431 1724 472 res
1753 409 2037 496 superior
2064 421 2260 485 esset3
2309 421 2445 472 tum
2472 411 2761 474 certatim

679 519 908 560 summi
939 495 1268 580 1nfimique
1303 493 1699 559 Gabinorum
1734 495 1879 560 Sex.
1914 495 2337 594 Tarquinium
2366 495 2537 559 dono
2567 495 2763 560 deum

679 582 800 646 sibi
839 581 1096 646 missum
1135 581 1364 644 ducem
1405 581 1680 646 credere.

1773 581 1969 668 Apud
2014 581 2245 645 mllites
2276 603 2426 646 vero
2464 582 2763 646 obeundo

679 668 962 756 pericula
1010 691 1082 732 ac
1133 667 1393 744 labores,
1439 669 1676 753 pariter
1723 667 2022 754 praedam
2072 669 2368 732 munifice
2412 667 2761 755 largiendO,

681 767 858 819 tanta
921 755 1176 818 caritate
1233 777 1388 830 esse,
1447 767 1521 818 ut
1579 777 1707 818 non
1764 767 1945 840 pater
2002 753 2387 840 Tarquinius
2440 756 2765 842 potentior

683 841 947 917 Romae,
986 863 1176 928 quam
1215 841 1382 904 filius
1422 839 1643 905 Gabiis
1682 853 1859 904 esset.
1953 839 2196 927 Itaque,
2240 846 2575 928 postquam
2612 841 2765 904 satis

678 928 907 990 virium
957 926 1292 991 collectum
1339 926 1420 989 ad
1467 949 1687 990 omnes
1738 941 1999 990 conatus
2049 927 2321 1003 videbat,
2368 941 2504 991 tum
2549 951 2586 991 e
2634 929 2765 991 suis

680 1037 880 1077 unum
923 1013 1302 1077 sciscitatum
1349 1012 1617 1076 Romam
1666 1013 1747 1076 ad
1796 1027 2037 1098 patrem
2084 1013 2298 1089 mittit,
2344 1013 2651 1100 quidnam
2694 1035 2763 1078 se

678 1100 882 1164 facere
913 1099 1146 1163 vellet?
1188 1098 1725 1198 quandoquidem,
1756 1111 1830 1162 ut
1858 1100 2072 1164 omnia
2099 1122 2263 1163 unus
2289 1099 2509 1164 Gabiis

2530 1113 2763 1187 Posset>

679 1187 739 1250 ei
787 1186 877 1250 dii
929 1185 1265 1250 dedissent.
1359 1183 1533 1248 Hulc
1578 1186 1821 1261 nuntio,
1868 1186 2037 1272 quia,
2082 1186 2291 1262 crede,
2338 1186 2567 1251 dubiae
2610 1187 2765 1251 fidei
2785 1199 2812 1247 3

679 1273 1030 1349 videbatur,
1061 1271 1222 1335 nihil
1250 1295 1404 1336 voce
1434 1294 1801 1371 responsum
1844 1284 1953 1336 est.
2047 1272 2214 1348 Rex,
2245 1272 2419 1336 velut
2452 1273 2767 1337 delibera-

679 1359 949 1436 bundu3‚
996 1359 1086 1441 in,
1111 1359 1364 1422 hortum
1407 1358 1661 1422 aedium
1706 1359 1945 1434 transit,
1990 1370 2293 1444 sequente
2338 1359 2565 1423 nuntio
2606 1359 2760 1422 filii:

680 1446 787 1522 ibi,
834 1445 1231 1510 inambulans
1275 1444 1519 1521 tacitus,
1566 1467 1811 1508 summa
1852 1467 2231 1531 papaverum
2278 1445 2487 1531 capita
2526 1445 2767 1510 dicitur

679 1531 903 1595 baculo
925 1531 1288 1596 decussisse.
1338 1529 1794 1616 Interrogando
1818 1530 2367 1617 exspectandoque
2391 1549 2767 1618 responsum

677 1618 940 1681 nuntius
967 1617 1182 1693 fessus,
1213 1630 1286 1680 ut
1308 1638 1375 1680 re
1408 1617 1795 1702 imperfecta,
1818 1617 1983 1680 redit
2017 1616 2280 1693 Gabios;
2335 1641 2498 1704 quae
2526 1618 2767 1683 dixerit

679 1703 833 1803 ipse,
857 1725 1146 1803 quaeque
1177 1703 1424 1779 viderit,
1457 1703 1680 1766 refert:
1730 1725 1841 1767 seu
1871 1703 1980 1780 ira,
2012 1725 2125 1768 seu
2146 1704 2313 1780 odio,
2336 1727 2449 1769 seu
2471 1705 2767 1792 superbia

679 1789 869 1853 msita

678 1875 836 1962 quid

1027 1812 1193 1865 emo,
1241 1788 1481 1852 nullam
1532 1811 1679 1852 eum
1722 1812 1943 1854 vocem
1993 1789 2287 1854 emisisse.

886 1811 1079 1940 vldlfet
1122 1898 1366 1963 parem,
1415 1876 1651 1961 quidve
1691 1876 2085 1975 praeciperet
2127 1877 2331 1940 tacitis
2374 1878 2764 1963 ambagibus,

679 1962 920 2047 patuit3
969 1962 1272 2049 primores
1302 1962 1587 2038 civitatis,
1620 1962 2012 2026 criminando
2052 1962 2205 2027 alios
2234 1963 2403 2050 apud

2382 1789 2580 1856 Sexto
2628 1793 2763 1868 ubi,

2517 1964 2763 2050 pulum,

679 2048 833 2112 alios
863 2071 976 2112 sua
1003 2049 1168 2135 ipsos
1196 2048 1435 2112 invidia
1455 2061 1841 2134 opportunos
1870 2048 2206 2113 interemit.
2297 2049 2375 2113 M
2446 2050 2493 2115 ti
2522 2050 2763 2137 palam3

677 2134 940 2220 quidam
961 2135 1030 2197 in
1048 2135 1277 2221 quibus
1299 2135 1507 2198 minus
1524 2135 1805 2220 speciosa
1826 2134 2179 2199 criminatio
2196 2149 2332 2199 erat
2350 2136 2577 2214 futura,
2598 2137 2767 2201 clam

678 2220 1010 2285 interfecti.
1101 2221 1318 2284 Patuit
1351 2221 1727 2307 quibusdam
1760 2220 2119 2286 volentibus
2146 2221 2313 2308 fuga,
2347 2235 2457 2286 aut
2494 2223 2565 2286 in
2592 2224 2767 2288 exsi-

677 2305 834 2370 lium
875 2307 999 2371 acti
1040 2319 1206 2383 sunt,
1249 2308 1729 2407 absentiumque
1760 2308 1928 2371 bona
1960 2307 2140 2372 iuxta

1475 2393 1861 2480 Largitionis
1900 2394 2049 2458 inde
2089 2417 2237 2481 prae

679 2405 888 2458 torum
923 2393 1152 2457 divisui
1191 2393 1383 2457 fuere.

2180 2320 2372 2459 3,ῐέιέ
2414 2309 2765 2397 interemp-

2360 2418 2485 2481 que
2524 2409 2590 2460 et
2618 2397 2769 2460 dul-

676 2479 903 2544 cedine
933 2480 1158 2567 privati
1188 2479 1505 2544 commodi
1532 2503 1749 2544 sensus
1778 2480 2083 2544 malorum
2112 2480 2507 2566 publicorum
2530 2483 2763 2561 adimi3

677 2565 901 2644 donec,
947 2568 1100 2632 orba
1141 2566 1401 2631 consilio
1445 2566 1829 2654 auxilioque,
1876 2565 2128 2630 Gabina
2166 2589 2265 2631 res
2299 2569 2434 2655 regi
2471 2568 2768 2634 Romano

677 2652 813 2717 sine
845 2652 976 2718 ulla
1002 2653 1408 2719 dimicatione
1439 2653 1508 2716 in
1536 2675 1795 2716 manum
1826 2653 2107 2717 traditur.
2150 2679 2156 2691 ·

768 2737 992 2804 Gabiis
1021 2740 1307 2826 receptiS,
1339 2739 1725 2824 Tarquinius
1741 2761 1963 2824 pacem
1994 2761 2138 2804 cum
2170 2740 2542 2826 Aequorum
2568 2755 2767 2828 gente

677 2825 862 2900 fecit3
933 2825 1154 2889 foedus
1211 2847 1356 2888 cum
1416 2823 1641 2888 Tuscis
1698 2825 2039 2889 renovavit.
2149 2824 2310 2890 Inde
2370 2827 2451 2890 ad
2508 2851 2589 2891 ne

2674 2830 2769 2893 tia

679 2911 920 2974 urbana
962 2911 1245 2974 animum
1279 2910 1625 2974 convertit:
1674 2933 1945 2997 quorum
1984 2925 2121 2976 erat
2158 2911 2449 2999 primum,
2488 2926 2561 2978 ut
2630 2916 2769 2980 ovis
2785 2945 2817 2986 4

680 2996 986 3082 templum
1015 2995 1084 3058 in
1114 3009 1326 3060 monte
1358 2995 1651 3082 Tarpeio,
1684 3010 2161 3062 monumentum
2212 3000 2390 3086 regni
2428 3000 2527 3064 sui
2558 3002 2769 3065 nomi-

352 3091 652 3140 Aedifieatur
679 3081 925 3169 nisque,
945 3081 1356 3170 relinqueret:
1391 3081 1774 3168 Tarquinios
1790 3105 1969 3170 reges
1986 3088 2221 3162 ambOS,
2286 3099 2483 3150 atrem
2501 3087 2765 3166 vovisse,

680 3168 884 3232 filium
917 3169 1266 3256 perfecisse.
1345 3167 1450 3246 Et,
1482 3181 1555 3233 ut
1592 3169 1793 3234 libera
1832 3193 1872 3236 a
1910 3171 2135 3234 ceteris
2174 3194 2241 3235 re
2270 3173 2283 3186 “
2334 3173 2579 3237 'onibus
2616 3196 2769 3238 area
2786 3194 2812 3243 5

679 3269 843 3320 esset
888 3267 1020 3320 tota
1063 3253 1230 3319 Iovis
1273 3255 1621 3343 templique
1666 3257 1818 3333 eius,
1866 3257 2041 3344 quod
2079 3257 2293 3322 inaedi
2338 3273 2601 3336 caretur,
2648 3283 2767 3326 ex-

677 3363 982 3428 augurare
1021 3341 1168 3406 fana
1204 3341 1557 3429 sacellaque
1596 3343 1835 3419 statuit,
1872 3365 2035 3430 quae
2081 3343 2322 3430 aliquot
2364 3345 2455 3410 ibi
2496 3369 2535 3410 a
2573 3346 2767 3412 Tatio
2783 3354 2815 3404 6

743 3576 771 3622 3
803 3563 938 3610 Huic
980 3561 1178 3620 nuntio]
1237 3561 1300 3608 cf.
1339 3559 1579 3608 Herodot.
1618 3559 1685 3608 iii.

683 3623 788 3687 156,
809 3625 872 3673 de
895 3625 1075 3687 Zopyri
1103 3626 1168 3673 ad
1200 3623 1498 3686 Babylonios
1520 3623 1686 3671 transi-

675 3689 824 3747 tione,
846 3695 896 3738 et
917 3705 963 3737 ν.
998 3703 1074 3752 9²·
1112 3689 1174 3736 de
1207 3687 1500 3750 Thrasybuli
1535 3687 1685 3736 consi-

677 3751 760 3812 lio,
771 3768 870 3826 qua
885 3751 1068 3801 ratione
1085 3751 1348 3800 Periandro
1365 3751 1686 3815 significatum

675 3817 956 3941 minimis]
1006 3878 1209 3928 lunonis
1245 3893 1454 3941 quoque,
1488 3894 1548 3927 ac
1589 3879 1683 3927 Mi-

675 3959 990 4121 ἶῖἓῗαὲναη
1007 4009 1206 4083 vovisse,
1215 4009 1384 4069 filium
1401 4005 1685 4070 perfecisse]

675 4072 1198 4194 leriusuiiritiiage‘ijciii
1222 4085 1400 4182 ingiliss‘
1419 4071 1687 4183 mmet&

675 4201 891 4248 modus''
931 4205 1052 4259 erat,
1097 4198 1204 4247 infr.
1248 4199 1377 4248 xxvi.
1418 4213 1493 4264 49.
1569 4198 1687 4247 Tar-

675 4265 899 4326 quinium
929 4263 1147 4312 Priscum
1187 4262 1354 4324 spoliis
1385 4279 1446 4311 ex
1481 4263 1688 4325 Apiolia

676 4328 859 4390 oppido
883 4328 1075 4388 Latino,
1091 4325 1261 4386 ,relatis
1283 4327 1601 4376 fundamenta
1622 4327 1685 4375 ie-

1752 3559 1872 3608 cisse
1894 3558 2071 3607 scribit.
2108 3559 2237 3607 Plin.
2262 3559 2332 3609 H.
2349 3560 2416 3609 N.
2435 3559 2500 3608 iii.
2522 3575 2568 3624 9.
2604 3561 2765 3609 Str-ab.

1752 3639 1795 3671 v.
1820 3639 1869 3697 p.
1892 3637 2003 3684 231,
2025 3629 2076 3671 et
2096 3639 2159 3670 ne
2179 3639 2303 3686 opus
2324 3623 2491 3673 Servio
2514 3631 2767 3687 regnante,

1751 3701 1833 3748 qui
1863 3694 2027 3735 tamen
2051 3685 2179 3736 cives
2200 3687 2442 3736 laboribus
2464 3703 2633 3736 vacare
2654 3703 2767 3750 pao-

1750 3766 1831 3798 sus
1853 3757 1943 3809 est,
1965 3751 2161 3799 omnino
2193 3751 2423 3800 omissum
2457 3751 2603 3800 fuisse
2632 3751 2765 3801 vide·—

1750 3821 1896 3874 retur,
1914 3815 2104 3864 Servius
2119 3814 2171 3864 id
2202 3815 2481 3864 “sociorum
2503 3815 2662 3864 studio
2678 3831 2765 3864 ex-

1748 3880 1955 3927 truxisse
1993 3879 2218 3928 dicitur.”
2251 3879 2370 3929 Tac.
2412 3880 2542 3929 Hiat.
2580 3879 2647 3928 iii.
2682 3891 2763 3942 72.

1749 3943 1810 3990 cf.
1846 3943 1893 3991 N
1898 3943 2049 3991 iebhr.
2090 3943 2120 3992 i.
2160 3959 2209 4005 p.
2249 3959 2357 4008 493.
2412 3944 2668 3993 Wachsm.
2710 3959 2760 4006 p.

1759 4017 1862 4068 175.

1812 4069 1843 4119 6
1861 4072 2215 4132 Exauyumro]
2238 4069 2285 4120 h.
2304 4087 2347 4120 e.
2364 4071 2514 4127 Quod
2531 4071 2765 4133 religione

1750 4134 1970 4195 liberare,
1990 4135 2080 4184 nisi
2106 4141 2356 4198 augurato,
2389 4151 2486 4183 non
2520 4142 2763 4196 poterant.

1756 4197 1863 4247 Has
1888 4206 2052 4247 autem
2074 4199 2473 4262 exaugurationes
2494 4198 2763 4262 Tarquinio

1755 4263 1919 4310 Prisco
1940 4263 2159 4311 attribuit
2183 4264 2329 4312 Dion.
2353 4263 2417 4311 iii.
2441 4261 2519 4326 69.
