3000 4784
687 180 820 243 310
1461 177 1691 245 ΤΙΤΙ
1748 176 2045 245 len.

365 323 435 375 U.
457 324 516 375 c.
542 337 656 391 359·
690 311 1022 377 hominum
1053 312 1309 393 maiore,
1334 336 1530 401 quam
1550 337 1683 415 spe,
1706 314 1775 379 in
1806 336 1961 403 agro
1973 314 2255 401 primum
2276 309 2809 399 Nepesichmn

363 390 426 439 A.
459 390 519 439 c·
544 403 656 453 393·
694 397 954 464 Faliscis
989 411 1056 465 et
1089 398 1527 487 Capenatibus
1564 424 1613 465 si
1782 400 2047 467 confert.
2142 399 2385 466 Omnia
2418 397 2511 462 ibi
2546 418 2815 461 summa

692 484 935 551 ratione
979 486 1370 573 consilioque
1417 500 1561 553 acta
1634 500 1864 553 ortuna
1908 488 2123 564 etiam,
2167 498 2243 551 ut
2278 486 2375 564 fit,
2416 496 2639 549 secuta
2676 494 2811 547 eet.

697 570 852 641 Non
881 573 1122 659 proelio
1163 584 1412 639 tantum
1439 574 1611 640 fudit
1636 574 1871 652 hostes,
1902 574 2017 639 sed
2052 572 2273 639 castris
2300 592 2565 672 quoque
2598 568 2817 645 exuit,

695 658 1069 745 ingentique
1097 660 1336 746 praeda
1353 673 1451 725 est
1478 661 1755 747 potitus3
1776 661 1984 725 ·cuius
2011 682 2159 747 pars
2186 681 2467 723 maxima
2491 656 2579 721 ad
2607 677 2821 807 ff

695 758 928 809 storem
967 744 1225 810 redacta
1251 758 1348 812 est
1365 772 1384 811 z
1431 746 1607 812 haud
1642 748 1737 812 ita
1762 746 2035 813 multum
2076 746 2265 811 militi
2300 744 2545 817 datum
2772 764 2823 805 e

698 828 781 894 ad
809 829 1010 895 Veios
1041 833 1358 897 exercitus
1387 832 1635 911 ductus,
1667 834 2087 920 densioraque
2124 831 2383 897 castella
2410 830 2617 905 facta3
2664 842 2733 893 et
2778 849 2827 891 a

697 918 1294 1003 procursationibus,
1317 942 1482 1007 quae
1499 919 1738 985 multae
1758 932 1997 985 temere
2018 920 2187 983 inter
2202 940 2459 983 murum
2474 940 2551 983 ac
2570 914 2825 981 vallum

701 1002 961 1082 fiebant,
1002 1004 1234 1082 edicte,
1275 1029 1358 1069 ne
1403 1008 1549 1106 quis
1587 1006 1827 1071 iniussu
1870 1018 2203 1095 pugnaret,
2240 1004 2324 1069 ad
2366 1026 2531 1092 opus
2574 1002 2825 1067 milites

375 1108 677 1160 Caniculam
701 1092 992 1157 traducti.
1057 1091 1344 1179 Operum
1365 1092 1489 1157 fuit
1517 1094 1807 1157 omnium
1834 1092 2022 1180 longe
2046 1091 2398 1157 maximum
2426 1113 2507 1155 ac
2532 1089 2825 1154 laborio-

373 1175 612 1286 ivm-urcem
701 1178 1038 1257 sissimum,
1067 1179 1402 1245 cuniculus
1429 1180 1498 1243 in
1528 1202 1739 1244 arcem
1772 1179 2055 1244 hostium
2082 1179 2187 1265 agi
2216 1200 2331 1243 coe
2406 1200 2501 1243 us.
2614 1174 2823 1251 Quod

376 1252 615 1365 „gfffm
701 1288 785 1329 ne
803 1266 1328 1331 intermitteretur
1343 1288 1522 1354 opus,
1536 1289 1662 1331 neu
1680 1266 1799 1331 sub
1818 1278 1983 1331 terra
1993 1266 2335 1330 continuus
2374 1264 2532 1328 abor
2546 1262 2825 1329 eosdem

704 1353 1066 1431 conficeret,
1089 1353 1158 1417 in
1179 1365 1390 1441 partes
1406 1375 1519 1417 sex
1540 1353 1933 1417 munitorum
1954 1373 2297 1417 numerum
2316 1350 2539 1415 divisit
2552 1374 2571 1413 ε
2622 1371 2825 1415 senne

705 1438 897 1503 horae
927 1440 996 1503 in
1025 1441 1242 1504 orbem
1261 1440 1436 1527 operi
1461 1439 1797 1505 attributae
1814 1452 1997 1504 sunt:
2044 1450 2233 1503 nocte
2250 1459 2327 1501 ac
2346 1436 2455 1501 die
2474 1456 2827 1524 nunquam

706 1537 854 1590 ante
885 1526 1204 1603 omissum,
1237 1548 1428 1612 quam
1459 1526 1529 1589 in
1559 1548 1771 1591 arcem
1798 1526 1967 1591 viam
1992 1524 2291 1589 facerent.

484 1632 588 1691 20,
795 1611 1106 1689 Dictator,
1147 1634 1349 1699 quum
1393 1612 1522 1676 iam
1560 1612 1630 1676 in
1670 1613 1961 1677 manibus
1998 1609 2245 1675 videret
2280 1607 2619 1673 victoriam
2656 1630 2829 1684 eme,

707 1698 932 1763 urbem
961 1697 1498 1785 opulentissimam
1532 1699 1693 1785 capi,
1720 1710 2095 1785 tantumque
2124 1696 2397 1785 praedae
2424 1694 2587 1773 fore,
2612 1716 2827 1784 quan-

709 1800 848 1847 tum
891 1806 1024 1847 non
1068 1785 1366 1849 omnibus
1392 1786 1462 1849 in
1502 1806 1705 1849 unum
1744 1784 1989 1849 collatis
2016 1794 2166 1847 ante
2210 1782 2394 1847 bellis
2420 1781 2688 1859 fuiaeeu
2730 1802 2829 1845 ne

709 1892 900 1956 quam
919 1869 1070 1935 inde
1093 1882 1204 1935 aut
1226 1869 1503 1937 militum
1524 1872 1683 1937 iram
1706 1893 1789 1935 ex
1805 1870 2199 2021 mfflffmoe
2220 1867 2497 1956 praedae
2518 1867 2821 1955 partitae,
2844 1882 2875 1935 τ

708 1968 819 2020 aut
863 1955 1170 2021 invidiam
1214 1957 1389 2043 apud
1431 1958 1655 2022 Patres
1702 1980 1785 2022 ex
1829 1979 1876 2045 p
1998 1957 2101 2043 'ga
2146 1954 2479 2041 largitione
2534 1966 2823 2041 caperet,

383 2058 692 2111 Deliberatio
707 2041 920 2107 literas
945 2042 1030 2107 ad
1057 2056 1346 2108 senatum
1370 2044 1576 2109 misit:
1628 2052 1648 2082 ‘
1669 2043 1889 2109 Deum
1918 2040 2371 2107 immortalium
2391 2041 2825 2127 benignitate,

378 2126 443 2236 (ξ
466 2126 649 2201 praeda
710 2138 730 2167 ‘
749 2129 880 2194 suis
907 2130 1204 2207 consiliis,
1228 2130 1541 2217 patientia
1554 2129 1849 2210 militum,
1869 2129 2067 2194 Veios
2096 2129 2221 2193 iam
2239 2127 2375 2193 fore
2404 2128 2474 2195 in
2494 2140 2825 2214 potestate

433 2204 635 2237 ⁶¹⁰¹¹¹¹¹²⁸
709 2224 730 2255 ‘
836 2216 972 2303 puli
1005 2217 1298 2281 Romani.
1397 2216 1579 2292 Quid
1613 2216 1695 2281 de
1735 2216 1969 2303 praeda
2008 2214 2373 2280 faciendum
2402 2230 2751 2279 censerent
2766 2212 2831 2278 P’

779 2326 898 2367 uae
957 2316 1247 2368 senatum
1307 2303 1699 2369 distinebant
1766 2300 2155 2369 sententiae:
2220 2301 2391 2365 senis
2449 2299 2523 2363 P.
2550 2298 2875 2378 Licinii,8

709 2412 903 2476 quem
955 2389 1232 2476 primum
1281 2388 1516 2454 dixisse
1560 2414 1601 2454 a
1641 2388 1775 2454 filio
1826 2389 2283 2475 interrogatum
2323 2386 2559 2464 ferunt,
2606 2394 2631 2425 ‘
2646 2385 2829 2452 edici

713 2486 732 2517 6
753 2474 962 2576 palam
984 2475 1233 2563 plaeere
1264 2476 1521 2564 populo,
1546 2490 1639 2553 ut,
1658 2476 1774 2563 qui
1846 2475 2115 2561 articeps
2137 2496 2273 2539 esse
2302 2472 2575 2560 praedae
2595 2472 2827 2551 vellet,

714 2573 733 2602 ‘
755 2584 826 2627 1n
869 2576 1072 2627 castra
1101 2564 1302 2629 Veios
1329 2564 1453 2628 iret
1469 2587 1486 2627 ε
1502 2564 1519 2591 ’
1561 2560 1761 2627 altera
1788 2498 1917 2648 Rp.
1942 2560 2223 2637 Claudii,
2254 2560 2387 2647 qui,
2410 2559 2830 2646 largitionem

712 2672 962 2727 novam,
1021 2648 1374 2737 prodigam,
1433 2648 1859 2736 inaequalem,
1918 2647 2341 2713 inconsultam
2406 2667 2705 2731 arguam,
2772 2646 2829 2711 si

713 2734 910 2799 semel
953 2736 1127 2799 nefas
1172 2736 1502 2814 ducerent,
1546 2748 1798 2823 captam
1840 2756 1925 2800 ex
1972 2734 2261 2799 hostibus
2302 2733 2375 2797 in
2414 2732 2659 2797 aerario
2702 2754 2831 2797 ex-

711 2820 938 2885 hausto
988 2820 1170 2885 bellis
1215 2822 1555 2908 pecuniam
1605 2844 1762 2898 esse,
1812 2833 2032 2887 auctor
2080 2833 2219 2885 erat
2262 2817 2565 2919 stipendii
2606 2840 2699 2883 ex
2740 2840 2831 2885 ea

711 2906 989 3007 pecunia
1029 2906 1216 2969 militi
1255 2908 1656 2985 numerandi,
1686 2922 1761 2973 ut
1788 2930 1866 2973 eo
1904 2907 2117 2972 minus
2145 2905 2367 2970 tributi
2400 2903 2619 2993 plebes
2662 2927 2831 2971 oon·-

711 2994 936 3056 1erret:
1010 2999 1030 3029 ‘
1051 2990 1210 3056 Eius
1268 2993 1442 3057 enim
1499 2994 1657 3059 doni
1702 2995 2067 3059 societatem
2122 3014 2414 3057 sensuras
2462 2990 2831 3077 aequaliter

717 3087 737 3116 6
753 3078 1042 3145 omnium
1059 3077 1309 3144 domos:
1347 3102 1480 3143 non
1498 3080 1713 3145 avidas
1734 3080 1804 3144 in
1820 3079 2209 3167 direptiones
2226 3100 2451 3143 manus
2467 3078 2827 3146 otiosorum

719 3174 738 3203 ‘
755 3164 1139 3231 urbanorum
1168 3180 1605 3255 praerepturas
1632 3167 1893 3232 fortium
1920 3164 2296 3231 bellatorum
2444 3236 2447 3239 ,
2486 3165 2619 3230 mia
2644 3188 2823 3233 esset

720 3262 738 3291 ⁶
761 3276 963 3339 quum
993 3253 1083 3318 ita
1109 3252 1304 3319 ferme
1341 3255 1611 3333 eveniat,
1642 3266 1717 3318 ut
1744 3253 1998 3340 segnior
2038 3252 2121 3317 sit
2154 3274 2198 3338 p
2390 3264 2507 3329 tor,
2536 3263 2613 3317 ut
2692 3254 2869 3321 uis-9

721 3349 740 3378 ‘
763 3364 889 3440 que
928 3340 1156 3405 laboris
1186 3340 1581 3428 periculique
1608 3340 2013 3427 praecipuam
2052 3352 2268 3425 petere
2304 3352 2551 3425 partem
2678 3338 2823 3405 eat!

719 3426 1009 3491 Licinius
1051 3441 1292 3506 contra,
1325 3436 1345 3466 ‘
1367 3442 1721 3515 suspectam
1760 3439 1826 3491 et
1854 3425 2121 3491 invisam
2160 3446 2411 3512 semper
2447 3447 2591 3491 eam
2620 3448 2823 3513 pecu-

723 3522 740 3551 ‘
763 3514 937 3578 niam
994 3514 1168 3592 fore‚'
1225 3515 1468 3592 aiebat3
1546 3522 1566 3552 ‘
1586 3534 1927 3601 causasque
1996 3510 2336 3575 criminum
2393 3512 2477 3576 ad
2532 3510 2818 3599 plebem,

723 3609 742 3637 ‘
759 3600 1148 3665 seditionum
1174 3600 1326 3666 inde
1356 3623 1431 3666 ac
1461 3601 1675 3688 legum
1705 3620 2031 3674 novarum,
2062 3597 2507 3697 praebituram.
2604 3597 2819 3664 Satius

721 3686 958 3771 ‘igitur
990 3708 1144 3765 esse,
1175 3688 1569 3753 reconciliari
1598 3709 1677 3751 eo
1710 3686 1882 3751 dono
1924 3683 2127 3775 plebis
2166 3683 2444 3750 animos:
2490 3684 2821 3751 exhaustis

787 3945 811 3995 7
835 3933 919 3981 Ex
934 3931 1238 3992 malignitate
1253 3931 1470 3992 praedae
1485 3931 1729 3993 partitae]
1796 3934 1878 3977 tur
1908 3944 2037 3979 unus
2066 3946 2095 3979 e
2128 3927 2272 3992 regiis
2292 3926 2433 3977 codd.
2456 3940 2557 3976 non
2588 3941 2821 3990 spernu-

721 3998 800 4047 Ex
845 3994 1077 4057 maligna,
1111 3992 1162 4043 id
1200 3999 1292 4053 est,
1333 3993 1541 4043 nimium
1586 4008 1735 4056 parca
1796 3992 1891 4041 dae
1917 3992 2006 4043 ino
2032 3994 2231 4057 quidem
2264 3990 2399 4052 fidei,
2430 3996 2481 4040 et
2516 3990 2819 4041 Victorinus.

719 4062 930 4125 praedae
950 4058 1235 4122 partitione:
1266 4058 1306 4107 si
1327 4057 1535 4107 nimium
1558 4072 1735 4120 parcus
1796 4056 1958 4107 Cur.

719 4125 959 4177 militibus
989 4123 1040 4172 in
1063 4123 1326 4174 dividenda
1346 4123 1530 4187 pracda
1550 4122 1731 4171 videre-
1860 4134 1891 4187 9
1930 4123 1999 4173 Ut
2022 4122 2241 4185 eom]
2278 4119 2373 4179 Ut,
2394 4115 2725 4192 quo-quisque
2753 4118 2815 4169 nd

720 4197 813 4239 tur.
845 4190 1006 4239 Cam.
1794 4186 2012 4234 laborem
2029 4185 2381 4249 capessendum
2400 4182 2720 4245 periculaque
2734 4184 2815 4233 ad-

784 4256 815 4302 8
845 4254 988 4303 Senis
1003 4254 1065 4302 P.
1080 4254 1287 4314 Licinii]
1324 4251 1549 4315 Sigonius
1568 4266 1597 4297 e
1616 4254 1731 4297 vett.
1796 4250 1959 4299 eunda
1990 4248 2263 4313 promptior
2284 4252 2378 4307 eut,
2398 4262 2460 4296 eo
2484 4245 2683 4309 saginor
2714 4248 2813 4310 ple·

721 4317 854 4365 libris
882 4316 1018 4378 legit,
1039 4333 1144 4367 una
1167 4320 1324 4367 unis.-
1360 4317 1505 4377 eique
1532 4312 1731 4365 assenti-
1796 4328 2003 4375 rumque
2022 4312 2087 4363 ait
2106 4314 2171 4365 ad
2192 4312 2544 4375 praedandum.
2576 4310 2745 4361 Cur.
