3000 4784
2944 0 2967 126 l

728 378 1077 443 exercitum
1133 399 1386 442 omnem
1443 376 1959 442 suovetaurilibus
2016 375 2333 442 lustravit:
2394 376 2588 464 idque
2646 399 2811 442 con·
2828 403 2861 454 9
2966 377 2968 454 ἓ

727 466 932 530 ditum
959 464 1224 528 lustrum
1253 463 1655 551 appellatum,
1680 464 1832 564 quia
1858 463 1912 527 is
1938 463 2257 529 censendo
2278 463 2423 528 finis
2450 464 2655 529 factus
2678 477 2801 529 est.

731 551 943 617 Millia
977 551 1296 638 octoginta
1322 573 1399 615 eo
1439 549 1633 614 lustro
1660 550 1892 614 clvium
1932 571 2120 614 censa
2146 550 2461 614 dicuntur.
2552 550 2813 616 Adjicit

727 639 1100 726 scriptorum
1142 636 1611 723 antiquissimus
1654 636 1882 701 Fabius
1924 636 2159 714 Pictor,
2194 657 2432 714 eorum,
2479 636 2591 725 qui
2635 637 2809 702 ferre
2834 659 2857 692 1

729 747 901 789 arma
926 737 1197 812 possent,
1217 746 1364 788 eum
1393 745 1727 788 numerum
1746 723 1953 787 fuisse.
2016 722 2128 788 Ad
2156 745 2295 787 eam
2324 722 2811 788 multitudinem

729 812 877 875 urbs
928 833 1181 898 quoque
1239 809 1679 897 amplificanda
1732 810 1866 873 visa
1913 821 2025 874 est.
2116 808 2323 874 Addit
2376 809 2537 874 duos
2584 809 2811 888 colleS,

735 897 1130 972 Quirinalem
1167 895 1696 983 Viminalemque.
1786 893 1946 960 Inde
1993 895 2291 982 deinceps
2338 909 2527 983 auget
2568 889 2860 1000 Requi-3

729 985 875 1048 lias:
923 984 1140 1071 ibique
1180 983 1333 1070 ipse,
1365 995 1437 1047 ut
1469 983 1609 1046 loco
1648 981 1921 1069 dignitas
1954 982 2152 1059 fieret,
2187 982 2449 1048 habitat.
2542 983 2809 1070 Aggere
2828 1020 2862 1062 4
2970 998 2972 1038 !

731 1085 796 1134 et
822 1069 1000 1135 fossis
1027 1083 1094 1134 et
1120 1091 1300 1133 muro
1327 1068 1675 1133 circumdat
1702 1072 1961 1134 urbem:
2005 1070 2099 1133 ita
2122 1069 2513 1156 pomoerium
2540 1069 2805 1155 profert.

731 1156 1151 1233 Pomoerium,
1183 1155 1357 1220 verbi
1385 1156 1515 1220 vim
1542 1156 1737 1220 solam
1758 1155 2096 1233 intuentes,
2124 1155 2574 1242 postmoerium
2602 1157 2812 1221 inter·
2828 1174 2859 1224 5

729 1255 1055 1344 pretantur
1081 1265 1232 1308 esse.
1323 1241 1440 1306 Est
1459 1254 1671 1307 autem
1700 1265 1763 1305 m
1848 1242 1899 1306 ‘s
1918 1242 2085 1306 circa
2110 1263 2361 1306 murum
2387 1241 2581 1319 locus,
2604 1264 2811 1329 quem

727 1351 798 1394 m
820 1329 1167 1396 condendis
1195 1329 1452 1394 urbibus
1469 1328 1789 1417 quondam
1880 1328 2089 1405 trusci,
2108 1351 2236 1414 qua
2254 1348 2505 1392 murum
2544 1328 2810 1394 ducturi

728 1431 925 1494 erant,
973 1418 1159 1481 certis
1207 1416 1373 1480 circa
1421 1415 1705 1480 terminis
1760 1415 2132 1502 inaugurato
2182 1416 2629 1482 consecrabant
2644 1440 2663 1478 τ
2726 1431 2809 1480 ut

729 1525 938 1590 neque
982 1502 1278 1566 interiore
1329 1515 1504 1589 parte
1552 1500 1839 1566 aedificia
1886 1501 2213 1566 moenibus
2256 1501 2805 1580 continuarentur,

773 1611 891 1653 uae
941 1609 1112 1652 nunc
1153 1588 1343 1674 vulgo
1393 1588 1583 1652 etiam
1626 1587 2054 1675 coniungunt3
2116 1602 2182 1652 et
2222 1587 2610 1653 extrinsecus
2652 1589 2809 1676 puri

727 1611 968 1761 falliqtfid
997 1675 1076 1738 ab
1103 1673 1380 1738 humano
1409 1674 1586 1738 cultu
1622 1686 1865 1762 pateret
1897 1674 2031 1738 soli.
2122 1673 2268 1738 Hoc
2302 1675 2592 1762 spatium,
2622 1676 2806 1762 quod

726 1783 935 1847 neque
975 1759 1258 1837 habitari,
1295 1782 1504 1848 neque
1540 1761 1701 1825 arari
1732 1763 1825 1824 fas
1863 1775 2014 1839 erat,
2046 1783 2175 1825 non
2218 1761 2415 1848 magis
2443 1761 2617 1848 quod
2654 1776 2807 1862 post

727 1869 978 1912 murum
1035 1858 1216 1924 esset,
1276 1869 1464 1933 quam
1537 1847 1709 1935 quod
1776 1867 1992 1911 murus
2058 1859 2201 1934 post
2256 1846 2343 1925 id,
2403 1869 2805 1935 pomoerium

730 1933 1003 1997 Romani
1073 1932 1498 2021 appellarunt:
1575 1947 1642 1998 et
1706 1934 1775 1997 in
1842 1934 2013 1999 urbis
2077 1934 2467 1999 incremento
2522 1955 2801 2022 semper,

728 2031 1036 2105 quantum
1066 2019 1316 2098 moenia
1339 2040 1703 2105 processura
1729 2032 1927 2097 erant,
1959 2031 2204 2084 tantum
2242 2020 2495 2084 termini
2533 2019 2603 2084 hi
2644 2043 2807 2086 con-

729 2106 953 2170 secrati
979 2105 1472 2193 proferebantur.

510 2201 613 2261 45.
816 2195 1028 2257 Aucta
1054 2192 1304 2257 civitate
1327 2192 1761 2292 magnitudine
1790 2192 1981 2270 urbis,
2004 2192 2283 2257 formatis
2304 2193 2595 2257 omnibus
2620 2191 2807 2258 domi

409 2283 700 2333 Communis
729 2291 796 2342 et
824 2278 906 2342 ad
933 2277 1082 2343 belli
1111 2291 1176 2342 et
1205 2279 1286 2342 ad
1314 2300 1485 2365 pacls
1524 2301 1691 2356 usus,
1721 2300 1803 2342 ne
1834 2299 2081 2366 semper
2108 2279 2294 2343 armis
2323 2301 2475 2367 opes
2512 2279 2805 2366 acquire-

411 2363 545 2398 Νη
567 2350 710 2400 Rom.
727 2378 964 2442 rentur,
995 2365 1253 2430 consilio
1283 2387 1512 2452 augere
1542 2364 1875 2453 imperium
1902 2377 2163 2429 conatus
2191 2377 2319 2442 est3
2366 2365 2551 2430 simul
2580 2379 2645 2430 et
2685 2367 2807 2431 ali-

732 231 812 292 52
1496 223 1719 290 ΤΙΤΙ
1779 225 2046 294 LIVII

411 658 654 732 Numerus

409 737 453 770 cl
459 738 500 770 vl
505 737 584 771 um
589 759 602 772 ι

413 909 542 960 Urbs
561 928 660 961 am-

408 975 638 1038 pliflcata.

1792 2596 1938 2642 quam
1963 2580 2190 2640 veritatis,
2216 2581 2373 2645 arguit
2394 2583 2567 2645 Polyb.
2590 2581 2623 2632 i.
2652 2597 2727 2646 14.
2752 2593 2807 2634 ct

1791 2644 1861 2694 iii.
1885 2645 1930 2694 8.
1953 2651 2003 2694 et
2024 2660 2068 2710 9.
2134 2646 2385 2706 Ceterum,
2406 2645 2493 2694 etsi
2516 2661 2661 2695 nemo
2683 2655 2806 2698 ante

1790 2723 1905 2756 eum
1929 2711 2181 2758 Romanus
2208 2711 2385 2759 iustam
2416 2710 2663 2758 histor-im
2686 2727 2803 2761 con·

1791 2773 1997 2832 diderat,
2032 2779 2201 2822 tamen
2242 2773 2395 2834 Fasti,
2430 2775 2806 2834 comment-sii,

726 2589 896 2696 m
917 2597 1144 2661 campum
1165 2581 1729 2657 Martium-appellatum

727 2725 854 2823 guae
893 2648 1362 2760 alslxggngffieuxpoat,
1377 2659 1533 2758 lilling-
1548 2645 1727 2758 lociiiii:

773 2789 888 2824 nav.

797 2852 828 2902 9
865 2838 1304 2896 suovetaurilibus]
1374 2829 1731 2884 Circumductis

725 2907 802 2948 ter
843 2901 1022 2950 circum
1063 2900 1326 2948 exercitum
1371 2915 1523 2958 verre,
1563 2899 1730 2958 ariete,

725 2969 894 3022 tauro3
924 2965 1100 3013 deinde
1121 2963 1270 3011 Marti
1289 2963 1567 3011 immolatis.
1632 2963 1729 3011 Pro

727 3041 861 3076 verre
894 3027 1156 3089 Dionysius
1185 3027 1332 3075 habet
1365 3027 1566 3074 hircum.
1632 3027 1730 3076 Sed

725 3105 840 3139 eum
861 3092 1079 3141 refellere
1100 3090 1288 3138 videtur
1308 3090 1412 3153 ipsa
1431 3093 1727 3140 metauri-

726 3155 846 3203 ls'um
885 3155 1168 3219 appellatio.
1251 3155 1392 3216 Supr.
1425 3155 1502 3205 28.
1546 3155 1728 3203 mentio

725 3218 824 3267 iam
852 3219 984 3269 facta
1009 3226 1082 3268 est
1113 3219 1322 3268 lustralis
1339 3219 1577 3278 samificiL
1597 3221 1727 3281 quod

725 3283 923 3332 fortasse
954 3285 1083 3333 idem
1105 3289 1178 3332 est
1197 3299 1308 3331 cum
1333 3281 1410 3331 his
1427 3286 1723 3333 metauri-

726 3347 864 3396 ls'bue.
915 3349 1027 3397 Alia
1047 3347 1282 3410 reperitur
1296 3347 1565 3410 appellatio
1586 3348 1729 3396 huius

725 3411 962 3471 sacrificii,
997 3412 1288 3460 solitaurilia
1303 3431 1320 3460 .-
1374 3426 1472 3473 qua
1509 3411 1572 3459 de
1610 3427 1726 3460 voce

726 3474 821 3524 vid.
844 3476 1058 3524 Festum.
1092 3476 1251 3525 Cre-nv.

795 3553 814 3588 1
844 3541 1140 3603 Scriptorum
1161 3540 1523 3602 antiq-uiuimus
1542 3539 1726 3588 Fabius

725 3603 916 3664 Pictor]
971 3603 1152 3652 Eorum
1189 3603 1272 3666 qui
1309 3601 1557 3650 historiam
1593 3604 1726 3664 apud

725 3667 976 3716 Romanos
1033 3667 1279 3730 scripsere,
1335 3665 1723 3728 antiquissimus:

723 3730 806 3792 qui
835 3733 1012 3780 'tamen
1055 3745 1221 3780 recens
1255 3732 1520 3779 admodum
1558 3737 1728 3779 auctor

725 3795 978 3855 videbitur,
997 3795 1036 3843 si
1059 3801 1363 3856 comparetur
1381 3795 1443 3842 ad
1466 3794 1726 3856 primordia

723 3859 856 3907 urbis
897 3861 1100 3908 Romae.
1177 3857 1314 3906 Vixit
1354 3858 1484 3906 enim
1528 3859 1723 3906 secundi

727 3921 900 3970 Punici
937 3923 1054 3970 belli
1089 3922 1401 3984 temporibus,
1431 3927 1488 3970 ut
1524 3929 1727 3970 testatur

725 3985 892 4034 Livius
919 3985 1058 4045 insta,
1079 3985 1195 4035 xxii.
1221 3997 1264 4047 7.
1329 3985 1581 4048 Sci-ipsine
1612 4001 1725 4034 eum

725 4049 914 4099 Graece
943 4050 1090 4098 tradit
1119 4049 1266 4099 Dion.
1289 4049 1321 4098 i.
1344 4047 1388 4098 6.
1425 4049 1614 4108 Latine,
1642 4051 1725 4099 do·

725 4121 804 4162 cet
825 4115 1014 4172 Cicero,
1033 4115 1096 4162 de
1117 4115 1200 4163 Or.
1228 4113 1276 4162 ii.
1308 4127 1384 4175 53.
1414 4119 1466 4161 et
1494 4114 1555 4162 de
1578 4114 1723 4177 Legg.

725 4178 756 4227 i.
779 4177 827 4228 6.
847 4184 904 4226 ut
931 4177 1148 4226 videatur
1178 4182 1380 4238 utraque
1411 4177 1577 4240 lingua
1597 4177 1725 4227 idem

723 4247 1060 4306 argumentum
1106 4246 1347 4290 tractasse.
1437 4241 1565 4289 Eum
1616 4243 1727 4303 plus

723 4321 881 4369 aequo
899 4305 1070 4355 favisse
1093 4305 1328 4353 Romanis
1357 4304 1408 4352 in
1439 4304 1655 4365 historia,
1675 4312 1725 4354 et

725 4370 967 4420 interdum
987 4369 1318 4418 studiosiorem
1347 4369 1492 4419 fiune
1524 4370 1725 4432 patriae,

1776 3541 1941 3602 saym-
1970 3540 2185 3602 itemque
2199 3557 2338 3590 mons

1793 2837 2009 2885 Annales
2039 2853 2072 2885 a
2108 2838 2414 2900 pontificibus
2442 2841 2803 2902 componeban-

1790 2906 1887 2960 tur,
1918 2901 1980 2949 de
2012 2901 2184 2964 quibus
2210 2902 2304 2951 vid.
2324 2907 2560 2961 nostrum,
2580 2903 2643 2952 iv.
2670 2919 2715 2967 3.
2749 2915 2805 2954 et

1792 2979 1852 3012 ea
1872 2979 1996 3026 quae
2016 2965 2083 3013 ibi
2102 2967 2452 3015 annotabimus.
2486 2967 2646 3017 Cam.

1857 3043 1883 3076 ο
1916 3031 2454 3156 ΜἭΟοιιῐὶιιιιο
2470 3031 2653 3079 ordine.
2710 3033 2801 3081 Et-

1790 3091 1921 3140 enim
1944 3107 2084 3141 mons
2200 3093 2378 3143 uilinus
2396 3094 2633 3143 viminali
2652 3111 2801 3158 prox-

1788 3155 1916 3205 imus
1936 3163 2021 3206 est.
2052 3157 2211 3208 Can.

1857 3235 1884 3282 3
1916 3223 2081 3282 Auget
2098 3223 2373 3286 Esquilias]
2414 3222 2607 3271 Additis
2626 3223 2799 3272 aedifi-

1792 3283 1878 3332 ciis
1901 3291 1952 3332 et
1971 3283 2157 3334 incolis.
2220 3288 2473 3350 Esquiliae
2502 3293 2667 3336 autem
2702 3289 2801 3336 for-

1788 3353 1914 3396 taoee
1958 3349 2339 3410 appellationem
2390 3359 2681 3413 acceperant
2730 3354 2800 3400 ab

1787 3413 1999 3472 Exulis,
2039 3414 2283 3475 quomodo
2332 3429 2471 3463 mons
2524 3417 2800 3474 vivamus,

1788 3475 2015 3538 idemque
2054 3479 2324 3539 Ray-usalis,
2366 3495 2399 3526 a
2438 3481 2703 3528 vinealem
2744 3487 2800 3529 et

2572 3545 2781 3592 {ulmus

1788 3605 1871 3665 qui
1894 3611 2061 3666 postea
2076 3605 2290 3664 Caelius,
2303 3623 2336 3654 a
2354 3609 2602 3669 ques-cetis.
2630 3581 2800 3657 Cur:

1788 3669 2027 3731 Esquiliis
2066 3685 2127 3717 ex
2170 3669 2446 3718 coniectura
2480 3670 2697 3720 Gronov,
2742 3670 2797 3720 in

1787 3737 1975 3843 tteixtum
2019 3733 2201 3796 recepit
2238 3733 2451 3783 Bekkor.
2496 3734 2612 3783 licet
2646 3737 2797 3785 codd.

1855 3811 1969 3845 vers.

1858 3877 1889 3920 4
1926 3862 2141 3922 Amr-e]
2209 3860 2361 3910 Cuius
2404 3861 2603 3924 vestigia
2646 3862 2799 3912 hodie

1788 3930 2004 3983 manent,
2025 3931 2075 3972 et
2094 3927 2127 3951 ‘⁶
2145 3925 2307 3973 locum
2338 3925 2389 3974 in
2422 3926 2613 3988 regione
2646 3928 2797 3988 pesti·

1790 3987 1909 4035 lenti
1960 3989 2201 4036 salubrem
2254 3989 2523 4040 limitant.”
2575 3991 2681 4040 Cic.
2730 3993 2800 4041 de

1792 4052 1918 4114 Rep.
1950 4052 1999 4101 ii.
2026 4051 2073 4102 6.
2138 4053 2338 4101 Murum
2375 4053 2507 4103 hunc
2545 4055 2693 4104 Dion.
2730 4055 2799 4106 iv.

1790 4127 1869 4176 54,
1898 4121 1948 4164 et
1977 4116 2107 4166 Plin.
2144 4117 2215 4166 H.
2244 4118 2313 4167 N.
2345 4117 2411 4166 iii.
2479 4154 2491 4167 .
2526 4119 2800 4180 Tarquinio

1788 4179 2007 4240 Superbo
2026 4181 2309 4231 attribuunt.
2343 4133 2547 4232 Nieflhr.
2562 4183 2595 4230 i.
2612 4199 2661 4244 p.
2684 4185 2799 4246 387.

1854 4255 1881 4304 5
1914 4247 2283 4305 Pontum-ima]
2323 4247 2405 4294 Ita
2424 4248 2667 4296 codd.sed
2684 4257 2801 4310 pote

1786 4322 1979 4355 murum
2030 4325 2092 4357 ex
2146 4309 2420 4358 coniectum
2470 4310 2686 4360 Perizon.
2742 4313 2799 4361 in

1788 4375 1975 4420 textum
1998 4372 2181 4434 recepit
2202 4373 2413 4425 Bekker.
