3000 4784
738 218 930 286 LIB.
986 219 1175 287 VIII.
1252 219 1474 287 CAP.
1527 226 1587 287 5.
2077 228 2206 293 453

130 359 146 389 ‘
164 351 565 419 Pertulerunt
593 366 807 419 tamen
834 354 1007 419 hunc
1036 354 1338 421 dolorem.
1415 355 1672 423 Bellum
1699 366 1914 423 nostro
1943 357 2203 423 nomine
2224 371 2292 421 U.
2316 372 2376 421 ο.
2399 382 2510 433 4¹5·

130 445 145 475 ‘
162 461 301 501 cum
323 438 605 526 Pelignis
632 440 953 526 gessimus.
1030 440 1162 517 Qui
1192 464 1275 507 ne
1304 454 1660 508 nostrorum
1683 442 1945 533 quidem
1975 442 2204 508 finium
2222 436 2284 486 A.
2317 436 2378 486 0·
2403 446 2512 497 337·

130 534 143 561 ⁵
160 525 477 611 nobisstper
510 548 627 590 nos
664 526 1046 591 tuendorum
1074 528 1174 591 ius
1203 540 1391 593 antea
1419 527 1676 606 dabant,
1712 528 1874 592 nihil
1903 528 2206 593 interces-

130 616 387 675 ‘serunt.
484 610 799 677 Sidicinos
837 612 907 677 in
942 613 1134 678 fidem
1176 627 1481 701 receptos,
1519 613 1882 701 Campanos
1915 616 1997 679 ab
2024 637 2090 681 se
2121 615 2206 680 ad

130 704 270 761 ‘nos
334 697 623 775 descisse,
682 698 999 763 exercitus
1062 722 1179 765 nos
1241 722 1459 787 parare
1527 701 1825 766 adversus
1891 700 2206 767 Samnites

130 781 505 848 ‘foederatos
560 806 707 847 suos
766 784 1123 862 audierunt,
1184 808 1305 849 nec
1365 799 1702 851 moverunt
1759 810 1826 851 se
1887 789 1966 852 ab
2026 789 2200 853 urbe.

130 867 349 933 ‘Unde
390 869 549 935 haec
586 870 711 934 illis
752 883 929 935 tanta
967 871 1293 947 modestia,
1326 872 1449 936 nisi
1484 895 1524 937 a
1559 873 1946 937 conscientia
1974 873 2202 937 virium

130 961 221 1017 ‘et
256 967 610 1019 nostrarum
651 968 717 1020 et
754 958 1059 1021 suarum?
1149 956 1423 1022 Idoneos
1466 972 1754 1023 auctores
1789 958 2014 1035 habeo,
2046 982 2204 1045 que-

130 1040 440 1105 ‘rentibus
486 1041 568 1105 de
620 1042 802 1106 nobis
856 1040 1243 1107 Samnitibus
1292 1044 1382 1108 ita
1430 1066 1802 1130 responsum
1854 1046 1932 1109 ab
1979 1058 2206 1109 senatu

130 1124 447 1192 ‘Romano
490 1149 646 1204 esse,
692 1141 765 1191 ut
805 1126 988 1191 facile
1034 1150 1071 1191 a
1114 1142 1383 1215 pareret,
1430 1152 1511 1193 ne
1557 1130 1726 1229 ipsos
1769 1130 2032 1219 quidem
2075 1131 2202 1195 iam

130 1212 486 1297 ‘postulare,
519 1226 591 1277 ut
622 1212 881 1277 Latium
910 1215 1028 1278 sub
1126 1237 1357 1279 omano
1386 1215 1654 1301 imperio
1689 1216 1785 1279 sit.
1882 1215 2202 1302 Usurpate

130 1298 342 1363 ‘modo
456 1298 751 1363 stulando
780 1322 877 1375 eo,
910 1300 1087 1385 quod
1120 1299 1215 1363 illi
1242 1301 1422 1364 vobis
1453 1300 1630 1365 taciti
1659 1301 2036 1365 concedunt.
2135 1301 2201 1366 Si

130 1390 345 1468 ⁸'quem
434 1408 511 1449 oc
554 1398 761 1449 metus
804 1384 1013 1450 dicere
1062 1385 1374 1471 prohibet,
1419 1409 1503 1450 en
1547 1410 1668 1473 ego
1711 1388 1730 1449 i
1845 1435 1865 1465 ,
1903 1386 2202 1451 audiente

130 1476 280 1533 ¹'non
316 1471 557 1557 populo
589 1471 883 1535 Romano
924 1472 1116 1536 modo
1159 1487 1532 1557 senatuque,
1563 1473 1675 1537 sed
1743 1496 1857 1537 ove
1899 1474 2054 1560 ipso,
2089 1473 2202 1559 qui

130 1552 253 1618 ³Ca
294 1556 545 1621 itolium
583 1557 825 1634 incolit,
856 1557 1156 1643 profiteor
1198 1580 1301 1622 me
1346 1558 1707 1635 dicturum3
1754 1572 1844 1635 ut,
1876 1558 1930 1622 si
1973 1581 2088 1623 nos
2132 1559 2202 1621 in

131 1579 403 1707 ‘foedere
434 1664 508 1707 ac
536 1644 835 1707 societate
864 1665 999 1707 esse
1022 1643 1241 1718 velint,
1266 1645 1588 1709 consulem
1621 1644 1890 1711 alterum
1919 1644 2000 1709 ab
2021 1644 2205 1709 nobis

130 1734 531 1815 ‘senatusque
582 1742 828 1816 partem
880 1729 1233 1828 accipiant!
1321 1729 1505 1795 Haec
1547 1730 1842 1796 ferociter
1883 1754 2014 1795 non
2061 1754 2206 1795 sua-

130 1812 285 1878 ienti
314 1813 539 1892 solum,
570 1815 683 1879 sed
711 1814 1058 1902 pollicenti,
1090 1815 1361 1881 clamore
1402 1829 1468 1881 et
1507 1839 1763 1882 assensu
1802 1840 2021 1882 omnes
2059 1840 2205 1904 per-

130 1898 436 1977 niserunt,
472 1913 547 1965 ut
588 1912 803 1988 ageret
846 1900 1232 1988 diceretque,
1310 1925 1428 1966 uae
1477 1925 1515 1966 e
1561 1926 1628 1967 re
1676 1903 1886 1968 ublica
1927 1902 2204 1968 nominis

130 1984 328 2051 Latini
370 1986 626 2074 fideque
671 2010 785 2051 sua
820 1987 1204 2052 viderentur.
1368 1989 1432 2053 bi
1476 2000 1574 2052 est
1680 2012 1888 2053 omam
1918 2002 2201 2066 ventum,
2346 1991 2407 2051 5.

130 2093 179 2133 n
226 2072 550 2159 Capitolio
592 2074 669 2137 iis
712 2086 969 2137 senatus
1012 2074 1197 2138 datus
1238 2086 1349 2138 est.
1442 2072 1545 2137 Ibi
1583 2097 1784 2159 quum
1815 2074 1892 2138 T.
1921 2074 2206 2138 Manlius

130 2158 331 2223 :onsul
359 2159 591 2245 egisset
617 2182 764 2223 cum
794 2160 871 2223 iis
899 2182 981 2223 ex
1004 2158 1375 2224 auctoritate
1398 2158 1684 2236 Patrum,
1708 2182 1791 2223 ne
1819 2159 2206 2224 Samnitibus

130 2242 445 2309 :hederatis
471 2244 711 2309 bellum
741 2245 1086 2322 inferrent3
1134 2244 1410 2320 Annius,
1444 2257 1748 2329 tanquam
1776 2245 1978 2310 victor
2017 2245 2205 2308 armis

130 2327 507 2417 Capitolium
549 2332 838 2417 cepisset,
878 2353 1011 2395 non
1057 2330 1321 2417 legatuS,
1361 2331 1497 2395 iure
1543 2330 1831 2416 gentium
1875 2342 2070 2407 tutuS,
2111 2330 2206 2395 lo-

130 2430 429 2500 1ueretur,
478 2424 497 2455 ‘
520 2416 685 2481 Tem
731 2440 806 2481 us
834 2418 1006 2495 erat,‘
1036 2416 1266 2503 inquit,
1316 2425 1335 2454 ‘
1358 2416 1435 2481 T.
1460 2416 1688 2493 Manli,
1712 2439 1950 2503 vosque
1981 2416 2204 2481 Patres
2222 2425 2394 2502 negati
2419 2425 2512 2474 Lae

130 2503 515 2590 conscripti,
560 2515 671 2567 tan
716 2526 819 2568 em
866 2503 992 2567 iam
1036 2525 1147 2567 vos
1194 2502 1524 2567 nobiscum
1567 2501 1731 2566 nihil
1771 2525 1886 2589 pro
1937 2502 2206 2588 imperio
2219 2496 2310 2539 ‘²¹¹³
2327 2490 2538 2566 superba

130 2594 363 2674 agere,
400 2611 602 2675 quum
644 2589 1159 2653 florentissimum
1198 2588 1393 2653 deum
1431 2588 1826 2675 benignitate
1866 2611 2038 2653 nunc
2081 2588 2209 2653 La-
2222 2560 2534 2667 33⁰1}ssss

131 2674 318 2739 ‘tium
381 2675 569 2739 armis
624 2674 921 2775 virisque,
987 2673 1375 2739 Samnitibus
1434 2674 1604 2739 bello
1654 2674 1853 2753 victis,
1911 2673 2210 2739 Sidicinis

131 2759 635 2847 ‘Campanisque
680 2762 883 2839 sociiS,
928 2783 1103 2826 nunc
1146 2760 1338 2825 etiam
1374 2760 1623 2827 Volscis
1666 2760 2002 2838 adiunctis,
2032 2760 2212 2825 vide-

130 2846 348 2923 ⁷retis;
394 2846 671 2911 colonias
710 2870 799 2933 qu
886 2870 967 2911 ue
1002 2860 1239 2911 vestras
1275 2846 1581 2911 Latinum
1619 2847 1914 2913 Romano
1956 2860 2214 2947 praetu-

131 2930 299 2997 'lisse
333 2932 688 3020 imperium.
769 2870 898 2998 sqq
973 2933 1231 2997 uoniam
1257 2955 1388 3011 vos,
1418 2956 1617 3020 regno
1647 2934 1985 3022 impotenu
2014 2934 2212 2999 finem

131 3028 231 3081 'ut
272 3019 635 3105 imponatis,
676 3041 808 3083 non
851 3019 919 3083 in
968 3019 1153 3083 ucitis
1195 3017 1265 3083 in
1308 3020 1632 3097 animum3
1678 3043 1814 3097 noa,
1846 3042 2214 3106 quanquam

130 3106 351 3168 'armis
398 3127 729 3191 possumus
778 3128 1049 3170 asserere
1096 3104 1355 3170 Latium
1404 3106 1475 3170 in
1525 3106 1902 3183 libertatem,
1949 3128 2215 3171 consan-

130 3191 458 3277 guinitati
488 3204 703 3263 tamen
731 3190 853 3255 hoc
882 3190 1193 3268 dabimuS,
1218 3204 1291 3256 ut
1318 3190 1717 3255 conditiones
1746 3192 1920 3277 pacis
1939 3190 2216 3254 feramus

130 3382 305 3433 [itione
336 3382 625 3433 Latinorum
658 3388 770 3445 post
802 3382 1133 3445 Regillensem
1202 3383 1333 3429 clare
1354 3381 1586 3444 exprimit
1608 3380 1740 3429 idem
1763 3380 1972 3440 Annius,
1987 3396 2086 3443 seq.
2121 3382 2215 3431 Ca.

130 3462 356 3509 pugnam,
387 3446 469 3496 hic
500 3448 562 3496 de
595 3447 791 3497 foedere
822 3462 937 3495 cum
970 3444 1136 3495 Servio
1264 3444 1296 3494 6
1328 3446 1425 3505 Iis]
1488 3444 1680 3493 Decem
1715 3444 2002 3493 Latinorum
2041 3443 2216 3507 princi-

130 3510 293 3559 I'ullio
314 3510 414 3559 icto
435 3526 565 3573 supr.
587 3510 620 3559 i.
644 3522 721 3572 45.
746 3510 932 3559 mentio
954 3510 1025 3558 fit.
1204 3508 1348 3570 pibus
1390 3509 1606 3557 Romam
1657 3508 1887 3567 evocatis,
1929 3508 2056 3556 inter
2097 3524 2220 3569 quos

189 3591 222 3633 4
264 3577 514 3637 Usus-pate
554 3576 689 3624 modo
738 3575 1029 3636 postulando
1070 3588 1141 3631 eo,
1204 3571 1397 3621 Annius
1418 3579 1468 3620 et
1485 3572 1744 3621 Numisius
1763 3572 2054 3621 nominatim
2073 3572 2218 3621 acciti

130 3640 250 3701 mod
268 3640 347 3687 im
366 3640 499 3687 vobis
514 3640 651 3687 taciti
666 3640 957 3697 concedunt]
987 3636 1144 3685 Vobis
1206 3641 1333 3685 sunt.
1370 3636 1546 3685 Dux.

132 3702 191 3751 ui
232 3700 376 3750 taciti
414 3703 708 3760 concedunt,
744 3717 809 3749 ne
842 3702 932 3751 sub
970 3716 1138 3749 eorum
1279 3711 1305 3761 7
1346 3701 1571 3749 Coloniae
1612 3716 1800 3763 quoque
1842 3703 2052 3762 vestras]
2104 3702 2154 3751 h.
2177 3718 2221 3751 e.

132 3782 220 3815 am
254 3766 463 3828 imperio
494 3766 612 3815 sitis.
678 3766 910 3827 Superest
946 3770 1139 3813 tantum
1206 3763 1407 3827 Oppida
1438 3765 1599 3826 plura,
1631 3780 1758 3826 quae
1788 3770 1905 3814 ante
1938 3766 2154 3815 Romam
2193 3781 2226 3815 a

130 3836 175 3879 it
200 3845 292 3878 vos
312 3831 363 3878 id
384 3835 553 3891 aperte
585 3830 898 3892 postulando,
925 3826 975 3877 in
1010 3828 1143 3878 illius
1207 3828 1369 3877 Gallis
1390 3834 1587 3890 captam
1608 3828 1660 3877 in
1681 3828 2008 3892 patrocinium
2031 3831 2226 3879 Romae

131 3893 243 3942 ,uris
278 3894 627 3955 possessionem
652 3894 851 3943 Latium
884 3892 1140 3941 inducatis.
1206 3908 1259 3941 se
1288 3898 1590 3955 receperant,
1611 3892 1806 3953 iterum,
1827 3895 2024 3955 quando
2045 3908 2226 3942 nomen

130 3961 392 4020 Usar-paro
411 3974 511 4007 non
530 3956 672 4007 estid
690 3958 883 4017 Latine,
900 3957 1031 4017 quod
1050 3958 1149 4005 An·
1214 3957 1449 4005 Latinum
1494 3956 1618 4006 vires
1659 3958 1752 4007 sibi
1793 3958 2028 4006 refecerat
2070 3962 2122 4005 et
2175 3955 2226 4003 in

130 4022 255 4084 glice
292 4022 503 4071 dicimus
535 4038 714 4084 usurp,
747 4022 833 4071 sed
874 4036 1019 4069 usum
1062 4018 1150 4069 ali-
1212 4021 1556 4083 aequationem
1593 4022 1712 4069 iuris
1748 4036 1862 4069 cum
1897 4019 2138 4069 Romanis
2175 4034 2228 4066 se

130 4086 274 4135 :uius
320 4086 391 4134 rei
438 4100 704 4161 capessere.
782 4086 865 4133 Sic
908 4099 1057 4147 supra
1098 4084 1149 4132 in
1216 4084 1562 4143 vindicaverat,
1574 4086 1626 4133 in
1642 4084 1928 4132 Latinorum
1943 4082 2228 4130 societatem

130 4152 221 4197 hac
258 4147 368 4210 ipsa
394 4154 629 4209 oratione,
659 4150 980 4211 mmmdcc
1008 4150 1148 4197 liber-
1212 4148 1411 4197 rediisse
1435 4167 1449 4198 ι
1519 4150 1736 4197 colonias
1794 4162 1989 4209 quoque
2044 4150 2231 4193 veteres

130 4215 265 4261 ratis.
288 4227 511 4263 smmum
532 4212 771 4263 libertatis
789 4211 883 4261 sibi
903 4212 1149 4262 vindicsn·
1213 4213 1451 4274 quasdam
1496 4212 1749 4261 Romanas
1786 4224 1900 4258 cum
1930 4208 2109 4257 Latino
2148 4224 2231 4257 no-

130 4278 241 4326 iae.
1214 4276 1347 4325 mine
1362 4276 1562 4325 tandem
1571 4272 1862 4325 confluxisse
1875 4278 2018 4335 putat
2027 4272 2078 4321 N
2080 4272 2234 4322 iebhr.

180 4354 209 4402 5
226 4341 535 4405 &namque
550 4344 767 4405 partem]
782 4340 1076 4389 Dimidium:
1095 4345 1151 4389 ut
1216 4340 1265 4389 ii.
1290 4355 1338 4401 p.
1364 4354 1439 4388 22.
