3000 4784
788 206 981 273 LIB.
1029 208 1149 276 Vl.
1214 209 1436 276 CAP.
1482 216 1588 276 42.
2115 214 2244 276 395

78 347 87 373 ³
128 339 459 405 rnaiooes
487 342 687 405 nostri
720 344 1063 409 maximam
1100 344 1267 409 hanc
1305 366 1439 409 rem
1466 346 1774 410 fecerunt.
1869 342 1937 407 N
1941 364 2066 407 unc
2105 365 2240 419 nos,
2263 360 2332 410 U.
2353 360 2415 410 c.
2438 362 2550 422 38⁷·

78 434 89 461 ·'
128 440 493 513 tanquam
521 428 649 492 iam
676 428 841 492 nihil
880 452 1035 515 pace
1066 430 1331 495 deorum
1360 455 1400 495 0
1446 454 1522 497 us
1559 432 1660 508 sit,
1691 451 1911 493 omnes
1939 426 2322 493 caerimo-A-
2355 424 2418 475 0·
2441 422 2554 485 3⁶⁵·

78 520 88 547 ¹
130 512 323 575 nias
354 512 717 599 polluimus.
799 514 1023 667 Vulffi
1037 539 1189 603 ergo
1216 518 1399 603 ponti
1448 540 1572 593 ces,
1725 516 1730 523 ’
1909 514 2246 581 sacrificuli

78 606 95 635 ἴ
130 620 373 685 reges
408 612 743 664 creentur:
792 601 943 667 cuili
1026 616 1054 667 t
1090 603 1337 689 apicem
1372 603 1626 679 dialem,
1709 601 2011 666 ummodo
2049 600 2244 667 homo

78 690 97 720 ἵ
124 684 281 761 sit,
330 684 773 771 imponamus:
822 688 1143 753 tradmnus
1186 689 1433 766 ancilia,
1469 688 1837 776 penetralia,
1881 687 2054 764 dene,
2089 686 2246 751 deo-

78 779 95 807 ‘
126 792 459 857 rumque
502 794 739 850 curam,
789 774 1021 861 quibus
1066 774 1243 839 nefas
1294 787 1406 839 est.
1502 773 1570 838 N
1571 798 1656 840 on
1705 775 1878 861 leges
1921 773 2244 873 auspicato

78 864 97 893 ‘
127 856 486 934 ferantur,
532 880 663 923 non
714 860 1113 947 magistratus
1156 875 1487 926 creentur:
1551 884 1671 925 nec
1715 860 2084 927 centuriatus
2123 882 2246 925 nee

78 952 99 980 ‘
132 943 445 1007 curiatis
464 945 735 1009 comitiis
756 946 981 1011 Patres
998 960 1287 1011 auctores
1304 948 1481 1012 fiant.
1576 946 1830 1011 Sextius
1853 960 1920 1011 et
1938 946 2244 1023 LiciniuS,

78 1038 103 1065 ‘
136 1042 493 1115 tanquam
538 1030 853 1096 Romulus
895 1055 971 1097 ac
1014 1033 1259 1111 Tatius,
1306 1034 1375 1097 in
1414 1034 1570 1098 urbe
1620 1032 1914 1097 Romana
1955 1046 2244 1119 regnent,

78 1124 107 1153 ‘
136 1116 343 1201 quia
376 1116 677 1202 pecunias
706 1117 960 1195 alienas,
992 1120 1145 1205 quia
1178 1142 1359 1207 agros
1387 1120 1560 1184 dono
1599 1119 1772 1183 dant.
1864 1118 2076 1182 Tanta
2101 1117 2248 1181 dul-

80 1212 107 1238 ‘
136 1201 353 1266 cedo
396 1215 491 1266 eat
534 1226 617 1267 ex
660 1203 883 1268 alienis
923 1205 1192 1269 fortunis
1238 1205 1623 1293 praedandi:
1687 1228 1806 1268 nec
1851 1204 1921 1266 in
1963 1217 2246 1267 mentem

80 1297 109 1325 ‘
148 1287 391 1363 venit,
422 1288 621 1352 altera
657 1288 797 1376 lege
836 1290 1211 1356 solitudines
1238 1305 1445 1356 vastas
1482 1292 1552 1353 in
1582 1291 1746 1377 agris
1773 1288 1914 1353 fieri
1949 1288 2247 1375 pellendo

84 1384 112 1411 ‘
142 1373 425 1437 finibus
468 1373 795 1451 dominos:
844 1375 1045 1440 altera
1082 1377 1279 1442 fidem
1324 1376 1631 1463 abrogari,
1677 1398 1824 1439 cum
1871 1397 2000 1461 qua
2043 1374 2248 1439 omnis

86 1470 115 1497 ‘
152 1460 476 1523 humana
502 1461 763 1525 societas
793 1461 1048 1526 tollitur.
1145 1462 1452 1528 Omnium
1482 1485 1696 1527 rerum
1719 1483 1908 1525 causa
1927 1459 2106 1525 vobis
2135 1482 2249 1523 an-

90 1556 117 1583 ‘
148 1546 221 1610 ti
280 1544 528 1609 uandas
581 1569 812 1611 censeo
869 1548 1021 1613 istas
1075 1550 1451 1635 rogationes.
1555 1548 1753 1624 Quod
1808 1547 2041 1624 faxitiS,
2093 1546 2248 1611 deos

92 1642 123 1669 ‘
148 1568 383 1695 velim
410 1630 775 1697 fortunare!

226 1716 469 1783 Oratio
504 1717 706 1805 Appii
745 1718 829 1783 ad
870 1719 940 1782 id
978 1720 1171 1785 modo
1205 1721 1421 1799 valuit,
1454 1735 1528 1786 ut
1561 1734 1812 1809 tempus
1845 1720 2246 1807 rogationum
2367 1724 2476 1784 42.

98 1802 573 1869 iubendarum
613 1805 1011 1904 proferretur.
1104 1806 1357 1872 Refecti
1396 1808 1718 1873 decimum
1757 1806 1954 1871 iidem
1985 1804 2245 1881 tribuni,
2266 1822 2550 1871 Decemviri

106 1890 415 1957 Sextius
460 1904 526 1955 et
559 1890 865 1969 Licinius,
906 1892 989 1956 de
1033 1892 1405 1959 decemviris
1450 1916 1769 1959 sacrorum
1813 1915 1896 1957 ex
2163 1892 2246 1955 de
2264 1902 2510 1935 sacrorum

100 1978 341 2065 plebe
386 1977 675 2041 creandis
708 1978 915 2064 legem
958 1978 1294 2065 pertulere.
1389 1978 1608 2045 Creati
1643 1980 1930 2065 quinque
2019 1990 2245 2053 atrum,
2264 1966 2327 2062 *ἐξ
2344 1951 2510 2062 ἓξὲξ-’ζ
2523 1954 2581 1997 ‘³‘

106 2063 442 2150 quinque
484 2062 720 2149 plebis:
768 2064 1099 2150 graduque
1128 2087 1207 2129 eo
1244 2066 1373 2129 iam
1402 2066 1506 2128 via
1532 2066 1698 2129 facta
1738 2064 1822 2127 ad
1850 2063 2248 2129 consulatum
2263 2078 2372 2127 bus.

106 2148 503 2213 videbatur.
594 2146 739 2213 Hac
761 2149 1023 2214 victoria
1038 2163 1343 2215 contenta
1368 2150 1588 2237 plebes
1603 2150 1792 2214 cessit
1819 2149 2132 2225 Patribus,
2153 2160 2248 2223 ut,

110 2238 207 2301 in
256 2234 621 2320 praesentia
662 2234 991 2299 consulum
1036 2236 1361 2301 mentione
1406 2236 1652 2312 omissa,
1691 2234 1930 2299 tribuni
1973 2233 2249 2297 militum

112 2333 535 2387 crearentur.
629 2318 849 2385 Creati
873 2320 955 2385 A.
982 2335 1049 2386 et
1071 2322 1167 2385 Μ.
1194 2320 1481 2387 Cornelii
1503 2322 1755 2397 iterum,
1777 2320 1872 2384 M.
1899 2318 2246 2405 Geganius,
2271 2336 2337 2387 U.
2361 2336 2419 2386 c,
2445 2339 2556 2398 388.

116 2408 213 2472 P.
258 2404 567 2483 Manlius,
647 2404 725 2470 L.
757 2406 1081 2485 Veturius,
1160 2407 1234 2471 P.
1268 2406 1562 2471 Valerius
1632 2419 1901 2471 sextum.
2027 2404 2248 2479 Quum
2268 2402 2328 2449 A.
2363 2402 2422 2450 0·
2448 2399 2560 2462 3⁶4·

116 2503 407 2581 praeter
453 2491 843 2557 Velitrarum
902 2494 1315 2570 obsidionem,
1372 2492 1534 2556 tardi
1585 2491 1786 2591 magis
1834 2513 1978 2563 rem‘
2019 2490 2247 2566 exitus,
2267 2464 2530 2585 ἑόξζεῗξᾎ,

120 2599 351 2665 quam
400 2577 601 2655 dubii,
647 2578 901 2664 quietae
944 2592 1243 2643 externae
1290 2602 1391 2643 res
1438 2578 1748 2643 Romanis
1794 2588 2038 2652 essent3
2083 2575 2252 2639 fama
2267 2596 2363 2664 ete.
2387 2590 2472 2639 Tr.

120 2685 387 2750 repens
414 2662 565 2729 belli
598 2664 831 2728 Gallici
876 2664 1081 2741 allata,
1112 2664 1392 2752 perpulit
1424 2664 1766 2741 civitatem,
1797 2676 1871 2727 ut
1900 2661 1995 2725 M.
2023 2660 2250 2725 Furius
2269 2654 2380 2766 gn·
2395 2716 2452 2764 ill

124 2752 429 2815 dictator
484 2750 779 2836 quintum
835 2750 1170 2815 diceretur.
1277 2750 1343 2814 Is
1394 2750 1471 2815 T.
1512 2749 1892 2825 Quinctium
1954 2748 2250 2812 Pennum
2271 2732 2532 2829 νῗῖῑοῗξ,

78 2864 105 2912 9
128 2835 525 2922 magistrum
561 2838 849 2923 equitum
889 2836 1071 2901 dixit.
1164 2836 1485 2901 Bellatum
1525 2858 1672 2901 cum
1721 2835 1926 2901 Gallis
1963 2852 2059 2899 eo·
2081 2854 2250 2897 anno
2267 2850 2357 2893 tor.

125 2924 327 2988 circa
366 2920 687 2986 Anienem
726 2923 985 2999 flumen,
1017 2936 1238 2987 auctor
1274 2935 1371 2987 est
1410 2922 1754 2999 Claudius;
1817 2921 2250 3007 inclutamque
2271 2908 2472 3022 32¹1me

128 3010 217 3073 in
249 3020 451 3095 ponte
479 3030 779 3095 pugnam,
805 3031 935 3107 qua
963 3008 1041 3073 T.
1066 3008 1347 3073 Manlius
1380 3008 1661 3087 Gallum,
1692 3030 1840 3073 cum
1869 3031 1999 3095 quo
2027 3029 2254 3095 provo·
2410 2986 2544 3021 cum.

130 3107 337 3159 catus
378 3115 602 3158 manus
646 3108 983 3171 conseruit,
1029 3094 1095 3157 in
1144 3108 1489 3182 conspectu
1538 3096 1812 3160 duorum
1855 3094 2253 3159 exercituum

134 3201 413 3245 caesum
443 3192 669 3266 torque
698 3179 1006 3267 spoliavit,
1034 3193 1169 3245 tum
1198 3194 1563 3267 pugnatam.
1655 3180 1952 3244 Pluribus
1981 3176 2254 3241 auctori-

134 3270 275 3333 bus
330 3266 527 3352 magis
573 3265 873 3342 adducor,
924 3279 997 3330 ut
1043 3267 1317 3343 credam,
1358 3264 1585 3329 decem
1630 3264 1804 3328 haud
1855 3264 2068 3327 minus
2109 3272 2254 3347 post

142 3496 411 3559 fingebant
434 3496 663 3546 Romani.
721 3496 837 3546 vid.
860 3501 1077 3545 nostrum
1104 3497 1176 3544 lo-
1239 3498 1387 3557 Apes·
1424 3502 1473 3545 et
1511 3497 1796 3559 Apicatam,
1833 3500 1886 3543 et
1921 3494 2144 3543 Servium
2189 3497 2254 3545 ad

142 3578 215 3611 co
250 3560 401 3608 modo
432 3566 720 3619 memorato,
751 3566 803 3609 et
824 3560 940 3609 Val.
973 3560 1110 3609 Max.
1142 3560 1173 3608 i.
1241 3560 1367 3608 Aen.
1388 3560 1440 3609 ii.
1463 3559 1573 3621 683.
1598 3559 1694 3608 viii.
1718 3557 1828 3618 664.
1863 3559 2026 3608 cm.

144 3646 199 3685 4.
254 3624 405 3682 Aves,
420 3639 546 3686 quae
567 3631 715 3672 cantu
735 3623 955 3686 auspicia
974 3624 1176 3683 dabant,
1309 3636 1336 3684 7
1368 3625 1647 3683 Decimum]
1703 3619 1903 3671 Δεκάκις
1931 3620 2254 3685 δημαρχήσας.

144 3691 345 3738 oscines
360 3687 665 3747 dicebantur,
679 3689 849 3749 quales
868 3702 1057 3747 corvus,
1074 3702 1174 3735 cor·
1242 3687 1391 3735 Dion.
1416 3687 1542 3735 Exc.
1567 3688 1683 3735 Vax..
1707 3686 1790 3735 xii.
1815 3700 1890 3749 33.

146 3753 265 3813 nix,
287 3758 483 3800 noctua.
516 3752 680 3801 Cur.
1304 3752 1335 3799 8
1366 3752 1640 3813 Experto]
1678 3766 1743 3799 sc.
1768 3750 2004 3800 Dimidia.
2038 3752 2100 3801 cf.
2123 3766 2256 3815 supr.

224 3814 257 3863 6
290 3816 495 3876 Apim
532 3816 735 3874 dialem]
796 3816 941 3877 Apex
982 3814 1176 3877 proprie
1240 3814 1289 3864 ii.
1324 3828 1396 3875 13.
1421 3821 1471 3871 et
1492 3814 1641 3863 buius
1661 3813 1770 3863 libri
1797 3826 1872 3877 37.

150 3880 434 3935 dicebatur,
466 3878 516 3925 in
559 3892 754 3926 summo
790 3878 1001 3926 flaminis
1044 3878 1176 3939 pileo
1298 3880 1417 3941 9Eo
1428 3880 1587 3938 anno]
1600 3878 1865 3927 Claudium
1875 3878 2254 3940 Quadrigarium

192 3944 205 3955 ‘
318 3956 346 3989 e
368 3941 500 3989 felici
525 3943 715 3999 arbore,
734 3941 879 3989 laneo
900 3942 985 3989 filo
1006 3942 1177 4004 religa-
1243 3943 1303 3990 de
1326 3958 1423 4004 quo
1452 3942 1562 3991 inst.
1586 3942 1682 3990 viii.
1707 3956 1778 4005 19.
1801 3942 2038 3990 rationem
2069 3948 2257 4002 tempo-

152 4016 246 4063 ως
279 4006 413 4067 quod
434 4004 632 4066 quidem
664 4005 803 4053 filum
826 4006 1075 4068 apiculum
1098 4020 1177 4053 vo·
1242 4020 1349 4053 rum
1390 4006 1660 4054 Fabianam
1694 4010 1916 4054 secutum
1951 4019 2056 4052 esse
2093 4004 2258 4051 existi-

154 4072 379 4119 cabatur.
454 4068 711 4117 Interdum
756 4074 940 4127 tamen,
982 4074 1039 4117 ut
1084 4070 1179 4117 hoc
1242 4074 1347 4117 mat
1364 4070 1571 4118 Niebhr.
1588 4075 1738 4131 atque
1756 4069 1828 4115 ita
1847 4080 2060 4129 pugnam
2076 4066 2258 4114 Anien-

154 4136 293 4191 loco,
329 4134 477 4194 Apeae
512 4132 723 4181 sumitur
764 4148 853 4194 pro
890 4132 995 4195 ipso
1032 4132 1178 4193 pileo.
1244 4147 1366 4192 aem,
1387 4148 1536 4195 quam
1559 4148 1644 4181 sex
1673 4131 1804 4179 haud
1836 4129 2000 4177 minus
2030 4133 2143 4189 post
2173 4142 2260 4177 an-

154 4200 311 4259 Apa·
347 4202 513 4243 autem
553 4196 713 4243 dictus
748 4203 823 4243 est
858 4198 923 4244 ab
954 4211 1013 4245 eo
1050 4196 1179 4258 quod
1244 4212 1349 4255 nos,
1370 4210 1435 4244 sc.
1461 4212 1540 4245 an.
1568 4210 1674 4260 394.
1703 4195 1770 4245 U.
1793 4194 1854 4241 0.
1879 4191 2050 4240 Livius
2079 4198 2262 4251 narrat,

158 4258 579 4323 comprehendere
603 4259 799 4307 vinculo
824 4259 1013 4322 antiqui
1034 4276 1182 4322 apere
1246 4259 1353 4307 infr.
1376 4260 1453 4306 vii.
1484 4274 1554 4307 ιο.
1579 4259 1628 4306 in
1654 4260 1784 4306 hunc
1806 4270 1988 4304 annum
2014 4253 2252 4304 retulisse.

159 4324 411 4375 dicebant.
484 4322 599 4370 Vid.
642 4324 843 4371 Festum
888 4323 937 4371 in
984 4324 1181 4371 vocibus
