3000 4784
705 235 832 303 336
1475 232 1703 301 ΤῙΤΙ
1760 230 2040 303 LIVII

377 370 450 430 'U-
473 378 534 429 C·
560 377 670 443 ³6⁵·
708 371 935 437 caedes
995 384 1131 437 est:
1201 371 1378 437 nuda
1435 392 1700 460 corpora
1749 386 1817 437 et
1866 372 2073 437 soluta
2118 394 2344 437 somno
2396 372 2813 439 trucidantur.

377 446 441 493 A.
474 444 534 495 ο·
561 444 671 507 3⁸⁷·
712 458 1050 523 Extremus
1099 471 1318 523 tamen
1365 480 1565 546 pavor
1613 458 1929 524 cubilibus
1978 459 2109 523 suis
2158 461 2424 537 excitos,
2479 484 2657 548 quae
2718 476 2819 525 aut

708 544 882 609 unde
917 544 1012 609 vis
1057 556 1241 622 esset,
1279 546 1553 633 ignaros,
1594 546 1665 609 in
1702 545 1940 633 fugam,
1986 560 2053 610 et
2098 546 2411 645 quosdam
2458 548 2531 611 in
2570 548 2819 613 hostem

707 632 731 695 i
807 653 919 695 um
958 631 1342 719 improvidos
1383 631 1546 695 tulit.
1641 630 1885 718 Magna
1926 654 2070 719 pars
2112 654 2182 695 m
2226 655 2452 719 agrum
2484 633 2819 699 Antiatem

708 654 926 795 (glad,
969 718 1331 783 incursione
1383 718 1464 782 ab
1514 717 1849 804 oppidanis
1900 717 1968 782 in
2019 718 2261 806 palatos
2310 719 2499 798 facta,
2548 722 2825 786 circum-

708 804 1068 869 veniuntur.

381 894 654 971 'rumorem
801 889 1037 955 Similis
1076 891 1146 955 in
1187 912 1336 978 agro
1365 889 1628 956 Veienti
1658 889 2013 957 Tuscorum
2042 891 2211 956 facts
2242 905 2487 979 strages
2520 906 2623 958 est
2646 918 2668 957 ε
2716 892 2821 981 qui

380 966 694 1073 '‘mssssgssn·
709 977 902 1054 urbiS,
943 978 1071 1041 iam
1113 1000 1313 1127 prope
1356 977 2054 1064 quadringentesimum
2100 1002 2343 1043 annum
2386 980 2668 1057 vicinae,
2716 1002 2827 1079 op-

379 1038 496 1134 :lg-ro
709 1085 959 1151 pressae
999 1064 1080 1128 ab
1167 1077 1300 1128 oste
1341 1063 1663 1128 invisitato
1702 1064 2141 1151 inauditoque,
2172 1064 2333 1129 adeo
2358 1065 2529 1129 nihil
2556 1066 2825 1131 miseriti

711 1162 880 1228 sunt,
911 1161 986 1214 ut
1017 1150 1085 1215 in
1121 1172 1342 1237 agrum
1375 1149 1741 1214 Romanum
1780 1173 1859 1215 eo
1900 1161 2187 1237 tempore
2226 1151 2632 1216 incursiones
2660 1154 2827 1217 fuce-

709 1249 874 1312 rent,
905 1236 1208 1323 plenique
1237 1235 1509 1323 praedae
1532 1235 1730 1300 Veios
1758 1236 1970 1313 etiam,
1994 1236 2513 1324 praesidiumque
2544 1252 2616 1303 et
2644 1260 2825 1326 spem
2954 1260 2957 1299 ι

711 1320 1005 1387 ultimam
1035 1322 1314 1387 Romani
1354 1322 1651 1399 nominiS‚
1679 1322 1749 1385 in
1790 1322 2003 1387 animo
2042 1322 2383 1387 habuerint
2423 1345 2822 1412 oppugnare.

712 1407 1028 1475 Viderant
1070 1432 1179 1474 eos
1221 1408 1452 1471 milites
1493 1407 1795 1485 Romani,
1823 1421 2125 1495 vagantes
2166 1432 2284 1496 per
2324 1432 2513 1495 agros
2556 1426 2629 1475 et
2674 1432 2825 1476 oon-
2954 1394 2957 1511 1

823 1510 1002 1583 gatos
1175 1495 1301 1570 ine,
1377 1493 1635 1558 raedam
1664 1516 1816 1581 prae
1856 1517 1923 1558 se
1960 1508 2238 1581 agenteS,
2270 1508 2337 1559 et
2364 1510 2575 1561 castra
2602 1518 2827 1562 cerne-

710 1518 868 1647 figat
913 1582 1046 1647 hau
1139 1604 1292 1667 proc
1402 1578 1584 1644 Veiis
1634 1580 1857 1667 posita.
1948 1580 2112 1645 Inde
2158 1581 2445 1681 primum
2494 1583 2827 1649 miseratio
2954 1564 2957 1707 Ι

711 1668 831 1745 sui,
855 1666 1090 1733 deinde
1119 1666 1482 1753 indignitaS,
1516 1679 1708 1752 atque
1738 1688 1819 1730 ex
1845 1689 1923 1730 ea
1950 1666 2043 1731 ira
2071 1689 2315 1732 ammos
2342 1669 2537 1755 cepit,
2589 1680 2611 1707 ‘
2630 1668 2827 1735 Etm-

714 1760 734 1791 ‘
757 1754 960 1817 scisne
990 1752 1202 1830 etiam,
1236 1776 1274 1816 a
1347 1753 1535 1816 uibus
1567 1751 1807 1816 bellum
1841 1750 2163 1817 Gallicum
2202 1754 2269 1818 in
2310 1776 2379 1817 se
2421 1757 2823 1831 avertissent,
2954 1758 2957 1899 k

715 1838 1029 1902 ‘ludibrio
1059 1860 1192 1901 esse
1223 1860 1259 1902 c
1367 1861 1434 1902 es
1463 1861 1607 1902 suas
1622 1838 1679 1901 ?’
1765 1837 1899 1902 Vix
1928 1851 2356 1926 temperavere
2382 1841 2639 1920 animis,
2666 1842 2825 1930 quin

711 1924 1034 2011 extemplo
1061 1924 1376 2011 impetum
1403 1924 1717 1989 iacerent:
1761 1946 1903 1989 com
1948 1925 2229 2012 ressique
2258 1949 2298 1989 a
2330 1924 2645 1993 Caedicio
2674 1944 2867 1993 oen—4

712 2010 980 2088 tutione,
1031 2032 1224 2097 quem
1274 2009 1532 2075 sibimet
1578 2010 1703 2098 ipsi
1750 2033 1899 2097 prae
1926 2024 2199 2089 ecerant,
2254 2034 2389 2076 rem
2440 2013 2509 2076 in
2561 2028 2827 2080 noctem
2954 1968 2957 2085 l

709 2097 1096 2162 sustinuere.
1176 2096 1470 2162 Tantum
1520 2120 1637 2184 par
1689 2094 1963 2162 Camillo
2015 2097 2223 2163 defuit
2270 2111 2493 2163 auctor
2512 2124 2531 2163 :
2610 2114 2827 2167 cetera

711 2183 941 2249 eodem
993 2183 1217 2248 ordine
1273 2184 1633 2270 eodemque
1682 2183 1971 2249 fortunae
2028 2196 2265 2249 eventu
2318 2200 2513 2273 gesta.
2640 2186 2825 2263 Quin
2954 2181 2957 2279 Ι

711 2271 924 2347 etiam,
954 2269 1225 2335 ducibus
1264 2293 1340 2334 ca
1383 2270 1547 2346 tivis,
1578 2270 1693 2357 qui
1735 2270 1915 2334 caedi
1959 2284 2307 2336 nocturnae
2350 2272 2822 2359 mperfiiemnt,

712 2356 797 2419 ad
823 2355 1010 2420 aliam
1039 2377 1301 2419 manum
1395 2378 1687 2420 uscorum
1716 2355 1801 2419 ad
1832 2354 2074 2420 Salinas
2108 2356 2395 2443 profecti,
2424 2373 2621 2423 nocte
2649 2360 2823 2424 inse-
2840 2373 2865 2420 5
2954 2386 2957 2471 y

713 2442 937 2542 quenti
982 2464 1064 2507 ex
1101 2442 1442 2591 ὶωΡτεέἷὶερ
1487 2443 1789 2506 maiorem
1836 2441 2094 2507 eaedem
2133 2442 2412 2521 edidere,
2442 2443 2825 2533 duplicique

489 2619 595 2681 46.
713 2528 1799 2702 weltlopuffaqvqgffiimmoferrffieggg.
1830 2614 2075 2680 obsidio
2118 2614 2331 2703 segnis
2377 2629 2444 2681 et
2490 2617 2822 2705 utrimque

711 2700 1036 2765 silentium
1061 2722 1216 2778 esse,
1238 2701 1321 2764 ad
1349 2637 1698 2766 idptantum
1727 2701 1989 2766 intentis
2014 2700 2239 2779 Gallis,
2262 2724 2345 2766 ne
2370 2701 2515 2803 quis
2534 2703 2821 2769 hostium

713 2785 981 2851 evadere
1021 2786 1190 2851 inter
1227 2787 1527 2851 stationes
1566 2800 1816 2874 posset:
1863 2810 2064 2874 quum
2098 2800 2361 2875 repente
2396 2789 2652 2853 luvenis
2687 2790 2823 2855 Ro-

713 2892 938 2935 manus
966 2870 1380 2936 admiratione
1411 2874 1479 2936 in
1510 2895 1575 2937 se
1605 2873 1773 2938 cives
1802 2872 2142 2961 hostesque
2171 2874 2501 2939 convertit.
2612 2875 2820 2941 Sacri-

385 2971 569 3021 rabius
711 2956 930 3020 ficium
961 2969 1096 3021 erat
1121 2970 1352 3023 statum
1383 2959 1452 3021 in
1487 2958 1807 3033 Quirinali
1842 2960 2002 3024 colle
2040 2960 2220 3047 genti
2250 2959 2501 3025 Fabiae.
2598 2963 2719 3027 Ad
2756 2963 2779 3025 i

387 3034 566 3085 ”⁰¹¹⁰-
711 3042 1075 3107 faciendum
1116 3041 1192 3108 C.
1221 3042 1452 3107 Fabius
1483 3044 1713 3123 Dorso,
1749 3043 2004 3111 Gabino
2040 3046 2275 3123 cinctu,
2306 3068 2483 3111 sacra
2522 3050 2819 3113 manibus
2832 3054 2863 3105 6

709 3150 956 3218 gerens,
980 3150 1180 3216 quum
1203 3128 1284 3193 de
1312 3127 1635 3217 Capitolio
1656 3131 2104 3211 descendisset,
2128 3156 2245 3220 per
2266 3131 2512 3197 medias
2532 3133 2819 3199 hostium

711 3216 1011 3281 stationes
1059 3238 1362 3303 egressuS,
1393 3216 1553 3281 nihil
1607 3218 1690 3281 ad
1734 3240 1959 3282 vocem
2004 3218 2379 3306 cuiusquam
2424 3231 2819 3286 terroremve

713 3314 940 3381 motus,
994 3302 1066 3367 in
1122 3302 1522 3377 Quirinalem
1573 3302 1801 3368 collem
1852 3305 2179 3391 pervenit:
2244 3305 2463 3391 ibique
2517 3308 2819 3372 omnibus

711 3387 1081 3453 sollenniter
1135 3390 1426 3476 peractis,
1485 3388 1711 3454 eadem
1776 3403 2097 3455 revertens
2153 3390 2443 3455 similiter
2498 3391 2818 3457 constanti

711 3474 892 3539 vultu
933 3474 1284 3563 graduque,
1315 3476 1464 3540 satis
1506 3497 1765 3562 sperans
1808 3476 2115 3563 propitios
2158 3498 2293 3543 esse
2334 3477 2507 3555 dem,
2540 3500 2815 3565 quorum

771 3738 818 3794 ,4
857 3722 1105 3785 Caedicio]
1164 3724 1319 3774 Hunc
1366 3727 1577 3775 eundem
1624 3740 1729 3775 esse
1792 3726 2054 3776 humerum
2074 3726 2321 3777 sinistrum
2338 3728 2391 3777 in
2406 3734 2599 3792 tergum
2616 3729 2816 3791 reiecta,

713 3781 919 3832 Niebhr.
943 3786 1206 3845 existimat,
1223 3790 1305 3850 qui
1328 3790 1537 3838 tribunis
1558 3806 1729 3839 vocem
1791 3790 1919 3839 infra
1950 3790 2209 3839 humerum
2246 3792 2473 3841 dextrum
2512 3792 2583 3841 ita
2620 3809 2815 3843 rex-oea-

710 3846 930 3923 quditam
964 3849 1026 3896 de
1060 3850 1320 3900 Gallorum
1353 3854 1573 3902 adventu
1605 3869 1728 3903 nun·
1793 3855 1936 3903 batur
1967 3856 2032 3903 ad
2066 3860 2254 3917 pectus,
2280 3861 2336 3904 ut
2369 3856 2621 3905 hominem
2652 3857 2813 3921 einge-

711 3916 870 3971 tumt‚
892 3926 1023 3974 supr.
1049 3927 1124 3974 3²·
1680 3938 1685 3945 ·
1791 3924 1894 3966 rett
1938 3920 2072 3967 unde
2106 3924 2221 3980 toga
2258 3920 2451 3969 brevior
2480 3925 2533 3969 et
2572 3920 2815 3969 astrictior

787 3988 814 4037 5
847 3977 932 4024 Aa
959 3978 1183 4037 Salinas]
1243 3978 1342 4027 Vel
1385 3978 1516 4030 intra
1556 3983 1725 4030 urbem
1792 3981 1956 4031 fiebat.
2024 3982 2105 4031 De
2137 3982 2284 4031 huius
2314 3983 2464 4032 moris
2494 3983 2685 4047 origine
2720 3986 2813 4033 vid.

713 4038 853 4089 iuxta
873 4040 1065 4089 Tiberis
1095 4042 1225 4117 ripas
1251 4044 1316 4091 ad
1343 4050 1533 4105 portam
1560 4044 1725 4107 Trige-
1792 4045 2017 4093 Servium
2038 4046 2102 4094 ad
2127 4047 2251 4095 Aen.
2272 4046 2350 4094 vii.
2370 4044 2479 4096 612.
2540 4047 2617 4095 Eo
2642 4048 2813 4096 habitu

713 4104 914 4163 minam,
933 4104 1038 4153 infr.
1064 4120 1198 4155 xxiv.
1227 4118 1303 4168 47.
1341 4108 1402 4157 cf.
1427 4108 1647 4156 Frontin.
1663 4110 1727 4157 de
1791 4110 1961 4157 consul
1986 4110 2096 4157 Iani
2124 4115 2316 4171 portam
2337 4115 2519 4158 reserat
2540 4113 2679 4173 apud
2706 4112 2811 4159 Vir-

712 4168 934 4229 Aquaed.
959 4184 1012 4230 53
1043 4170 1119 4216 vel
1150 4171 1311 4232 potius
1344 4187 1498 4233 prope
1533 4172 1725 4221 Ostiam
1788 4172 1870 4236 gil.
1916 4174 2027 4221 loco
2070 4188 2218 4234 supra
2258 4180 2545 4222 memorato.
2618 4175 2811 4224 Eodem

707 4232 898 4289 urbem,
919 4246 1050 4294 supr.
1073 4232 1102 4280 i.
1129 4248 1205 4295 33.
1229 4240 1280 4282 et.
1300 4235 1408 4285 infr.
1434 4234 1615 4297 vii.17.
1637 4250 1710 4299 19.
1788 4238 1935 4284 ambo
1960 4236 2107 4285 Decii
2128 4251 2180 4284 se
2204 4237 2445 4285 devovent
2478 4252 2567 4297 pro
2589 4239 2809 4288 exerciti·

772 4294 804 4342 6
839 4298 1028 4344 Gabt‘no
1048 4298 1239 4357 cinctu]
1274 4298 1480 4347 cinctus
1500 4298 1725 4347 Gabinus
1790 4302 1882 4348 bus
1904 4299 2159 4357 Romanis,
2180 4300 2315 4361 apud
2336 4306 2559 4348 nostrum
2582 4302 2696 4351 infr.
2716 4303 2809 4352 viii.

709 4354 820 4413 fuit,
851 4372 1002 4417 quum
1037 4374 1136 4406 una
1174 4365 1314 4421 togae
1359 4361 1539 4409 lacinia
1577 4376 1724 4423 supra
1788 4377 1835 4425 9.
1860 4369 1910 4411 et
1932 4378 1981 4411 x.
2007 4366 2084 4412 28.
2118 4363 2279 4413 Cam.
