3000 4784
712 208 837 268 604
1474 198 1699 265 TITI
1751 197 2024 296 LIVH

388 353 457 402 U.
478 353 539 402 C.
563 365 673 416 459·
714 347 731 376 ‘
756 336 927 402 Mihi
956 336 1215 423 quidem
1257 335 1604 424 tripudium
1643 337 2046 412 nuntiatum:
2093 333 2330 422 populo
2361 333 2670 400 Romano
2697 357 2822 399 ex-

386 419 449 466 A.
482 417 541 468 0·
566 431 675 481 293·
713 433 733 462 ‘
754 425 1106 523 ercituique
1124 421 1822 522 egregium-auspicium
1843 422 1977 486 est.’
2045 419 2554 486 centurionibus
2573 420 2818 486 deinde

711 511 1061 598 imperavit,
1116 523 1187 573 ut
1290 507 1542 574 ullanos
1599 522 1766 573 mter
1821 509 2024 596 prima
2079 508 2262 592 sigua
2315 509 2816 572 constituerent.

713 597 1099 664 Promovent
1126 608 1192 660 et
1278 596 1546 660 amnites
1581 595 1799 681 signa:
1845 595 2202 681 insequitur
2239 595 2404 659 acies
2445 607 2688 658 ornata
2721 617 2818 659 ar-

714 697 1025 770 mataque,
1050 694 1122 746 ut
1143 682 1419 746 hostium
1441 705 1700 768 quoque
1721 681 2127 768 magnificum
2155 680 2602 768 spectaculum
2631 695 2816 746 esset.

392 783 541 856 Isque
560 781 687 854 ictus
714 770 1089 856 Priusquam
1162 767 1397 832 clamor
1468 767 1810 845 tolleretur,
1885 781 2519 854 concurrereturque,
2583 769 2818 833 emiaeo

390 846 493 908 9¹¹⁰
514 845 659 894 ‘²⁶⁶¹ss
712 871 947 922 temere
986 854 1117 942 pilo
1154 855 1319 918 ictus
1356 853 1658 941 puUarius
1701 867 1848 918 ante
1891 855 1939 918 ε’
2109 853 2355 918 cecidit.
2455 854 2670 929 Quod
2711 855 2818 918 ubi

492 1285 595 1343 41.

712 941 955 1008 consuli
982 941 1346 1007 nuntiatum
1366 954 1479 1018 est,
1517 951 1536 978 ‘
1553 941 1668 1005 Dii
1695 942 1764 1004 in
1793 964 1945 1028 proe
1972 941 2034 1005 io
2063 941 2248 1017 sung'
2275 940 2528 1028 inquit3
2581 950 2608 978 ‘
2623 941 2820 1006 habet

716 1039 734 1070 ‘
755 1052 1027 1117 poenam
1064 1029 1329 1092 noxium
1370 1029 1602 1114 caput?
1688 1027 1863 1092 Ante
1909 1027 2232 1092 consulem
2271 1027 2430 1092 haec
2479 1027 2816 1092 dicentem

712 1139 935 1182 corvus
984 1138 1138 1180 voce
1188 1113 1356 1179 clara
1412 1114 1726 1179 occinuit:
1839 1137 1922 1178 uo
1978 1113 2180 1178 laetus
2235 1114 2505 1200 augurio
2565 1114 2816 1191 consul,

714 1203 1025 1268 affirmans
1054 1225 1381 1288 nunquam
1412 1199 1704 1266 humanis
1745 1223 1811 1265 re
1857 1223 1930 1264 us
1969 1201 2167 1287 magis
2205 1215 2575 1300 praesentes
2617 1201 2820 1266 inter-

712 1291 901 1354 fiiisse
922 1289 1093 1366 deos,
1116 1288 1297 1375 signa
1322 1310 1567 1364 canere,
1591 1301 1658 1352 et
1686 1286 2023 1352 clamorem
2053 1287 2190 1352 tolli
2216 1287 2412 1352 iussit.
2481 1287 2818 1353 Proelium

714 1377 1116 1442 commissum
1153 1391 1353 1452 atrox,
1390 1387 1672 1438 ceterum
1708 1374 1898 1461 longe
1937 1373 2038 1438 dis
2153 1374 2290 1438 ‘bus
2325 1373 2582 1438 animis.
2681 1373 2820 1438 Ro-

714 1486 933 1528 manos
960 1463 1071 1538 ira,
1103 1484 1263 1548 spes,
1294 1461 1481 1526 ardor
1507 1460 1886 1538 certaminis,
1917 1461 2018 1524 avi
2061 1483 2134 1524 os
2165 1460 2444 1524 hostium
2479 1461 2818 1548 sanguinis

716 1551 785 1615 in
824 1548 1133 1637 proelium
1172 1548 1371 1636 rapit:
1426 1546 1803 1612 Samnitium
1847 1569 2140 1634 magnam
2177 1559 2424 1634 partem
2467 1549 2818 1612 necessitas

716 1660 789 1702 ac
834 1659 903 1700 re
932 1636 945 1650 '
996 1635 1057 1700 io
1102 1636 1331 1700 invitos
1376 1635 1576 1721 magis
1625 1634 1933 1709 resistere,
1981 1655 2176 1720 quam
2219 1633 2450 1698 inferre
2495 1657 2812 1734 pugnam,

715 1724 902 1809 cogit.
1042 1743 1115 1785 ec
1144 1721 1586 1786 sustinuissent
1611 1721 1890 1821 primum
1917 1719 2252 1784 clamorem
2275 1733 2468 1806 atque
2492 1735 2812 1808 impetum

720 1809 1172 1884 Romanorum,
1203 1829 1317 1892 per
1346 1805 1590 1893 aliquot
1617 1829 1744 1870 lam
1773 1829 1971 1872 annos
1999 1807 2170 1871 vinci
2197 1807 2446 1884 assueti,
2479 1807 2552 1870 ni
2579 1821 2815 1906 poten-

716 1895 837 1959 tior
908 1892 1069 1957 alius
1139 1905 1345 1956 metus
1406 1892 1690 1957 insidens
1757 1893 2115 1980 pectoribus
2171 1915 2211 1957 a
2263 1893 2416 1979 fuga
2477 1906 2810 1959 retineret.

720 1979 978 2080 Quippe
1018 1979 1089 2042 in
1128 1979 1325 2044 oculis
1368 1992 1504 2044 erat
1544 1979 1750 2044 omnis
1797 1979 1902 2043 ille
1947 1979 2178 2044 occulti
2223 1991 2476 2067 paratus
2521 1982 2712 2058 sacri,
2747 1995 2814 2044 et

716 2080 938 2132 armati
995 2065 1369 2143 sacerdoteS,
1430 2079 1495 2130 et
1554 2066 1912 2152 promiscua
1965 2066 2296 2131 hominum
2351 2066 2812 2154 pecudumque

716 2169 973 2242 strages,
1012 2165 1081 2217 et
1124 2175 1439 2240 respersae
1484 2151 1677 2217 fando
1721 2152 2124 2239 nefandoque
2173 2153 2476 2239 sanguine
2531 2175 2704 2230 ame,
2747 2167 2810 2218 et
2825 2180 2852 2226 3

718 2242 857 2307 dira
912 2239 1279 2317 exsecratio,
1332 2263 1407 2304 ae
1455 2238 1676 2303 fiiriale
1735 2261 2008 2317 carmen,
2063 2238 2470 2304 detestandae
2529 2239 2808 2304 firmiliae
2970 2277 2971 2300 ἢ

718 2329 1023 2414 stirpique
1054 2326 1487 2413 compositum.
1566 2323 1690 2390 His
1715 2325 1982 2390 vinculis
2009 2325 2195 2413 fugae
2223 2325 2507 2391 obstricti
2535 2327 2804 2404 stabant,
2821 2359 2850 2402 4

720 2415 924 2478 civem
952 2413 1169 2500 magia,
1200 2435 1395 2499 quam
1430 2412 1701 2489 hostem,
1731 2411 2044 2476 timentes.
2135 2411 2377 2476 Instare
2407 2411 2746 2478 Romanus
2771 2437 2812 2476 a

722 2523 923 2566 cornu
948 2511 1239 2586 utroque,
1270 2521 1309 2563 a
1336 2497 1550 2564 media
1575 2498 1731 2576 acie,
1761 2513 1829 2564 et
1855 2498 2118 2564 caedere
2147 2498 2413 2564 deorum
2440 2499 2808 2564 hominum-

722 2610 849 2688 que
885 2587 1185 2652 attonitos
1220 2599 1411 2650 metu.
1505 2584 1927 2672 Repugnatur
1962 2586 2256 2672 segniter,
2293 2597 2368 2650 ut
2403 2585 2484 2650 ab
2519 2587 2616 2663 iis,
2649 2609 2808 2674 quos

723 2687 912 2739 timor
944 2685 1294 2738 moraretur
1320 2695 1359 2736 a
1384 2672 1552 2759 fuga.
1641 2671 1780 2736 Iam
1818 2694 2016 2772 prope
2057 2672 2144 2736 ad
2181 2671 2363 2760 signa
2399 2671 2628 2738 caedoe
2667 2696 2808 2774 per-

624 2817 632 2825 .
721 2773 999 2838 venerat,
1030 2781 1229 2846 quum
1264 2781 1349 2824 ex
1388 2772 1738 2859 transverso
1774 2757 2000 2908 {3le
2033 2757 2206 2823 velut
2233 2759 2510 2845 ingentis

720 2848 969 2911 incessu
997 2859 1226 2924 motus,
1258 2869 1297 2909 a
1338 2857 1564 2932 parunt.
1661 2843 1706 2908 S
1864 2845 2092 2922 antius,
2121 2845 2495 2932 (Octavium
2605 2847 2804 2911 etium

720 2931 985 3018 quidam
1018 2953 1166 2994 eum
1342 2931 1489 3018 unt)
1519 2930 1653 2996 dux
1691 2867 1958 2996 guribus
1997 2931 2379 3010 cohortibus,
2408 2946 2561 2997 erat.
2653 2932 2801 2997 Pu]-

720 3039 935 3082 verem
962 3017 1283 3092 maiorem,
1315 3039 1510 3102 quam
1547 3040 1663 3104 pro
1697 3039 1981 3095 numero,
2011 3019 2411 3083 excitabant:
2457 3019 2804 3086 insidentes

722 3103 910 3169 mulis
938 3103 1187 3169 calones
1214 3103 1542 3168 frondosos
1571 3126 1776 3169 ramos
1805 3127 1920 3192 per
1954 3117 2186 3169 terram
2215 3105 2584 3170 trahebant:
2631 3129 2806 3172 anna

721 3192 1027 3280 signaque
1070 3213 1184 3291 per
1227 3189 1541 3255 turbidam
1583 3189 1791 3256 lucem
1833 3191 1904 3254 in
1943 3190 2150 3278 primo
2191 3193 2618 3279 apparebant:
2665 3205 2806 3280 post

722 3279 906 3344 altior
925 3279 1147 3344 densio
1224 3300 1303 3342 ue
1332 3277 1540 3364 pulvis
1567 3277 1854 3363 equitum
1884 3277 2158 3364 speciem
2187 3279 2550 3365 cogentium
2579 3301 2804 3366 agmen

722 3365 929 3431 dabat.
1020 3363 1194 3429 Fefel
1222 3365 1395 3451 itque
1446 3386 1580 3428 non
1642 3363 1955 3428 Samnites
2005 3364 2217 3442 modo,
2265 3363 2378 3428 sed
2427 3365 2622 3429 etiam
2677 3365 2806 3431 Ro-

724 3475 979 3516 manos:
1028 3464 1095 3516 et
1123 3449 1343 3516 consul
1370 3450 1698 3515 affirmavit
1733 3472 2028 3528 errorem,
2058 3450 2384 3516 clamitans
2409 3452 2579 3515 inter
2605 3453 2804 3538 prima

724 3539 919 3624 signa,
949 3540 1039 3603 ita
1076 3550 1149 3602 ut
1180 3560 1305 3603 vox
1346 3537 1538 3602 etiam
1579 3536 1662 3601 ad
1705 3536 1915 3601 hostes
1957 3537 2290 3615 accideret,
2338 3547 2356 3575 ‘
2377 3551 2636 3624 captum
2679 3537 2802 3604 Co·

727 3633 747 3661 ‘
770 3625 1057 3701 minium,
1086 3625 1388 3690 victorem
1430 3623 1736 3711 collegam
1779 3623 2035 3699 adesse:
2081 3625 2518 3689 anniterentur
2555 3625 2798 3690 vincere

728 3719 747 3747 ‘
760 3709 961 3808 priuS,
1014 3731 1206 3795 quam
1298 3711 1455 3774 loria
1505 3710 1759 3775 alterius
1809 3711 2121 3775 exercitus
2169 3710 2392 3775 fieret?
2477 3709 2660 3777 Haec
2707 3713 2800 3776 in-

725 3794 937 3860 sldens
980 3817 1163 3881 equo·
1336 3795 1417 3859 de
1462 3796 1731 3861 tribunis
1769 3796 2368 3897 centurionibusque
2413 3798 2698 3885 imperat,
2731 3813 2798 3864 ut

726 3882 893 3947 viam
944 3881 1264 3968 equitibus
1314 3883 1711 3968 patefaciant.
1803 3880 1948 3970 Ipse
2000 3883 2320 3950 Trebomo
2377 3883 2794 3972 Caedicioque

794 4083 821 4129 3
847 4069 1019 4116 Fando
1036 4065 1340 4128 nqsandoque
1358 4065 1627 4126 unguine]
1665 4065 1735 4114 Et
1861 4083 1892 4127 4
1925 4069 2096 4130 Fuyae
2116 4069 2353 4130 obstricti]
2395 4067 2514 4126 Quo
2545 4069 2706 4119 minus
2731 4071 2794 4120 fu-

728 4131 961 4204 sanguine
1009 4129 1271 4204 pecudum,
1313 4143 1457 4202 quefn
1509 4129 1583 4177 fas
1597 4192 1607 4202 ·
1633 4136 1735 4203 erat
1797 4137 1982 4192 gerent,
2019 4131 2264 4181 constricti
2301 4133 2438 4195 quasi
2477 4138 2530 4182 et
2563 4135 2791 4196 prohibiti.

728 4195 1231 4307 Zssffssessfflffi
1254 4207 1735 4319 ῗὶἳὲἓῖἶθίιῗέἒω
1803 4195 1969 4244 ⁹⁰⁸⁸·
