3000 4784
836 211 1029 276 LIB.
1074 210 1200 277 111.
1274 211 1493 281 CAP.
1544 218 1646 277 52.
2169 222 2291 280 201

186 344 429 409 urbana
456 344 717 409 comitia
742 344 967 409 iisdem
1000 345 1271 409 tribunis
1298 344 1505 431 plebis
1533 346 1824 411 creandis
1851 360 2289 434 sequerentur,
2314 356 2383 408 U.
2405 358 2464 408 C-
2490 372 2600 420 305·

185 430 429 531 peritus
484 452 701 496 rerum
758 430 1165 531 popularium
1220 431 1691 533 imminensque
1743 433 1807 497 ei
1857 436 2176 520 potestati,
2226 448 2294 498 et
2308 420 2618 534 2fi.‘3t·ri⁴{‚4⁷·.

186 538 323 602 ipse
369 516 566 602 prius,
602 538 797 603 quam
836 530 1035 581 iretur
1073 517 1157 581 ad
1200 518 1445 593 urbem,
1478 540 1614 603 pan
1661 532 1972 605 potestate
2009 519 2290 585 eundem
2308 500 2620 598 mamam

188 624 526 666 numerum
556 603 636 665 ab
680 603 811 666 suis
852 602 1203 667 creandum
1246 616 1441 667 curat.
1534 603 1730 669 Porta
1768 603 2027 670 Collina
2067 607 2293 671 urbem

188 688 503 752 intravere
534 688 653 751 sub
682 688 897 774 signis,
928 710 1033 751 me
1083 688 1096 701 ⁶
1186 710 1268 751 ue
1309 690 1465 754 urbe
1500 690 1756 788 agmine
1792 690 1864 753 in
1895 690 2294 755 Aventinum

140 803 171 837 α
188 786 483 921 p-eilrlgtuuffl.
530 772 1307 936 nsti'fiffiiffffimzfi
1324 775 1688 923 uexercittgi,
1742 776 1968 862 viginti
2023 775 2294 926 tribXnis

1468 883 1553 925 ex
1649 883 1732 925 uo
1805 884 2074 927 numero
2179 884 2294 927 uos

188 957 498 1020 crearent,
556 880 697 1045 {gio
728 966 1011 1009 summae
1070 966 1286 1011 rerum
1343 959 1724 1032 praeessent.
1848 946 1944 1011 M.
1983 947 2290 1035 Oppium,

194 1028 343 1095 Sex.
366 1028 712 1095 Manilium
740 1044 977 1095 creant.

278 1115 521 1193 Patres,
550 1114 806 1181 solliciti
834 1116 917 1180 de
944 1139 1193 1181 summa
1218 1138 1456 1194 rerum,
1487 1140 1692 1204 quum
1717 1130 1976 1189 senatus
2002 1118 2292 1206 quotidie

190 1213 377 1278 esset,
406 1200 629 1287 iurgiis
656 1202 909 1303 saepius
936 1216 1151 1267 terunt
1182 1215 1316 1268 tem
1360 1225 1455 1281 us,
1488 1225 1684 1290 quam
1711 1204 2008 1270 consiliis.
2102 1204 2294 1270 Siocii

192 1286 421 1353 caedes
462 1287 855 1366 decemviris,
890 1300 959 1353 et
986 1287 1289 1375 Appiana
1358 1288 1550 1367 ‘bido,
1580 1299 1649 1353 et
1675 1286 1988 1357 dedecora
2027 1290 2292 1353 militiae

194 1372 671 1439 obiiciebantur.
790 1373 1113 1452 Placebat,
1160 1372 1491 1439 Valerium
1546 1371 2015 1461 Horatiumque
2071 1376 2165 1440 ire
2223 1375 2293 1439 in

194 1459 613 1525 Aventinum.
688 1458 793 1523 Illi
826 1460 1145 1559 negabant
1172 1481 1240 1525 se
1270 1458 1455 1525 aliter
1480 1460 1700 1539 ituros,
1731 1482 1926 1547 quam
1955 1460 2010 1525 si
2037 1458 2294 1525 decem-

192 1544 315 1608 viri
359 1543 758 1630 deponerent
802 1544 1077 1632 insignia
1122 1545 1524 1633 magistratus
1569 1545 1728 1624 eius,
1775 1569 1906 1632 quo
1952 1568 2122 1611 anno
2163 1546 2290 1611 iam

193 1643 345 1694 ante
383 1629 677 1695 abissent.
768 1628 1153 1709 Decemviri,
1186 1644 1535 1718 querentes
1573 1653 1642 1697 se
1683 1632 1754 1695 in
1792 1631 2083 1699 ordinem
2126 1632 2290 1719 cogi,

194 1738 329 1779 non
384 1729 557 1793 ante,
614 1737 811 1802 quam
867 1715 1125 1815 perlatis
1179 1716 1447 1803 legibus,
1508 1738 1780 1803 quarum
1843 1740 2033 1783 causa
2096 1717 2292 1783 creati

195 1814 425 1879 efflent,
456 1800 853 1887 deposituros
882 1824 969 1865 im
1054 1801 1219 1866 rium
1248 1825 1317 1867 se
1345 1803 1616 1867 aiebant.
1693 1802 1822 1868 Per
1851 1802 1946 1869 M.
1973 1802 2288 1881 Duilium,
2413 1814 2517 1876 52.

196 1887 311 1985 qui
370 1887 661 1951 tribunus
716 1887 920 1973 plebis
1046 1901 1202 1965 erat,
1260 1888 1494 1953 certior
1551 1887 1716 1953 facta
1769 1888 1968 1975 plebe,
2027 1902 2294 1955 conten·
2311 1896 2619 1947 PlebflinSa·

198 1971 481 2037 tionibus
536 1973 803 2037 assiduis
860 1972 1023 2037 nihil
1080 1973 1361 2060 transigi,
1412 1974 1483 2037 in
1547 1973 1810 2039 Sacrum
1869 1987 2152 2041 montem
2209 1998 2290 2039 ex
2309 1974 2604 2074 {erssmaffissn'

200 2058 529 2123 Aventino
586 2058 846 2135 transit3
910 2059 1261 2123 affirmante
1314 2058 1559 2136 Duilio,
1625 2067 1645 2097 ‘
1664 2082 1796 2124 non
1853 2061 2047 2146 prius,
2101 2084 2294 2147 quam

200 2153 221 2181 ‘
238 2143 449 2209 deseri
492 2145 715 2209 urbem
755 2144 1037 2221 videant,
1076 2166 1293 2210 curam
1334 2144 1405 2209 in
1448 2146 1693 2210 animos
1729 2145 1991 2210 Patrum
2031 2145 2296 2211 descen-

200 2239 221 2269 ‘
240 2252 471 2294 suram.
603 2230 1107 2295 Admoniturum
1182 2229 1447 2295 Sacrum
1531 2243 1818 2295 montem
1899 2232 2293 2297 constantiae

202 2325 223 2353 ‘
240 2316 487 2403 plebis:
541 2316 824 2393 scituros,
870 2316 1047 2403 quod
1090 2316 1229 2381 sine
1279 2315 1573 2380 restituta
1619 2328 1932 2404 potestate
1977 2317 2181 2404 redigi
2224 2318 2294 2381 in

154 2426 183 2473 3
202 2412 223 2439 ‘
244 2401 649 2467 concordiam
704 2424 807 2467 res
862 2402 1224 2489 nequeant!
1326 2399 1455 2466 Via
1506 2401 1934 2478 Nomentana,
1992 2402 2100 2467 cui
2157 2416 2296 2467 tum

152 2508 185 2551 4
202 2486 522 2552 Ficulensi
556 2510 792 2553 nomen
818 2487 959 2566 fuit,
990 2487 1279 2575 profecti,
1309 2499 1514 2551 castra
1551 2487 1620 2550 in
1659 2500 1874 2551 monte
1909 2486 2102 2558 Sacro
2128 2486 2298 2551 locar-

200 2596 371 2650 vere,
424 2573 797 2638 modestiam
848 2586 1099 2661 patrum
1159 2594 1418 2638 suorum
1478 2572 1640 2636 nihil
1690 2571 1988 2637 violando
2044 2572 2294 2637 imitati.

205 2658 441 2723 Secuta
476 2660 828 2723 exercitum
868 2658 1067 2747 plebei,
1098 2656 1296 2735 nullo,
1328 2657 1440 2743 qui
1481 2679 1598 2744 per
1629 2669 1904 2722 aetatem
1939 2658 2036 2721 ire
2065 2656 2296 2744 posset,

198 2756 601 2809 retractante.
690 2744 1175 2832 Prosequuntur
1202 2743 1506 2829 coniuges
1535 2742 1866 2843 liberique,
1910 2751 1931 2781 ‘
1946 2743 2200 2807 cuinam
2229 2766 2296 2809 se

204 2840 223 2868 ‘
244 2830 681 2917 relinquerent
708 2830 777 2894 in
804 2854 885 2895 ea
908 2832 1089 2907 urbe,
1120 2829 1189 2893 in
1219 2851 1350 2916 qua
1386 2851 1508 2893 nec
1536 2828 1862 2916 pudicitia,
1895 2851 2014 2894 nec
2043 2828 2300 2895 libertas

203 2925 225 2954 ‘
243 2930 465 2981 sancta
492 2917 697 2992 esse&
724 2916 1159 2981 miserabiliter
1187 2915 1552 3001 rogitantes,

294 3002 519 3077 Quum
558 3014 735 3066 vasta
774 3002 1021 3066 Romae
1061 3002 1278 3066 omnia
1320 3000 1572 3065 insueta
1607 3000 1884 3066 solitudo
1930 3001 2198 3079 fecisset,
2229 3001 2300 3065 in

199 3089 339 3153 foro
383 3100 636 3174 praeter
716 3110 907 3152 ancos
946 3088 1268 3152 seniorum
1312 3109 1504 3151 nemo
1549 3099 1752 3160 esset;
1800 3088 2036 3151 vocatis
2073 3086 2298 3173 utique

200 3196 273 3237 m
316 3190 609 3241 senatum
694 3173 954 3251 atribus,
996 3171 1318 3244 desertum
1358 3173 1750 3258 apparuisset
1792 3172 2041 3248 forum3
2086 3171 2302 3258 plures

270 3436 299 3469 α
346 3423 530 3482 Viginti
572 3422 784 3469 tribuni·
825 3422 1059 3480 militum]
1114 3419 1225 3467 Hos
1288 3422 1511 3467 mentum
1545 3418 1771 3471 ducebat.
1837 3417 1966 3466 Inde
2001 3416 2079 3467 ini
2113 3418 2298 3481 duplex

202 3486 327 3533 duas
348 3484 571 3532 decurias
590 3482 894 3531 tribunorum
930 3482 1106 3545 plebis,
1128 3482 1221 3529 sin-
1287 3480 1573 3543 appellatio.
1607 3482 1767 3530 Cam.

202 3549 430 3611 gaiorum
478 3562 541 3603 ex
586 3545 788 3609 singulis
828 3546 1067 3605 tribubus,
1110 3546 1225 3593 effe-
1353 3561 1385 3604 4
1416 3547 1483 3592 In
1525 3552 1684 3593 monte
1728 3546 1906 3605 Sacro]
1962 3562 2042 3607 ap.
2087 3546 2192 3595 Cic.
2237 3546 2300 3595 de

204 3613 329 3660 cisse
351 3616 520 3659 censet
534 3610 739 3658 Niebhr.
754 3610 805 3659 ii.
821 3625 870 3671 p.
891 3622 998 3671 352.
1016 3623 1224 3683 quorum
1291 3606 1419 3669 Rep,
1448 3606 1498 3655 ii.
1525 3619 1600 3669 37.
1632 3607 1856 3668 legimus,
1879 3611 2056 3658 milites
2081 3611 2299 3671 primum

204 3676 307 3723 duo
348 3688 573 3723 summae
614 3688 773 3721 rerum
813 3674 1065 3734 praefecti,
1096 3671 1224 3719 sicut
1285 3678 1491 3719 montem
1523 3686 1734 3731 morum,
1761 3674 1889 3720 deut
1919 3679 2030 3721 emt
2061 3674 2117 3720 iu
2149 3674 2298 3721 timi&

202 3745 353 3787 antea
372 3736 427 3789 in
444 3736 761 3786 Crustumina
772 3736 1053 3785 wcessione.
1118 3737 1222 3783 Mo·-
1286 3750 1438 3783 οαωα
1479 3741 1629 3781 antea
1658 3735 1872 3795 sactum,
1913 3736 2086 3785 deindo
2131 3738 2296 3786 Aven-

202 3804 347 3849 limm
382 3800 481 3858 hic,
508 3806 561 3848 et
592 3815 721 3861 supr.
752 3802 1005 3858 militam,
1036 3798 1225 3847 incuria
1286 3800 1444 3845 einum
1496 3804 1710 3846 armatos
1763 3800 2006 3848 insedisse.
2087 3798 2297 3847 Necnon

204 3863 455 3926 scrip-ine
486 3861 700 3923 Livium,
734 3869 791 3911 ut
825 3877 949 3925 quos
980 3861 1226 3911 exercitus
1287 3861 1425 3908 locus
1480 3865 1686 3908 vexatus
1735 3862 1788 3925 in
1842 3862 1949 3911 Cic.
2005 3877 2094 3924 pro
2146 3863 2295 3913 Corn.

204 3928 440 3989 elegerat,
470 3926 603 3975 idem
637 3926 885 3975 existimat
912 3925 946 3975 i.
976 3930 1079 3973 not.
1108 3926 1221 3987 978.
1287 3922 1499 3985 Fragm„
1535 3922 1576 3971 si
1611 3928 1673 3974 A.
1695 3924 1890 3973 Maium
1925 3926 2200 3985 audiamus,
2231 3926 2296 3975 ad

204 3993 395 4040 Contra
418 3990 749 4039 Wachsmuth
773 3995 873 4039 not.
901 4004 951 4051 p.
978 3987 1085 4049 362.
1109 4002 1223 4036 cum
1286 3986 1415 4035 banc
1454 3987 1772 4035 secenionem
1805 3988 2036 4051 pertinet,
2067 4004 2294 4038 eoum

204 4052 351 4105 Livio
407 4052 665 4112 consentit,
707 4060 855 4114 atque
902 4052 1119 4111 Icilium,
1160 4066 1223 4099 ne
1286 4057 1391 4097 tum
1406 4052 1420 4065 ⁹
1440 4067 1504 4100 ει·
1544 4053 1759 4099 Etruria
1795 4054 2005 4112 pariter,
2047 4060 2194 4114 atque
2235 4068 2297 4100 σε

204 4118 281 4166 sui
322 4117 577 4165 tribunatu
626 4116 1011 4177 prohiberentur,
1056 4116 1227 4163 decem
1291 4115 1419 4161 mari
1448 4116 1630 4175 insero,
1661 4121 1824 4163 eastra
1855 4117 1910 4163 in
1941 4122 2098 4165 πωπω
2129 4116 2298 4169 Sacro,

204 4198 269 4230 ex
290 4180 393 4229 auia
414 4181 649 4230 creandos
670 4180 909 4229 curavisse
931 4186 1108 4228 censet.
1292 4184 1439 4239 atque
1467 4178 1526 4225 in
1547 4179 1792 4227 Aventino
1816 4180 1976 4240 posita
2009 4178 2298 4226 inser-clude-

273 4259 301 4305 3
346 4246 438 4297 Via
458 4246 795 4301 Nomentana]
836 4242 934 4292 Via
964 4243 1051 4290 illa
1078 4241 1222 4289 Ficu-
1288 4242 1421 4289 bane.

208 4310 357 4368 leam,
380 4307 482 4355 sive
507 4306 813 4366 Ficuineam,
831 4308 1099 4367 eademqne
1118 4306 1221 4353 No-
