3000 4784
830 239 1021 306 LIB.
1068 238 1259 305 VIII.
1328 238 1552 305 CAP.
1603 246 1660 307 9.
2155 246 2279 306 461

122 374 442 438 ordines
470 374 705 439 turbati
734 396 867 439 non
894 388 1125 453 essent,
1148 374 1657 440 concurrendum
1682 374 1801 439 sibi
1825 396 1962 439 esse
1983 375 2282 439 sciebant.
2307 393 2376 445 U.
2397 396 2592 457 (2415.

129 460 341 523 Duo
382 460 690 547 primipili
733 482 816 525 ex
860 474 1127 548 utraque
1174 462 1309 525 acie
1360 462 1532 525 inter
1575 460 1823 525 triarios
1875 473 2092 525 erantz
2152 460 2288 525 Ro·
2303 459 2366 508 A·
2399 460 2458 509 0·
2483 471 2594 521 357-

126 566 411 609 manus
456 568 718 633 corpore
764 547 1261 647 haudquaquam
1308 546 1457 611 satis
1504 546 1768 623 validus,
1809 560 2092 611 ceterum
2129 559 2289 611 stre-

132 654 355 695 nuus
380 632 479 695 vir
505 633 873 719 peritusque
902 633 1205 698 militiae:
1256 632 1527 696 Latinus
1555 632 1794 697 viribus
1828 633 2054 719 ingens
2093 632 2289 698 bella-

56 737 101 786 5
136 730 413 817 torque
520 719 756 795 rimus3
826 719 1135 783 notissimi
1204 719 1371 783 inter
1435 740 1524 795 se,
1586 720 1738 804 quia
1796 740 1980 805 pares
2039 740 2290 805 semper

138 803 443 867 ordines
518 815 803 868 uxerant.
888 804 1204 881 Romane,
1236 804 1409 868 haud
1440 803 1589 867 satis
1617 804 1842 868 fidenti
1872 805 2128 881 viribus,
2159 806 2288 869 iam

142 888 437 953 Romae
476 890 853 976 permissum
896 903 1032 954 erat
1072 892 1151 955 ab
1191 888 1575 967 consulibua,
1616 902 1690 954 ut
1727 891 2287 955 subcenturionem

140 975 327 1051 sibi,
406 998 554 1039 uem
580 974 794 1053 vellet,
824 976 1083 1076 legeret,
1117 976 1229 1063 qui
1266 987 1578 1041 tutaretur
1614 998 1763 1040 eum
1803 978 1884 1041 ab
1925 998 2054 1039 uno
2093 976 2288 1041 desti-

146 1074 340 1125 nato
432 1074 605 1125 oste:
654 1062 834 1150 isque
882 1062 1149 1139 iuvenis,
1188 1062 1255 1125 in
1296 1062 1431 1125 acie
1480 1061 1745 1137 oblatus,
1783 1084 1866 1125 ex
1911 1064 2286 1127 centurione

76 1150 124 1199 6
152 1147 424 1211 Iaatino
466 1148 791 1212 victoriam
834 1146 997 1211 tulit.
1088 1148 1454 1235 Pugnatum
1498 1160 1596 1211 est
1638 1147 1812 1212 haud
1853 1147 2076 1233 procul
2119 1147 2287 1211 radi·
2307 1160 2480 1235 Pugna
2499 1174 2612 1209 eum

90 1250 129 1298 7
152 1233 367 1297 cibus
396 1231 662 1297 Vesuvii
690 1234 942 1311 montis,
974 1256 1103 1333 qua
1130 1234 1231 1298 via
1260 1233 1343 1297 ad
1372 1232 1665 1297 Veserim
1691 1233 1950 1298 ferebat.
2305 1223 2508 1272 Latium.

272 1318 555 1383 Romani
600 1318 890 1384 consules
931 1342 1125 1406 prius,
1164 1342 1358 1405 quam
1400 1318 1748 1383 educerent
1790 1319 1860 1383 in
1903 1319 2125 1397 aciem,
2166 1319 2288 1382 im·
2431 1320 2492 1379 9.

90 1374 135 1500 ἓ
162 1403 601 1469 molaverunt.
664 1405 871 1470 Decio
894 1418 1085 1492 caput
1112 1404 1407 1471 iocinoris
1436 1428 1474 1469 a
1503 1404 1796 1469 familiari
1823 1418 2002 1491 parte
2033 1426 2286 1469 caesum

102 1515 127 1548 1
158 1491 506 1577 haruspex
534 1490 769 1555 dicitur
796 1491 1143 1555 ostendisse
1169 1514 1185 1567 ;
1234 1490 1473 1577 alioqui
1509 1504 1835 1578 acceptam
1865 1490 1986 1554 diis
2015 1490 2286 1554 hostiam

162 1598 363 1642 esse:
414 1576 732 1641 Manlium
762 1578 1015 1664 egregie
1042 1576 1272 1641 litasse.
1344 1586 1363 1615 ‘
1382 1576 1590 1663 Atqui
1619 1578 1784 1641 bene
1814 1576 2046 1653 habet,’
2076 1576 2288 1662 inquit

164 1662 453 1740 Decius,
502 1672 521 1701 ‘
540 1663 595 1727 si
634 1664 715 1728 ab
755 1662 999 1751 collega
1034 1662 1288 1728 litatum
1327 1664 1461 1728 est.’
1551 1663 1902 1741 Iusti-uotis,
1933 1662 2098 1726 sicut
2139 1674 2286 1727 ante

164 1748 435 1813 dictum
464 1762 577 1827 est,
602 1748 947 1826 ordinibus,
970 1770 1327 1836 processere
1358 1749 1427 1813 in
1450 1748 1668 1814 aciem.
1733 1748 2016 1813 Manlius
2038 1748 2285 1825 dextro,

170 1834 437 1899 Decius
464 1834 644 1900 laevo
672 1856 872 1899 cornu
899 1848 1199 1921 praeerat.
1290 1835 1510 1899 Primo
1540 1836 1860 1923 utrimque
1891 1835 2109 1922 aequis
2137 1834 2288 1898 viri-

169 1921 329 1998 bus,
378 1920 606 1985 eodem
650 1920 872 1986 ardore
920 1922 1276 1985 animorum
1321 1922 1662 2007 gerebatur
1715 1944 1854 1986 res:
1919 1920 2156 1986 deinde
2207 1919 2288 1985 ab

180 2006 377 2071 laevo
424 2029 625 2071 cornu
675 2006 903 2071 hastati
959 2007 1257 2083 Romani,
1308 2030 1439 2070 non
1480 2008 1757 2071 ferentes
1807 2007 2286 2093 impressionem

178 2091 591 2170 Latinorum,
622 2114 689 2157 se
720 2093 801 2157 ad
881 2093 1153 2191 rincipes
1186 2114 1500 2179 recepere.
1593 2092 1674 2156 In
1709 2092 1828 2156 hac
1865 2092 2285 2178 trepidatione
2305 2102 2492 2151 Decius
2510 2117 2564 2151 se

180 2177 438 2242 Decius
472 2178 693 2243 consul
722 2178 819 2242 M.
907 2178 1171 2242 alei-ium
1212 2200 1443 2264 magna
1480 2198 1636 2241 voce
1679 2177 2018 2241 inclamat:
2071 2185 2092 2214 ‘
2109 2177 2286 2240 Deo-
2303 2168 2525 2216 devovet.

184 2274 208 2301 ‘
230 2264 421 2339 rum,'
454 2264 687 2350 inquit,
734 2272 755 2301 ‘
775 2286 815 2327 o
898 2311 917 2341 ,
949 2262 1187 2340 Valeri,
1228 2284 1387 2349 opus
1426 2276 1540 2326 est.
1634 2260 1956 2361 Agedum,
1998 2261 2288 2349 pontifex

184 2358 209 2388 ‘
232 2348 530 2437 publicus
571 2348 793 2437 populi
890 2349 1121 2425 omani,
1160 2348 1338 2435 praei
1373 2349 1584 2425 verba,
1616 2349 1848 2434 qmbus
1891 2370 1994 2413 me
2037 2370 2154 2435 pro
2197 2346 2289 2412 le-

186 2444 209 2474 ‘
228 2435 530 2523 gionibus
581 2434 966 2500 devoveam.'
1068 2434 1371 2498 Pontifex
1422 2456 1571 2498 eum
1623 2447 1836 2520 togam
1893 2444 2288 2520 praetextam

182 2543 441 2586 sumere
492 2520 689 2598 iussit,
742 2534 827 2597 et,
881 2520 1087 2585 velato
1138 2520 1367 2606 capite,
1422 2541 1620 2584 manu
1669 2520 1887 2583 subter
1941 2532 2156 2606 togam
2206 2519 2290 2583 ad

186 2619 481 2671 mentum
526 2619 792 2683 exserta,
829 2628 903 2670 su
986 2628 1021 2669 r
1062 2605 1262 2670 telum
1304 2605 1662 2669 subiectum
1703 2604 1973 2693 pedibus
2015 2617 2288 2669 stantem

186 2694 283 2757 sic
326 2692 580 2759 dicere:
631 2700 652 2731 ‘
672 2691 847 2768 Iane,
926 2715 967 2755 u
1013 2692 1151 2769 iter,
1196 2691 1373 2755 Mars
1412 2703 1618 2791 pater,
1663 2690 1956 2769 Quirine,
1999 2690 2287 2768 Bellona,

139 2804 169 2837 2
193 2788 214 2818 ‘
236 2778 455 2855 Lares,
500 2778 631 2842 divi
686 2714 1083 2855 Novensiles
1136 2778 1227 2841 dii
1280 2775 1627 2863 Indigetes,
1676 2776 1827 2854 divi,
1875 2798 2149 2864 quorum
2197 2790 2292 2841 est

259 2968 289 3018 5
324 2956 459 3015 Quia
484 2972 635 3018 pares
663 2972 853 3017 πωρον·
873 2957 1066 3005 ordines
1086 2958 1209 3005 dux-
1272 2955 1344 3003 rio
1372 2954 1554 3003 fluvius
1583 2955 1732 3004 fuisse
1763 2954 1971 3013 videtur,
2001 2954 2294 3003 auctoritate

191 3024 365 3079 mne]
412 3018 710 3081 Tarquinius
740 3035 871 3081 supr.
900 3018 933 3068 i.
964 3031 1041 3082 52.
1074 3021 1209 3067 Lati-
1274 3020 1394 3068 Aur.
1432 3018 1619 3068 Victor.
1655 3021 1717 3068 de
1752 3019 1856 3069 Vir.
1897 3019 1979 3068 111.
2017 3018 2070 3067 in
2109 3016 2290 3068 Manlii

192 3100 372 3131 norum
399 3090 447 3133 et
467 3084 794 3132 Romanorum
820 3084 1082 3144 geminatis
1108 3099 1208 3131 ma·-
1274 3081 1514 3144 Torquati
1536 3083 1666 3142 vita3
1699 3082 1928 3133 Cluverio
1957 3086 2122 3130 autem
2151 3081 2290 3144 oppi-

193 3148 388 3209 m'puln's
424 3146 731 3195 centuriones
768 3148 1021 3195 Romanos
1056 3145 1211 3208 impo-
1277 3147 1411 3194 dum.
1446 3148 1508 3194 cf.
1533 3146 1744 3207 Topogr.
1769 3148 1886 3195 Ant.
1909 3146 1976 3193 iii.
2002 3160 2050 3205 p.
2077 3158 2185 3205 543.

193 3210 316 3259 suit:
350 3211 440 3259 sed
458 3210 511 3259 in
528 3225 689 3271 aequo
710 3210 905 3259 foedere
926 3210 1059 3271 quod
1078 3224 1210 3271 supr.
1340 3210 1371 3257 8
1394 3208 1560 3270 Caput
1576 3211 1828 3268 iocinoris]
1857 3208 1996 3263 Quid
2011 3206 2062 3253 in
2082 3206 2294 3255 iocinore

197 3274 277 3323 vii.
317 3288 391 3323 η.
430 3280 717 3322 renovatum
753 3277 1068 3332 memoratur,
1102 3288 1212 3321 cen·
1276 3278 1426 3334 capue
1457 3270 1832 3334 appellaverint,
1863 3270 1998 3317 haud
2030 3269 2146 3316 satis
2179 3283 2293 3317 con-

194 3338 415 3385 turiones
434 3338 718 3385 Romanum
740 3342 791 3384 et
808 3336 1041 3385 Latinum
1069 3338 1213 3383 alter-
1278 3340 1388 3383 stat.
1449 3335 1674 3382 Fortasse
1695 3348 1937 3381 summam
1960 3332 2066 3379 eius
2085 3336 2295 3393 partem,

194 3400 273 3449 nis
300 3401 445 3449 annis
459 3402 677 3463 primvm
694 3402 853 3462 pilum
874 3399 1071 3448 duxisse
1100 3414 1210 3447 cen·
1275 3412 1402 3459 quae
1432 3402 1485 3445 et
1518 3412 1737 3445 convexa
1761 3402 1852 3455 est,
1873 3401 1924 3444 et
1945 3394 2192 3457 angustior
2221 3394 2292 3442 in-

197 3471 271 3513 set
294 3464 503 3512 Niebhr.
524 3463 593 3513 iii.
618 3478 666 3525 p.
695 3478 801 3524 104.
1275 3462 1407 3509 fima.
1494 3460 1798 3521 Quanquam
1853 3458 1934 3507 vix
1989 3457 2294 3519 intelligitur,

261 3526 294 3577 6
325 3529 618 3590 Pugnatum
654 3529 750 3587 est]
828 3526 977 3575 Hanc
1010 3524 1211 3589 legionis
1274 3525 1522 3585 quomodo
1542 3524 1664 3571 haec
1685 3538 1798 3585 pars
1817 3521 2031 3599 potuerit
2045 3522 2293 3569 interdum

199 3592 460 3640 Romanae
500 3591 875 3654 descriptionem
926 3590 1103 3653 partim
1150 3604 1212 3637 ex
1274 3590 1461 3646 abesse,
1482 3588 1614 3649 quod
1635 3587 1698 3635 de
1720 3591 1881 3648 capite
1907 3584 2131 3633 iocinoris
2157 3583 2295 3632 haud

198 3656 333 3703 libris
344 3654 621 3713 annalibus,
632 3654 683 3701 in
697 3653 890 3717 quibus,
909 3668 1009 3715 qua
1020 3654 1209 3701 ratione
1271 3666 1381 3700 raro
1402 3656 1600 3699 narrant
1620 3648 1890 3712 scriptores.
1925 3651 2089 3697 Cam.

198 3720 362 3767 adhuc
382 3718 617 3767 inusitata
638 3718 861 3765 Manlius
886 3717 937 3765 in
960 3731 1125 3779 pugna
1144 3716 1209 3764 ad
1331 3730 1368 3789 9
1400 3715 1662 3763 Fax-miliari
1678 3715 1850 3776 parto]
1906 3713 1967 3760 In
1988 3712 2202 3761 iocinore
2223 3712 2292 3760 fa-

202 3782 474 3833 Vesuvium
509 3786 727 3829 montem
762 3796 985 3831 accmoe
1025 3782 1087 3829 ab
1126 3796 1207 3828 no-
1274 3778 1515 3827 miliarem
1561 3783 1770 3839 partem,
1812 3782 1864 3825 et
1905 3776 2151 3837 hostilem,
2193 3776 2294 3825 sive

198 3848 396 3895 sissima
443 3847 549 3894 acie
600 3852 717 3895 ante
768 3846 912 3907 siqua
952 3844 1214 3906 procedere
1278 3847 1466 3905 partem
1521 3840 1706 3889 inimici
1759 3840 2134 3903 distinguebant.
2211 3839 2294 3887 Ex

198 3912 360 3969 iussit,
380 3914 630 3957 narratum
650 3913 741 3967 est,
764 3907 943 3970 partim
964 3922 1027 3956 ex
1051 3922 1105 3955 re
1124 3906 1214 3954 mi·
1278 3906 1367 3953 illa
1386 3910 1591 3955 eventus
1611 3920 1740 3963 suos,
1757 3920 1818 3953 ex
1840 3904 1936 3954 hac
1957 3904 2172 3953 hostium
2193 3902 2297 3950 fata

203 3972 329 4021 litari
352 3972 427 4021 sui
452 3972 684 4035 temporis
714 3976 876 4019 noster
897 3970 1213 4033 deprompsit.
1280 3968 1591 4031 colligebant.
1625 3970 1786 4019 Cam.

206 4038 541 4099 Quapropter,
579 4050 731 4097 quum
770 4050 869 4083 non
903 4034 1088 4097 optime
1122 4034 1213 4081 sibi
1348 4046 1369 4081 1
1408 4034 1640 4094 Caecum]
1686 4032 1787 4080 Vel
1817 4030 2043 4088 incisum,
2075 4034 2297 4084 sectum3

204 4106 395 4149 constet
454 4098 686 4158 narratio,
743 4098 943 4147 licentia
1000 4098 1213 4159 quadam
1280 4097 1357 4144 vel
1396 4096 1632 4155 decisum,
1663 4094 1734 4143 ita
1765 4100 1822 4141 ut
1861 4092 2060 4141 omnino
2093 4092 2295 4163 abesset.

203 4162 494 4212 ›coniiciendi
546 4178 671 4225 opus
716 4168 809 4221 est,
851 4167 909 4209 ut
948 4160 1217 4209 obscuritas
1281 4158 1572 4208 Harduinus
1591 4158 1643 4207 in
1665 4155 1793 4206 notis
1812 4157 1875 4204 ad
1901 4156 2032 4204 Plin.
2052 4154 2121 4201 H.
2143 4152 2209 4200 N.
2227 4166 2295 4201 ιι.

207 4227 571 4289 quodammodo
592 4226 875 4274 illustretur.
1282 4234 1359 4297 37.
1376 4222 1740 4283 interpretatur,
1753 4218 2010 4267 victimarii
2031 4216 2188 4265 cultro
2211 4230 2300 4277 per

271 4302 297 4353 7
340 4292 579 4349 Veserim]
626 4289 904 4351 Ambigitur
932 4294 1097 4337 utrum
1130 4302 1215 4348 op-
1279 4284 1663 4348 imprudentiam
1685 4285 1889 4331 laesum.
1922 4282 2084 4354 Casu.

208 4354 377 4415 pidum
400 4352 641 4401 fluviusne
662 4352 725 4401 sit
748 4352 957 4401 Veseris.
1018 4352 1215 4401 Crame-
1355 4364 1382 4396 2
1426 4350 1547 4397 Divi
1585 4347 1897 4404 Novensiles]
1958 4343 2078 4392 Dm
2121 4356 2296 4391 novem
