3000 4784
781 210 974 275 LIB.
1022 210 1144 275 IX.
1215 210 1438 275 CAP.
1489 219 1591 275 24.
2106 218 2229 281 527

89 356 106 384 ⁶
135 358 354 411 extra
384 346 620 410 vallum
661 370 890 433 agmen
930 348 1290 425 excesserit,
1323 359 1545 426 castra,
1579 348 1810 435 quibus
1850 349 2231 450 imperatum
2256 373 2323 421 U.
2346 373 2405 423 c.
2432 387 2543 435 439·

89 444 108 471 ‘
137 448 278 509 est,
313 433 705 497 incendantt
754 434 990 499 damna
1015 447 1240 511 vestra,
1283 435 1536 512 milites,
1574 435 1861 501 omnium
1896 460 2083 514 circa,
2123 438 2237 525 qui
2256 438 2315 488 A.
2348 438 2407 487 C·
2433 451 2541 499 3¹3·

89 530 106 557 ⁶
139 520 570 597 defecerunt,
623 520 1004 607 populorum
1047 520 1284 620 praeda
1335 522 1722 587 sarcientur.'
1810 522 1900 587 Et
1950 524 2235 589 oratione

89 606 478 683 dictatoris,
510 630 674 693 quae
714 608 1102 672 necessitatis
1145 607 1405 672 ultimae
1440 608 1638 673 index
1675 622 1829 687 erat,
1860 610 2095 675 milites
2133 634 2239 676 ac-

89 693 300 759 censi
330 693 582 758 vadunt
608 693 680 757 in
707 693 978 769 hostem,
1009 705 1076 757 et
1104 706 1428 781 respectus
1456 695 1593 782 ipse
1623 695 1985 761 ardentium
2004 711 2239 763 castro-

89 802 286 856 rum,
315 802 496 865 quan
543 803 688 843 uam
709 780 1015 867 proximis
1037 792 1288 845 tantum
1309 780 1431 865 (ita
1457 782 1631 846 enim
1654 782 1918 847 iusserat
1938 782 2239 869 dictator)

91 866 292 952 ignis
323 879 426 931 est
455 889 528 929 su
573 866 762 943 ditus,
785 866 961 931 haud
982 889 1246 953 parvum
1275 867 1396 931 fuit
1413 868 1895 933 irritamentum.
1989 869 2237 956 Itaque,

91 952 301 1016 velut
331 952 638 1017 vecordes
681 952 860 1031 illati,
892 954 1074 1039 signa
1098 954 1306 1040 primo
1345 953 1591 1041 impetu
1636 954 1913 1019 hostium
1944 957 2236 1031 turbant3

96 1052 180 1103 et
225 1039 306 1101 in
355 1051 666 1138 tempore,
695 1053 1034 1126 postquam
1077 1040 1368 1105 ardentia
1407 1040 1631 1127 procul
1659 1040 1820 1105 vidit
1864 1054 2065 1107 castra
2106 1066 2241 1106 ma-

97 1126 325 1211 gister
356 1138 671 1211 equitum,
703 1126 802 1212 (id
845 1139 1232 1191 convenerat
1275 1126 1581 1213 signum),
1612 1126 1891 1191 hostium
1921 1142 2099 1227 terga
2140 1130 2241 1193 in-

101 1211 322 1277 vadit.
449 1210 552 1277 Ita
607 1212 1022 1277 circumventi
1092 1211 1427 1289 Samnites,
1488 1236 1618 1299 qua
1670 1225 1885 1312 potest
1948 1237 2237 1300 quisque,
2259 1232 2479 1282 Victoria
2496 1234 2558 1281 de

101 1298 350 1385 fugam
409 1320 526 1385 per
576 1298 822 1363 diversa
872 1310 1118 1385 petunt.
1213 1297 1450 1385 Ingens
1502 1298 1867 1377 multltudo,
1916 1300 1987 1363 in
2038 1323 2239 1365 unum
2257 1298 2487 1345 Samniti-

103 1398 310 1449 metu
340 1406 464 1449 con
509 1384 738 1461 lobata,
759 1408 832 1449 ac
861 1398 1064 1449 semet
1091 1384 1292 1470 ipsam
1324 1384 1509 1449 turba
1529 1384 1903 1471 impedienS,
1928 1387 1997 1451 in
2026 1387 2241 1452 medio
2256 1364 2361 1409 ω’·

105 1493 332 1535 caesa.
493 1484 640 1571 apta
673 1470 952 1535 hostium
997 1484 1200 1537 castra
1227 1470 1640 1557 direptaque;
1688 1495 1961 1558 quorum
2006 1474 2243 1559 praeda

109 1570 438 1621 onustum
467 1558 734 1623 militem
774 1559 842 1621 in
875 1558 1170 1623 Romana
1197 1569 1399 1623 castra
1437 1556 1711 1623 dictator
1739 1558 2007 1635 reducit,
2038 1560 2239 1624 haud-

113 1666 460 1793 Huaquam
493 1656 620 1709 tam
650 1644 914 1709 victoria
940 1642 1200 1721 laetum,
1232 1666 1424 1729 quam
1444 1644 1639 1730 quod,
1672 1656 1921 1731 praeter
1942 1646 2241 1732 exiguam

119 1817 140 1830 .
171 1730 552 1829 eformatam
609 1730 910 1795 incendio
967 1742 1233 1817 partem,
1293 1742 1509 1794 cetera
1564 1743 1787 1796 contra
1834 1753 2013 1819 spem
2072 1732 2243 1797 salva

117 1829 584 1969 lanrglgoram
612 1904 764 1969 inde
783 1901 1098 1979 reditum3
1145 1904 1426 1989 novique
1455 1904 1745 1969 consules
1776 1903 1871 1969 M.
1894 1904 2237 1983 Poetelius,
2354 1909 2455 1968 24.

131 1987 219 2053 C.
248 1987 568 2075 Sulpicius
597 1990 946 2055 exercitum
977 1990 1056 2053 ab
1087 1989 1393 2053 dictatore
1417 1989 1615 2055 Fabio
1644 1991 1985 2078 accipiunt,
2010 2013 2242 2079 magna
2258 1993 2327 2043 U.
2351 1994 2411 2041 C·
2435 2008 2545 2053 440-

127 2087 320 2163 parte
373 2088 662 2141 veterum
719 2076 994 2141 militum
1052 2075 1326 2151 dimissa,
1382 2076 1691 2162 novisque
1749 2077 2113 2143 cohortibus
2170 2080 2240 2141 in
2257 2059 2332 2171 ²31⁰.
2353 2057 2547 2169 3332·

129 2161 658 2261 supplementum
715 2162 1021 2251 adductis.
1118 2160 1448 2236 Ceterum,
1475 2247 1488 2261 ο
1510 2185 1713 2247 quum
1760 2175 2021 2248 propter
2064 2164 2229 2227 diffi-
2257 2186 2345 2243 lio,
2368 2184 2427 2234 c.
2443 2185 2553 2233 Sul-

133 2247 332 2313 cilem
361 2248 534 2313 urbis
561 2248 754 2313 situm
783 2271 904 2313 nee
933 2246 1346 2335 oppugnandi
1375 2259 1527 2311 satis
1565 2260 1739 2312 certa
1764 2248 1925 2312 ratio
1953 2249 2239 2327 iniretur,
2261 2249 2389 2310 picio
2414 2249 2523 2296 111.

133 2348 211 2399 et
253 2346 364 2399 aut
405 2348 690 2422 tempore
733 2335 1102 2421 longinqua,
1149 2346 1262 2399 aut
1314 2355 1616 2421 praeceps
1657 2333 1941 2421 periculo
1982 2336 2245 2401 victoria
2260 2314 2399 2363 ⁰⁰⁶⁸·

135 2434 345 2497 esset;
395 2420 672 2487 Soranus
711 2420 1050 2507 transfuga,
1081 2420 1244 2485 clam
1285 2442 1366 2485 ex
1396 2420 1635 2508 oppido
1674 2420 2011 2508 profectus,
2042 2445 2241 2508 quum
2261 2439 2381 2488 Sora
2401 2438 2559 2486 obses-

137 2507 231 2573 ad
259 2508 476 2608 vigiles
523 2508 848 2573 Romanos
886 2519 1294 2595 penetrasset,
1325 2506 1477 2572 duci
1506 2530 1573 2571 se
1619 2506 1941 2609 extemplo
1970 2508 2053 2572 ad
2091 2520 2315 2575 con-⁸⁸
2335 2502 2541 2563 capitur.

139 2593 318 2659 sules
337 2596 532 2671 lubet,
551 2594 990 2681 deductusque
1009 2593 1390 2659 traditurum
1411 2594 1637 2659 urbem
1660 2594 1990 2681 promittit.
2052 2594 2245 2661 Visus

143 2680 322 2757 inde,
352 2704 572 2767 quum,
603 2704 884 2767 quonam
917 2679 1110 2747 modo
1148 2680 1218 2744 id
1255 2692 1685 2767 praestaturus
1724 2694 1907 2758 esset,
1938 2703 2246 2767 percunc-

146 2779 356 2831 tantes
383 2767 660 2845 doceret,
692 2768 867 2833 haud
895 2790 1058 2831 vana
1099 2766 1343 2844 afferre,
1374 2766 1673 2866 perpulit,
1706 2790 1903 2868 prope
1949 2768 2249 2833 adiuncta

149 2854 480 2919 moenibus
523 2854 816 2921 Romana
858 2866 1062 2919 castra.
1088 2865 1162 2917 ut
1189 2875 1303 2917 sex
1345 2852 1547 2917 millia
1573 2854 1653 2918 ab
1696 2854 1933 2941 oppido
1961 2876 2248 2920 remove-

151 2954 402 3005 rentur:
450 2940 604 3017 fore,
635 2953 708 3015 ut
737 2940 948 3005 minus
977 2939 1262 3004 intentae
1291 2940 1362 3004 in
1395 2940 1749 3005 custodiam
1778 2941 1951 3007 urbis
1979 2941 2245 3007 diurnae

151 3026 448 3091 stationes
505 3050 580 3093 ac
643 3040 990 3093 nocturnae
1047 3025 1300 3113 vigiliae
1359 3040 1587 3093 essent.
1680 3026 1827 3114 Ipse
1885 3028 2251 3115 insequenti

153 3124 360 3189 nocte,
416 3113 533 3177 sub
602 3113 840 3200 oppido
895 3112 1284 3177 silvestribus
1341 3113 1495 3178 locis
1552 3114 1915 3179 cohortibus
1971 3114 2247 3179 insidere

155 3199 354 3276 iussis,
383 3198 606 3263 decem
635 3200 868 3263 milites
912 3199 1192 3263 delectos
1219 3221 1436 3263 secum
1464 3222 1583 3285 per
1610 3198 1809 3263 ardua
1828 3221 1903 3263 ac
1930 3221 2129 3284 prope
2150 3200 2248 3261 in-

157 3286 264 3349 via
299 3285 362 3348 in
403 3308 612 3349 arcem
656 3285 870 3361 ducit3
962 3285 1223 3360 luribuS‚
1261 3307 1453 3370 quam
1493 3307 1611 3371 pro
1650 3306 1919 3349 numero
1946 3284 2245 3360 virorum,

157 3371 488 3437 missilibus
528 3371 670 3437 telis
697 3394 775 3435 eo
803 3371 904 3437 col
928 3371 1062 3435 atis·
1154 3369 1267 3433 Ad
1305 3369 1462 3435 haec
1491 3392 1645 3434 saxa
1677 3381 1877 3447 erant,
1908 3382 1973 3433 et
2009 3382 2245 3433 temere

161 3458 440 3535 iacentia,
473 3470 547 3522 ut
573 3459 668 3535 fit,
699 3459 768 3522 in
911 3457 1083 3532 retis„
1113 3469 1182 3521 et
1215 3454 1297 3520 de
1328 3455 1641 3521 industria
1668 3456 1883 3533 etiam,
1915 3478 2045 3541 quo
2071 3456 2249 3521 locus

163 3544 352 3609 tutior
377 3558 560 3623 esset,
579 3545 660 3609 ab
683 3543 834 3631 oppi
967 3544 1018 3607 's
1039 3554 1354 3628 congesta.
1449 3540 1582 3606 Ubi
1602 3564 1801 3629 quum
1824 3542 2251 3607 constituisset

167 3630 497 3709 Romanos,
543 3630 962 3717 semitamque
1019 3640 1352 3729 angustam
1395 3640 1464 3692 et
1514 3628 1797 3707 arduam,
1840 3642 2117 3695 erectam
2167 3652 2251 3695 ex

165 3716 392 3803 oppido
455 3718 525 3781 in
593 3738 824 3793 arcem,
884 3715 1293 3782 ostendlsset:
1365 3722 1386 3752 ‘
1409 3712 1559 3779 Hoc
1616 3716 1881 3801 quidem
1950 3718 2252 3795 ascensu,'

167 3804 384 3889 inquit,
415 3812 436 3842 ‘
456 3804 558 3870 vel
587 3818 714 3869 tres
749 3802 974 3867 armati
1003 3800 1352 3889 quamlibet
1381 3801 1859 3868 multitudinem
1894 3806 2247 3869 arcuerint:

169 3898 192 3927 ‘
215 3912 314 3953 vos
353 3902 414 3955 et
442 3890 669 3956 decem
713 3910 1000 3965 numero,
1025 3901 1110 3965 et,
1144 3887 1318 3989 quod
1407 3888 1507 3953 lus
1542 3902 1655 3967 est,
1682 3890 1980 3967 Romani,
2012 3890 2251 3954 Roma-

173 3984 194 4015 ‘
215 3998 551 4063 norumque
581 3975 902 4041 fortissimi
921 3975 1040 4038 viri
1062 3988 1227 4039 estis·
1382 3989 1409 4040 t
1435 3974 1613 4041 locus
1641 3999 1757 4076 pro
1788 3977 1983 4052 vobis,
2014 3988 2082 4037 et
2119 3996 2249 4037 nox

173 4070 194 4101 ‘
215 4062 340 4139 erit,
368 4085 530 4149 quae
562 4061 778 4127 omnia
805 4084 887 4126 ex
917 4061 1161 4127 incerto
1189 4062 1427 4127 maiora
1464 4064 1697 4128 territis
1725 4070 2015 4127 ostentat.
2108 4056 2250 4143 Ego

175 4149 331 4213 ‘iam
379 4161 612 4213 terrore
665 4147 881 4213 omnia
930 4148 1243 4236 implebo:
1290 4171 1402 4213 vos
1453 4172 1663 4215 arcem
1714 4146 1947 4211 intenti
1998 4144 2253 4208 tenete.’

175 4234 456 4299 Decurrit
499 4234 673 4312 inde,
716 4246 956 4321 quanto
995 4235 1270 4299 maxime
1313 4246 1564 4321 poterat
1603 4255 1751 4299 cum
1794 4229 2093 4307 tumultu,
2128 4236 2149 4266 ‘
2171 4228 2253 4293 ad

177 4322 369 4398 arma,’
384 4334 448 4385 et
479 4328 631 4407 ‘pro
649 4333 920 4385 vestram
943 4320 1158 4397 fidem,
1189 4320 1358 4384 cives
1379 4318 1419 4383 l’
1447 4320 1795 4395 clamitans,
1824 4326 1843 4354 ‘
1860 4338 1973 4381 arx
1996 4317 2077 4381 ab
2106 4315 2254 4381 hos-
