3000 4784
788 246 980 317 ms.
1030 248 1181 318 vn.
1248 248 1472 317 CAP.
1523 256 1625 317 32.
1915 202 1920 207 ’
2105 246 2234 319 433

112 388 135 419 ‘
158 402 395 469 preces
428 380 925 471 Campanorum,
974 406 1345 472 responsum
1394 398 1653 450 senatus
1695 385 2008 451 amicitiae
2053 386 2233 451 Sam·
2254 404 2322 456 U.
2344 390 2539 468 αμα.

108 476 133 506 ‘
156 467 407 533 nitium
454 490 715 547 memor,
756 470 1153 536 deditionem
1198 484 1518 558 postremo
1556 471 1806 549 factam,
1843 470 2233 538 Samnitibus
2251 472 2312 521 A.
2345 472 2405 522 0·
2431 486 2540 535 340-

106 562 131 591 ‘
154 568 588 641 exponerent.
679 554 983 621 Peterent
1022 579 1143 644 pro
1184 557 1483 623 societate
1529 558 1956 646 amicitiaque,
1999 570 2076 624 ut
2117 559 2232 625 de·
2249 576 2454 640 Legatio

106 650 131 679 ‘
154 640 409 705 diticiis
450 642 581 706 suis
622 656 993 729 parcerent:
1041 664 1255 744 neque
1284 643 1353 708 in
1396 666 1548 709 eum
1591 666 1833 731 agrum,
1909 645 1978 709 ui
2091 647 2232 747 puli
2249 642 2486 716 Rom-ad

104 734 129 765 ‘
154 726 453 792 Romani
490 728 693 793 factus
736 742 919 806 esset,
951 729 1205 795 hostiha
1248 752 1423 795 arma
1468 730 1792 796 inferrent.
1935 732 1958 796 i
1999 668 2232 798 Eomter
2246 706 2506 757 Samnites.

104 822 129 851 ‘
152 814 421 901 agendo
462 836 689 901 parum
732 816 1133 902 proficerent,
1178 816 1634 882 denuntiarent
1680 816 2069 884 Samnitibus
2113 842 2229 906 po-

103 907 126 937 ‘
146 899 305 987 puli
361 900 638 965 Romani
695 915 1077 989 senatusque
1134 902 1362 981 verbis,
1412 916 1485 967 ut
1535 902 1763 990 Capua
1819 905 1976 969 urbe
2029 904 2227 970 Cam-

104 994 126 1025 ‘
150 1008 465 1074 panoque
516 1009 669 1074 agro
718 988 1147 1053 abstinerent-⁹
1254 988 1437 1055 Haec
1487 989 1712 1077 legatis
1761 992 2096 1077 agentibus
2155 992 2225 1057 in

99 1073 395 1138 concilio
432 1072 815 1139 Samnitium
857 1074 1019 1139 adeo
1062 1087 1160 1140 est
1198 1074 1498 1141 ferociter
1543 1098 1936 1162 responsum,
1977 1088 2050 1141 ut
2089 1098 2224 1142 non

100 1158 329 1224 solum
356 1174 645 1246 gesturos
678 1182 745 1225 se
784 1182 921 1226 esse
950 1160 1238 1226 dicerent
1276 1161 1347 1225 id
1379 1160 1641 1240 bellum,
1672 1162 1787 1226 sed
1825 1163 2224 1249 magistratus

99 1268 343 1311 eorum
382 1268 419 1309 e
460 1245 631 1311 curia
675 1248 928 1347 egressi,
965 1248 1277 1313 stantibus
1323 1247 1565 1333 legatis,
1607 1248 1954 1335 praefectos
1999 1249 2224 1313 cohor-

100 1333 275 1397 tium
308 1346 647 1409 vocarent3
693 1333 898 1420 iisque
928 1332 1099 1398 clara
1123 1356 1280 1399 voce
1308 1333 1397 1397 im
1482 1346 1713 1411 rarent,
1745 1347 1820 1398 ut
1846 1334 2223 1421 praedatum

99 1418 173 1483 in
474 1418 877 1506 Campanum
906 1419 1230 1507 extemplo
1258 1442 1375 1507 pro
1422 1420 1826 1485 ciscerentur.

272 1526 353 1570 ac
403 1504 717 1592 legatione
765 1506 1039 1570 Romam
1085 1506 1300 1584 relata,
1344 1507 1568 1593 positis
1617 1508 1906 1571 omnium
1955 1506 2220 1573 aliarum
2341 1518 2445 1577 32.

99 1612 331 1657 rerum
377 1592 564 1669 curis,
614 1592 853 1669 Patres,
900 1592 1218 1657 fetialibus
1270 1593 1353 1657 ad
1408 1614 1512 1657 res
1567 1593 1948 1681 repetendas
1995 1594 2216 1673 missia,

99 1678 433 1765 belloque,
465 1678 618 1766 quia
650 1698 784 1743 non
818 1678 1256 1757 redderentur,
1286 1679 1560 1744 sollenni
1602 1702 1776 1745 more
1805 1679 2068 1758 indicte,
2103 1680 2218 1746 de-

100 1778 470 1842 creverunt,
499 1777 575 1829 ut
600 1766 809 1851 primo
837 1787 926 1851 qu
1013 1788 1094 1830 ue
1125 1779 1409 1854 tempore
1439 1766 1522 1830 de
1563 1789 1643 1832 ea
1679 1790 1748 1831 re
1789 1766 1872 1831 ad
1905 1767 2214 1854 populum

100 1850 427 1916 ferreturx
483 1851 784 1939 iussuque
824 1788 1045 1938 popssi
1084 1853 1375 1917 consules
1418 1854 1607 1919 ambo
1656 1876 1804 1919 cum
1843 1853 2093 1919 duobus
2135 1854 2219 1935 ab
2233 1869 2435 1919 Bellum

100 1938 266 2002 urbe
312 1938 691 2002 exercitibus
729 1938 1016 2024 profecti,
1049 1938 1341 2004 Valerius
1378 1939 1449 2003 in
1488 1938 1929 2027 Campaniam,
1965 1939 2215 2005 Corne-
2231 1950 2356 2047 ⁰¹?ss
2367 1936 2504 1985 θω-

101 2023 227 2088 lius
278 2024 352 2087 in
401 2022 751 2101 Samnium,
796 2022 903 2089 ille
950 2023 1035 2089 ad
1078 2038 1363 2090 montem
1410 2024 1722 2103 Gaurum,
1767 2027 1872 2090 hic
1919 2026 2003 2090 ad
2050 2026 2216 2091 Sati·
2231 2005 2322 2048 ιω
2355 2015 2430 2049 ¹¹⁸·

101 2110 323 2175 culam
367 2123 569 2175 castra
604 2122 873 2199 ponunt.
965 2109 1173 2175 Priori
1203 2110 1464 2176 Valerio
1509 2110 1891 2175 Samnitium
1933 2112 2216 2197 legiones

102 2198 217 2283 (eo
258 2218 541 2283 namque
582 2219 838 2262 omnem
882 2197 1035 2262 belli
1074 2196 1309 2262 molem
1351 2195 1798 2261 inclinaturam
1841 2197 2218 2284 censebant)

99 2296 471 2349 occurrunt.
602 2281 805 2349 Simul
880 2284 947 2347 in
1027 2282 1391 2370 Campanos
1462 2282 1829 2347 stimulabat
1898 2283 2010 2361 ira,
2087 2296 2216 2348 tam

102 2384 437 2457 promptos
481 2392 655 2434 nunc
699 2369 783 2434 ad
824 2369 1106 2447 ferenda,
1148 2391 1323 2434 nunc
1370 2368 1453 2432 ad
1500 2368 1876 2433 arcessenda
1912 2368 2214 2435 adversus

101 2476 171 2519 se
212 2456 471 2521 auxilia.
565 2455 662 2521 Ut
687 2478 839 2521 vero
867 2467 1070 2521 castra
1101 2456 1395 2520 Romana
1420 2454 1739 2531 viderunt,
1769 2455 2063 2520 ferociter
2093 2479 2212 2542 pro

103 2564 171 2605 se
202 2543 477 2630 quisque
517 2543 771 2629 signum
800 2542 997 2607 duces
1030 2564 1311 2629 poscere,
1342 2540 1672 2619 affirmare,
1704 2540 1930 2606 eadem
1957 2542 2213 2606 fortuna

106 2627 479 2694 Romanum
522 2628 686 2694 Cam
732 2652 857 2694 ano
898 2628 1175 2693 laturum
1218 2649 1428 2715 opem,
1460 2650 1590 2714 qua
1633 2626 2000 2714 Campanus
2044 2626 2212 2693 Sidi-

104 2714 253 2780 cino
284 2714 519 2780 tulerit.
581 2714 685 2780 Va
706 2716 895 2795 erius,
925 2714 1170 2780 levibus
1198 2714 1667 2793 certaminibus,
1691 2713 1983 2779 tentandi
2012 2714 2212 2779 hostis

102 2822 313 2881 causa,
345 2802 519 2866 haud
562 2802 653 2867 ita
690 2802 923 2867 multos
960 2812 1241 2867 moratus
1274 2800 1431 2879 dies,
1468 2800 1722 2888 signum
1765 2822 2018 2889 pugnae
2061 2822 2210 2889 pro-

102 2889 339 2973 posuit,
387 2888 605 2976 paucis
656 2910 803 2953 suos
853 2888 1261 2953 adhortatus:
1319 2896 1340 2929 ‘
1363 2887 1469 2953 Ne
1522 2909 1760 2953 novum
1807 2888 2048 2954 bellum
2098 2908 2208 2953 eos
2225 2899 2413 2953 consul
2433 2902 2534 2951 Ro-

104 2982 125 3013 ‘
144 2996 479 3061 novusque
506 2974 704 3040 hostis
734 2986 1015 3039 terreret.
1111 2974 1452 3063 Quidquid
1486 2976 1567 3040 ab
1595 2976 1752 3040 urbe
1779 2973 2034 3063 longius
2060 2996 2208 3063 pro-
2220 2982 2399 3080 3⁸¹²OE
2421 2982 2536 3017 ‘²¹⁰⁸

103 3068 124 3101 ‘
144 3060 387 3127 ferrent
414 3084 605 3138 arma,
636 3062 837 3149 magis
874 3061 1201 3149 magisque
1240 3061 1314 3125 in
1352 3060 1620 3127 inbelles
1653 3074 1876 3149 gentes
1912 3084 2022 3127 eos
2104 3084 2206 3128 ro-
2221 3045 2534 3147 uussffim.

104 3154 124 3185 ‘
144 3146 305 3213 dire.
396 3147 502 3213 Ne
560 3146 985 3213 Sidicinorum
1036 3147 1640 3235 Campanorumque
1686 3147 1974 3212 cladibus
2073 3171 2204 3212 am-
2221 3163 2317 3210 tur.

104 3241 123 3277 ‘
144 3234 380 3299 nitium
444 3234 847 3300 aestimarent
901 3234 1221 3299 virtutem.
1348 3232 1846 3319 Qualescunque
1913 3233 2082 3299 inter
2138 3254 2206 3297 se

169 3434 199 3483 3
220 3422 525 3485 Responsum
546 3456 559 3471 .
583 3456 598 3472 .
620 3456 633 3471 .
654 3422 858 3481 memor]
898 3422 1121 3484 Respon-
1186 3422 1282 3469 hoc
1314 3419 1515 3470 nomine
1545 3424 1755 3479 montes,
1787 3434 1915 3469 unus
1942 3422 2008 3470 ad
2041 3420 2208 3471 Nuce-

105 3498 231 3544 mm,
252 3500 317 3534 ex
338 3500 439 3547 quo
465 3492 725 3559 appareret
756 3492 979 3535 senatum
1011 3485 1122 3535 reti·
1186 3485 1309 3533 riam
1327 3485 1388 3535 cf.
1408 3484 1601 3533 Eckhel
1623 3485 1794 3533 Doctr.
1809 3484 1964 3534 Num.
1979 3484 2011 3534 i.
2030 3500 2079 3546 p.
2099 3498 2208 3546 ¹⁴4·

106 3548 267 3599 nuisse
310 3564 595 3598 memoriam
642 3548 888 3599 amicitiae
932 3548 1124 3598 Samni-
1187 3550 1316 3598 alter
1334 3549 1468 3598 haud
1492 3548 1664 3611 procul
1679 3546 1869 3607 Cumis,
1881 3549 1945 3597 de
1961 3564 2058 3610 quo
2073 3564 2206 3597 nunc

106 3610 247 3665 tium.
313 3612 565 3663 Audacius
594 3614 759 3662 adhuc
790 3613 917 3662 dixit
939 3612 1125 3672 Livius,
1189 3628 1219 3661 a
1252 3613 1363 3662 'tun
1431 3613 1699 3669 Quomodo
1735 3617 1903 3660 autem
1935 3612 2116 3671 evenit,
2149 3618 2206 3662 ut

106 3672 138 3723 i.
162 3678 237 3727 28.
260 3678 471 3741 exempli
497 3693 681 3739 parum
711 3680 933 3728 memor-b
964 3679 1125 3739 leynam
1240 3676 1419 3727 alerius
1438 3676 1709 3725 exercitum
1731 3691 1874 3725 suum
1897 3676 1948 3725 in
1969 3677 2102 3726 hunc
2135 3678 2206 3726 lo-

106 3739 453 3791 bumanarum.
490 3743 653 3791 Cazv.
1188 3756 1303 3790 cum
1318 3740 1674 3803 iniquissimum
1690 3741 1963 3801 deduxerit,
1975 3742 2060 3791 ubi
2074 3741 2206 3791 viam

168 3823 201 3864 4
232 3807 496 3855 Βσάίίᾶσίέι
534 3808 637 3854 mis
674 3808 961 3869 parcerent]
1020 3804 1123 3854 Hic
1186 3822 1219 3855 a
1244 3806 1401 3854 fronte
1434 3820 1587 3864 mare,
1607 3820 1638 3853 a
1659 3811 1793 3868 tergo
1816 3806 2094 3856 Vulturnus
2115 3807 2205 3855 flu-

108 3882 263 3917 errore
288 3870 502 3931 quodam
538 3869 733 3919 Livium
768 3869 943 3918 versari
981 3875 1124 3933 putat
1188 3870 1295 3919 vius
1348 3870 1702 3931 praecluderet,
1745 3870 1940 3919 silentio
1993 3877 2204 3934 praeter-

110 3930 389 3982 Niebhr.iii.
406 3948 514 3997 134,
524 3939 575 3982 et
588 3935 757 3993 socios,
768 3948 868 3983 non
880 3935 1127 3983 dediticios
1188 3934 1430 3983 mittitur:
1466 3949 1634 3983 verum
1669 3934 1876 3983 Niebhr.
1909 3934 1976 3983 iii.
2011 3950 2061 3997 p.
2095 3944 2201 3995 137.

108 3994 323 4045 Romani
358 3998 531 4059 populi
574 3998 671 4047 hoc
712 4003 935 4060 tempore
972 3998 1127 4047 factos
1188 3997 1365 4048 merito
1404 3998 1698 4061 suspicatur,
1733 4013 1837 4047 rem
1881 4012 2054 4060 parum
2091 4010 2202 4057 pro-

108 4058 755 4125 fuissscampaquuippe
772 4076 895 4123 quos
907 4076 996 4124 pro
1013 4076 1127 4110 con-
1188 4076 1329 4125 spere
1370 4064 1602 4112 adversus
1638 4062 1883 4112 Samnites
1921 4066 2108 4122 gestam
2133 4064 2202 4131 ‘et

109 4122 291 4173 ditione
435 4123 448 4136 ‘
510 4124 771 4185 sociorum,
799 4140 949 4189 quam
987 4125 1123 4176 dedi·-
1185 4122 1436 4175 consulem
1459 4128 1746 4176 Romanum
1770 4126 1822 4173 in
1845 4124 1936 4171 has
1954 4138 2018 4171 an

108 4185 331 4237 ticiorum
350 4189 403 4238 in
438 4190 631 4251 dorum,
648 4189 865 4240 Romani
888 4196 999 4253 post
1018 4190 1119 4239 bel-
1185 4190 1461 4248 (letaldus,
1474 4198 1526 4239 et
1540 4188 1804 4239 victoribus
1818 4184 2118 4237 Samnitibus
2135 4184 2204 4232 fe-

110 4249 213 4301 lum
246 4252 479 4303 Latinum
510 4254 689 4304 iterum
722 4254 775 4303 in
808 4254 957 4304 fidem
990 4268 1129 4303 acce-
1188 4253 1371 4303 rocism
1404 4253 1612 4303 auxisse.
1648 4252 1708 4301 cf.
1731 4252 1782 4300 in
1811 4266 1920 4313 cap.
1947 4262 2047 4309 seq·
2076 4262 2205 4311 pau-

114 4315 285 4374 perint.
329 4317 391 4367 cf.
410 4318 523 4368 infr.
546 4318 645 4368 viii.
674 4333 751 4381 ¹4·
1190 4332 1269 4368 cos
1288 4324 1405 4367 ante
1426 4318 1528 4368 dies
1543 4317 1793 4379 yeminata
1814 4314 2036 4362 victoria.

178 4395 205 4441 5
244 4382 325 4429 Ad
352 4390 559 4433 monem
586 4384 838 4443 Gaurum]
886 4381 1126 4444 Duplices

198 4462 347 4511 von.
379 4464 425 4509 1.
1761 4458 1799 4501 r
1833 4438 1870 4500 f
