3000 4784
813 254 1007 324 LIB.
1054 256 1209 323 vn.
1278 258 1503 325 CAP.
1551 264 1654 325 35.
2153 264 2282 330 437

160 387 331 470 illuc
372 386 553 479 signa
584 404 861 469 vertunt,
900 394 1235 481 utriusque
1273 395 1365 459 rei
1409 396 1638 460 amissa
1678 395 2027 474 occasione,
2064 416 2148 461 ne
2195 418 2278 462 ue
2297 412 2367 463 U.
2390 410 2452 461 c,
2479 425 2590 473 412.

158 475 427 564 insequi
472 477 817 556 consulem,
860 480 983 543 nisi
1025 502 1141 567 per
1182 480 1453 545 eandem
1494 481 1746 559 vallem,
1787 482 1858 545 in
1893 506 2020 570 qua
2063 494 2192 569 pau
2215 483 2278 549 lo
2295 478 2358 527 A.
2389 478 2449 529 0·
2477 488 2618 557 3⁴²,

158 574 325 627 ante
381 564 737 629 subiectum
788 588 937 629 eum
988 566 1130 630 telis
1180 568 1308 631 suis
1366 567 1738 645 habuerant,
1790 581 2094 656 possunt3
2155 592 2278 635 nec

158 648 417 735 erigere
446 672 679 737 agmen
707 652 777 715 in
805 665 1063 738 captum
1092 674 1283 753 super
1310 675 1377 718 se
1408 654 1489 718 ab
1513 653 1719 719 Decio
1743 655 2079 720 tumulum.
2146 654 2278 721 Sed

158 757 379 821 quum
417 736 513 801 ira
548 736 619 800 in
652 737 773 802 hos
816 738 1035 825 magiS,
1068 762 1181 825 qui
1214 739 1534 804 fortunam
1571 740 1890 828 gerendae
1929 742 2023 806 rei
2063 741 2278 829 eripu-

158 834 378 900 erant,
410 834 546 887 tum
574 824 1017 911 propinquitas
1045 824 1169 889 loci
1197 837 1389 912 atque
1420 826 1558 913 ipsa
1584 827 1868 927 paucitas
1897 828 2161 892 incitat:
2209 840 2276 893 et

156 928 351 972 nunc
378 909 769 974 circumdare
810 910 1095 997 undique
1132 910 1360 976 collem
1395 926 1652 978 armatis
1679 913 1921 991 volunt,
1954 927 2028 979 ut
2055 935 2094 978 a
2121 937 2276 979 con—

154 993 313 1058 sule
356 994 633 1060 Decium
676 996 1143 1074 intercludant3
1198 1020 1371 1063 nunc
1412 998 1584 1062 viam
1625 999 1999 1086 patefacere,
2047 1014 2120 1065 ut
2161 1000 2276 1066 de-

151 1100 419 1167 gressos
434 1081 525 1183 ‚in
562 1080 791 1147 vallem
832 1082 1214 1149 adoriantur.
1306 1083 1594 1149 Incertos
1633 1084 1792 1172 quid
1830 1099 2110 1173 agerent,
2141 1110 2276 1152 nox

152 1189 207 1230 o
302 1180 499 1233 ressit.

204 1188 255 1252 Ρ
330 1254 535 1318 ecium
565 1254 843 1342 primum
871 1278 1015 1356 spes
1049 1255 1277 1334 tenuit,
1308 1278 1456 1321 cum
1494 1257 1914 1323 subeuntibus
1948 1257 2019 1322 in
2053 1259 2277 1325 adver-

152 1360 316 1403 sum
345 1340 572 1405 collem
600 1364 681 1405 ex
718 1362 1039 1429 superiore
1078 1342 1220 1408 loco
1260 1364 1326 1407 se
1365 1356 1838 1430 pugnaturum:
1887 1343 2121 1409 deinde
2162 1346 2276 1410 ad—

152 1425 423 1491 miratio
461 1427 736 1505 incessit,
773 1428 951 1515 quod
994 1450 1113 1493 nec
1158 1451 1441 1516 pugnam
1487 1429 1744 1508 inirent,
1787 1452 1928 1508 nec,
1969 1431 2023 1495 si
2070 1431 2151 1496 ab
2194 1456 2274 1499 eo

150 1512 436 1577 consilio
463 1513 803 1601 iniquitate
837 1514 960 1579 loci
990 1514 1477 1593 deterrerentur,
1510 1537 1700 1602 opere
1731 1540 1798 1581 se
1827 1515 2120 1604 valloque
2149 1519 2274 1583 cir-

148 1598 563 1664 cumdarent.
656 1600 828 1664 Tum
858 1601 1335 1667 centurionibus
1368 1602 1451 1666 ad
1486 1624 1554 1667 se
1583 1603 1840 1680 vocatis,
1889 1611 1911 1643 ‘
1936 1602 2272 1687 Quaenam

152 1693 181 1723 ‘
208 1684 329 1749 illa
353 1685 603 1751 inscitia
630 1686 780 1750 belli
810 1709 883 1751 ac
912 1688 1169 1775 pigritia
1195 1689 1335 1752 est?
1379 1701 1489 1753 aut
1520 1710 1798 1776 quonam
1833 1689 2026 1754 modo
2055 1690 2159 1755 isti
2189 1714 2272 1756 ex

152 1779 181 1811 ‘
214 1770 520 1836 Sidicinis
546 1770 1018 1860 Campanisque
1048 1774 1372 1839 victoriam
1402 1776 1836 1862 pepererunt?
1897 1774 2048 1841 Huc
2079 1789 2272 1864 atque

104 1884 123 1918 1
154 1866 179 1895 6
200 1856 363 1921 illuc
391 1858 573 1945 signa
598 1859 858 1937 moveri,
890 1882 965 1923 ac
994 1860 1185 1926 modo
1214 1862 1283 1925 in
1314 1883 1516 1925 unum
1545 1862 1836 1940 conferri,
1861 1862 2053 1928 modo
2083 1863 2272 1928 educi

150 1952 179 1983 ‘
206 1942 461 2009 videtis.
556 1944 741 2032 Opus
778 1945 1041 2045 quidem
1082 1947 1211 2011 inci
1258 1947 1311 2011 it
1350 1969 1562 2025 nem0,
1594 1971 1796 2035 quum
1834 1948 1962 2013 iam
2000 1950 2274 2014 circum-

152 2040 179 2071 ⁶
206 2029 349 2094 dati
374 2030 541 2095 vallo
568 2044 963 2118 potuerimus
991 2054 1147 2097 esse.
1278 2055 1390 2097 um
1416 2056 1568 2098 vero
1596 2056 1714 2098 nos
1743 2034 1978 2099 similes
2006 2035 2273 2100 istorum

152 2126 179 2157 6
206 2117 431 2194 simuS,
490 2117 544 2181 si
600 2117 843 2182 diutius
899 2118 1005 2182 hic
1063 2140 1402 2196 moremur,
1463 2141 1657 2205 quam
1708 2119 2115 2184 commodum
2167 2121 2267 2187 sit.

151 2213 180 2244 ‘
208 2202 591 2289 Agitedum,
639 2204 729 2269 ite
774 2226 1068 2282 mecum3
1123 2217 1215 2282 ut,
1265 2204 1423 2268 dum
1468 2204 1628 2268 lucis
1673 2204 1919 2305 aliquid
1964 2219 2270 2293 superest,

152 2300 181 2329 6
206 2289 449 2376 quibus
484 2290 641 2355 locis
722 2290 993 2355 raesidia
1028 2302 1289 2391 ponant,
1322 2311 1451 2378 qua
1477 2302 1693 2377 pateat
1719 2290 1871 2357 hinc
1902 2291 2127 2369 exitus,
2159 2314 2274 2357 ex-

150 2386 179 2416 ‘
206 2375 573 2476 ploremus?
730 2399 843 2441 aec
872 2398 1088 2440 omma
1114 2375 1333 2526 stiffi-ilo
1366 2376 1607 2463 gregali
1636 2376 1920 2454 amictus,
1951 2378 2272 2443 centurio-

146 2463 359 2528 mbus
387 2463 541 2527 item
582 2462 1069 2551 manipularium
1098 2463 1183 2526 m‘
1216 2464 1375 2527 ’tum
1404 2462 1628 2526 habitu
1658 2461 1885 2539 ductis,
1921 2485 2003 2527 ne
2037 2463 2270 2529 ducem

146 2549 501 2615 circumire
552 2548 765 2614 hostes
820 2561 1135 2626 notarent,
1188 2548 1606 2636 perlustravit.
1725 2548 1980 2635 Vigiliis
2031 2548 2267 2615 deinde
2391 2552 2496 2615 35.

104 2666 125 2702 ε
148 2634 507 2721 dispositis,
556 2635 784 2700 ceteris
826 2635 1123 2699 omnibus
1168 2648 1465 2699 tesseram
1512 2633 1650 2699 dari
1695 2634 1911 2700 iubet:
1971 2642 1992 2673 ‘
2013 2635 2124 2699 ubi
2169 2658 2270 2701 se-

104 2732 177 2801 3‘
204 2720 459 2786 eundae
486 2722 545 2785 ν’
598 2721 739 2786 'liae
778 2722 1050 2786 buccina
1082 2721 1306 2786 datum
1348 2720 1602 2807 signum
1645 2733 1829 2799 esset,
1861 2722 2084 2786 armati
2118 2745 2266 2787 cum

150 2817 177 2851 6
204 2806 465 2873 silentio
608 2830 675 2872 se
705 2808 1157 2873 convenirent?
1250 2806 1402 2883 Quo
1430 2807 1563 2884 ubi,
1593 2808 1759 2872 sicut
1793 2807 2073 2872 edictum
2108 2821 2264 2887 erat,

148 2894 347 2961 taciti
375 2906 829 2971 convenerunt,
864 2902 883 2933 ‘
903 2893 1049 2958 Hoc
1071 2893 1414 2970 silentium,
1438 2893 1712 2972 milites,'
1732 2894 1964 2982 inquit,
1998 2902 2019 2933 ‘
2034 2895 2264 2961 omisso
2283 2904 2456 2981 Qfatio
2477 2903 2580 2980 9⁰:-

150 2992 175 3021 ‘
204 2978 469 3045 militari
518 3002 795 3058 assensu,
854 2980 925 3044 in
974 3002 1079 3044 me
1131 2979 1452 3045 audiendo
1498 2980 1876 3046 servandum
1924 2993 2037 3046 est.
2131 2981 2264 3047 Ubi
2279 2971 2430 3086 {2⁹⁸⁶
2450 2971 2580 3020 mh-

148 3078 177 3109 ‘
204 3067 593 3131 sententiam
648 3088 856 3132 meam
914 3066 1091 3131 vobis
1147 3088 1473 3154 peregero,
1535 3079 1692 3144 tum,
1752 3067 1982 3154 quibus
2039 3068 2266 3133 eadem

150 3164 179 3195 ‘
202 3153 573 3240 placebunt,
603 3153 673 3217 in
700 3154 993 3218 dextram
1018 3166 1265 3239 partem
1294 3153 1468 3217 taciti
1498 3152 1880 3217 transibitis:
1928 3176 2092 3238 quae
2121 3176 2267 3239 pars

150 3250 177 3281 6
206 3238 414 3303 maior
477 3239 618 3316 erit,
676 3262 759 3304 eo
814 3238 1083 3304 stabitur
1138 3237 1417 3303 consilio.
1540 3236 1758 3313 Nunc,
1817 3260 1983 3322 quae
2049 3249 2269 3303 mente

152 3335 181 3367 6
204 3324 467 3413 agitem,
520 3325 757 3391 audite.
847 3324 915 3390 N
916 3347 1004 3391 on
1051 3324 1205 3411 fuga
1247 3322 1510 3401 delatos,
1561 3344 1684 3387 nec
1735 3321 1966 3387 inertia
2013 3322 2266 3389 relictos

242 3574 265 3608 ι
302 3561 459 3623 Siqua
479 3594 494 3609 .
517 3595 532 3610 .
554 3595 570 3609 .
590 3561 749 3621 modo]
791 3562 950 3622 Siqua
969 3594 984 3609 .
1008 3593 1023 3609 .
1045 3594 1061 3608 .
1089 3574 1183 3609 mo-
1247 3572 1433 3607 morem
1463 3554 1764 3619 descriptum
1795 3554 1896 3631 yid.
1927 3555 2062 3631 apud
2089 3555 2272 3631 Iffolyb.

148 3626 226 3674 do
256 3625 315 3672 in
346 3640 503 3673 unum
522 3626 756 3685 conferri,
778 3624 917 3687 quasi
938 3622 1185 3685 quiescere
1248 3620 1311 3670 vi.
1337 3633 1413 3683 35.
1437 3626 1488 3669 et
1509 3622 1617 3669 fuse
1639 3626 1916 3681 expositum
1943 3634 1976 3668 a
1997 3620 2183 3683 Lipsio,
2205 3620 2269 3669 de

149 3690 298 3739 intra
321 3694 480 3737 castra
506 3687 765 3736 statuerint
786 3687 1060 3745 Samnites3
1090 3702 1187 3735 mo·-
1251 3685 1362 3735 Mil.
1388 3686 1535 3733 Rom.
1559 3700 1603 3731 v.
1625 3699 1674 3748 9.
1730 3684 1846 3733 Hae
1867 3689 2034 3733 autem
2057 3690 2270 3734 tesserae

150 3756 227 3801 do
245 3753 407 3811 educi,
426 3752 565 3814 quasi
585 3752 735 3801 iidem
761 3757 937 3815 parent
956 3752 1187 3801 invadere
1248 3764 1348 3797 non
1381 3749 1446 3797 ad
1480 3748 1670 3811 vigilias
1701 3750 1860 3797 solum
1894 3749 2270 3809 adhibebantur,

154 3816 441 3866 Romanos.
476 3816 640 3866 Cur.
1250 3814 1336 3861 sed
1358 3818 1408 3861 et
1429 3814 1494 3861 ad
1517 3812 1724 3875 imperia
1739 3820 1790 3861 et
1809 3815 2046 3863 mandata
2065 3815 2270 3871 ducum,

242 3894 269 3927 α
310 3881 581 3939 Tener-am]
640 3878 847 3929 Tessera
882 3877 1078 3941 proprie
1113 3883 1188 3926 est
1252 3882 1303 3925 et
1323 3876 1563 3940 quidquid
1589 3876 1801 3939 denique
1831 3879 2017 3927 vellent
2049 3877 2270 3927 celeriter

150 3943 357 3993 tabella
386 3944 581 4006 exigua,
616 3944 669 3992 in
702 3958 801 4007 qua
836 3942 1187 3991 inscribebatur
1250 3956 1339 4003 per
1379 3956 1575 3990 omnem
1616 3940 1885 3990 exercitum
1929 3942 2265 3989 innotescere:

154 4006 379 4069 signum,
421 4022 509 4056 seu
551 4009 829 4069 symbolum
876 4012 1185 4055 nocturnum.
1249 4011 1306 4053 ut
1332 4010 1471 4068 patet
1495 4011 1604 4054 tum
1637 4021 1700 4054 ex
1731 4006 1828 4053 hoc
1859 4006 1988 4063 loco,
2007 4010 2115 4051 tum
2137 4018 2200 4051 ex
2223 4016 2266 4050 e.

157 4071 249 4121 Ea
280 4072 371 4118 sub
401 4086 629 4119 oceasum
659 4072 793 4131 solis,
813 4076 1079 4131 antequam
1102 4084 1185 4132 po-
1250 4070 1490 4131 sequenti.
1526 4070 1688 4119 eanv-
2218 4126 2229 4137 ·

152 4140 401 4184 nex-entur
434 4134 647 4196 vigiliae,
684 4150 716 4183 a
750 4134 947 4183 tribuno
978 4135 1187 4182 dabatur
1315 4147 1343 4194 3
1375 4134 1629 4182 Secundae
1649 4130 1874 4193 viyiliae]
1922 4128 2054 4177 Tota
2085 4142 2182 4175 nox
2214 4141 2266 4175 m

154 4197 316 4247 militi
341 4197 557 4258 cuidam,
578 4196 683 4261 (cui
706 4200 771 4247 ob
791 4198 842 4247 id
864 4197 1025 4261 ipsum
1048 4204 1185 4246 tesse-
1250 4201 1482 4258 quattuor
1507 4196 1695 4257 vigilias
1715 4194 2040 4267 dividebatur,
2062 4204 2266 4251 quarum

154 4263 305 4311 rar-io
345 4274 529 4309 nomen
572 4259 703 4326 erat)
748 4276 932 4324 perque
972 4260 1189 4323 singulos
1251 4258 1502 4321 quaelibet
1522 4259 1677 4306 tribus
1693 4259 1828 4331 byns
1849 4256 2117 4331 constabat.
2167 4254 2266 4302 Ita-

156 4324 337 4373 ordine
368 4324 651 4387 manipulos
684 4326 804 4383 ibat,
826 4326 983 4373 donee
1010 4324 1074 4372 ad
1105 4323 1187 4371 tri·
1252 4338 1350 4383 que
1374 4322 1592 4395 secunda
1611 4320 1778 4383 vigum,
1797 4323 1971 4381 inciplt
1993 4330 2104 4366 cum
2127 4330 2267 4379 quar-

158 4391 357 4439 bunum
373 4394 491 4439 ante
506 4394 703 4439 noctem
720 4390 990 4439 referretur.
1036 4387 1193 4437 Hunc
1254 4392 1307 4434 ta
1328 4390 1485 4434 noctis
1506 4384 1642 4433 hora.
1676 4384 1840 4433 cuv.
