3000 4784
782 252 975 319 LIB.
1026 252 1139 319 lv.
1210 250 1433 319 cAP.
1488 258 1586 321 17.
2111 258 2240 319 243

135 388 354 453 Maius
388 387 677 453 additum
706 387 1043 453 defectioni
1074 388 1293 453 scelus.
1390 390 1466 455 C.
1505 390 1882 469 Fulcinium,
1919 390 2238 457 Cloelium
2263 402 2328 451 U.
2353 402 2411 451 c.
2437 414 2545 463 3¹7·

68 500 111 547 9
136 475 422 552 Tullum,
468 475 577 562 Sp.
604 474 895 553 Antium,
934 474 1009 540 L.
1047 475 1369 553 Roscium,
1418 476 1654 564 legatos
1705 476 2044 555 Romanos,
2090 500 2240 543 cau-
2259 468 2412 579 ὒῃξ·
2436 478 2547 577 fg·

130 584 267 625 sain
306 562 461 627 novi
500 561 747 626 consilii
778 575 1169 649 quaerentes,
1202 563 1373 628 iussu
1403 562 1732 629 Tolumnii
1767 564 2236 629 interfecerunt.
2257 565 2524 641 miiioac.

134 646 389 713 Levant
417 648 679 749 quidam
708 649 875 737 regis
900 648 1181 715 facinus:
1230 650 1297 714 in
1328 662 1696 715 tesserarum
1781 672 2036 738 rospero
2071 650 2240 715 iactu
2257 629 2430 732 ‘ri-ihil·
2443 657 2556 706 Mil·

81 768 104 799 ι
134 758 355 799 vocem
402 758 543 799 eius
586 735 965 822 ambiguam,
1004 749 1077 801 ut
1118 735 1319 801 occidi
1364 737 1611 801 iussisse
1651 672 1988 815 videretur,
2019 737 2100 802 ab
2123 736 2242 803 Fi-
2259 722 2464 835 {3⁰⁸
2495 784 2574 835 Fi-

134 820 477 885 denatibus
525 835 877 921 exceptam,
922 844 1174 887 causam
1228 824 1446 887 mortis
1492 823 1714 911 legatis
1755 824 1962 888 fiiisse.
2073 822 2240 888 Rem
2261 822 2520 899 donantibus

134 906 615 984 incredibilem3
680 920 1041 973 interventu
1084 906 1506 987 Fidenatium,
1553 934 1858 975 novorum
1909 910 2242 989 sociorum,
2261 915 2404 965 caeni.

134 994 611 1059 consulentium
640 993 721 1058 de
752 994 943 1059 caede
986 1008 1249 1082 ruptura
1290 995 1389 1059 ius
1430 996 1740 1095 gentium,
1782 1020 1912 1061 non
1958 1019 2244 1061 aversum

138 1081 218 1143 ab
246 1080 609 1145 intentione
638 1080 811 1144 lusus
846 1080 1168 1145 animum:
1217 1104 1337 1145 nec
1365 1082 1600 1147 deinde
1643 1082 1712 1147 in
1757 1082 2076 1148 horrorem
2107 1106 2248 1149 vei·-

136 1189 277 1231 sum
318 1167 584 1231 facinus.
677 1166 947 1253 Propius
986 1180 1082 1231 est
1120 1167 1333 1245 fidem,
1365 1168 1670 1255 obstringi
1703 1168 2102 1235 Fidenatium
2133 1192 2248 1257 po-

138 1254 386 1340 pulum,
432 1276 517 1317 ne
560 1253 867 1340 respicere
913 1276 1089 1341 spem
1135 1253 1327 1317 ullam
1370 1256 1448 1318 ab
1488 1254 1796 1319 Romanis
1835 1269 2062 1341 posset,
2095 1278 2248 1319 con-

140 1340 407 1405 scientia
458 1340 619 1405 tanti
670 1339 919 1405 sceleris
970 1339 1253 1405 voluisse.
1366 1340 1774 1427 Legatorum,
1828 1342 1938 1427 qui
1992 1340 2248 1405 Fidenis

90 1458 117 1491 α
140 1428 305 1491 eaesi
336 1440 539 1504 erant,
570 1438 811 1491 statuae
896 1426 1101 1491 ublice
1142 1428 1210 1490 in
1252 1426 1499 1492 Rostris
1543 1428 1784 1515 positae
1815 1441 1979 1492 sunt.
2075 1426 2246 1491 Cum

142 1513 527 1579 Veientibus
570 1512 861 1577 Fidenati
906 1536 1127 1601 usque,
1208 1527 1604 1601 taeterquam
1649 1513 1935 1578 finitimis
1975 1514 2247 1615 populis,

138 1601 221 1665 ab
250 1622 444 1666 causa
472 1600 663 1665 etiam
698 1612 827 1664 tam
862 1599 1137 1664 nefanda
1162 1536 1399 1664 bellum
1428 1600 1686 1678 exorsis,
1719 1614 1898 1665 atrox
1927 1600 2250 1666 dimicatio

140 1688 435 1752 instabat.
542 1684 769 1773 Itaque
814 1685 895 1751 ad
938 1708 1155 1751 curam
1198 1708 1479 1751 summae
1524 1708 1754 1765 rerum,
1799 1687 2018 1775 quieta
2063 1686 2250 1776 plebe
2271 1696 2338 1747 U.
2363 1696 2554 1757 (2318.

140 1774 269 1839 trib
364 1773 379 1787 ‘
462 1796 545 1838 ue
574 1772 731 1851 eius,
760 1772 923 1837 nihil
950 1772 1408 1839 controversiae
1436 1774 1579 1851 fuit,
1609 1774 1768 1859 quin
1798 1774 2088 1839 consules
2115 1796 2252 1839 cre-
2269 1762 2330 1875 }5·
2356 1762 2424 1873 g·
2447 1774 2580 1873 ⁴313„

144 1873 405 1924 arentur
568 1858 897 1946 Geganius
934 1858 1299 1924 Macerinus
1338 1860 1594 1924 tertium
1635 1874 1703 1925 et
1737 1860 1813 1925 L.
1851 1860 2106 1949 Sergius
2147 1860 2380 1939 Fi-11'1,
2399 1840 2498 1938 ἔρ
2472 1888 2578 1938 321„

142 1946 377 2011 denas:
426 1969 467 2010 a
492 1946 659 2011 bello
686 1944 896 2023 cred0,
922 1946 1097 2033 quod
1124 1944 1356 2011 deinde
1386 1946 1596 2033 gessit,
1629 1946 2030 2046 appellatum.
2124 1946 2253 2013 Hic
2269 1954 2350 2018 εἰσ
2372 1954 2508 2003 00⁸·-

146 2034 321 2098 enim
372 2032 615 2122 primus
664 2032 756 2097 cis
800 2032 1123 2097 Anienem
1166 2054 1313 2099 cum
1364 2056 1512 2119 rege
1558 2032 1924 2098 Veientium
1971 2034 2254 2099 secundo

146 2120 389 2219 proelio
418 2120 725 2195 conflixit,
756 2142 877 2183 nec
912 2119 1307 2184 incruentam
1348 2120 1674 2184 victoriam
1717 2120 1948 2185 retulit.
2043 2120 2256 2185 Maior

148 2222 365 2293 itaque
402 2228 484 2270 ex
520 2206 763 2270 civibus
796 2206 1037 2269 amissis
1064 2204 1263 2281 dolor,
1340 2230 1485 2269 uam
1523 2206 1762 2271 laetitia
1789 2206 1942 2270 fusis
1971 2206 2254 2271 hostibus

150 2294 305 2357 fuit:
356 2306 424 2358 et
452 2306 724 2370 senatus,
754 2304 830 2357 ut
862 2292 931 2357 in
962 2291 1223 2392 trepidis
1254 2315 1322 2357 re
1368 2316 1459 2369 us,
1490 2292 1862 2357 dictatorem
1892 2293 2018 2357 dici
2053 2292 2250 2357 Mam.
2275 2307 2504 2357 Dictator

158 2379 507 2445 Aemilium
538 2378 731 2443 iussit.
816 2377 881 2442 Is
910 2392 1277 2465 magistrum
1306 2380 1596 2466 equitum
1627 2400 1708 2443 ex
1738 2378 2004 2465 collegio
2031 2380 2255 2468 prioris
2275 2374 2456 2447 Mam-.-

152 2467 325 2543 anni,
358 2489 491 2567 quo
520 2465 707 2529 simul
738 2463 975 2529 tribuni
1006 2463 1277 2529 militum
1306 2464 1620 2529 consulari
1651 2478 1958 2551 potestate
1987 2466 2256 2543 fuerant,
2273 2437 2532 2486 Aemilius.

155 2553 231 2618 L.
258 2552 639 2628 Quinctium
662 2550 1139 2627 Cincinnatum,
1158 2550 1427 2638 dignum
1448 2564 1710 2638 parente
1735 2552 2048 2628 iuvenem,
2073 2552 2254 2617 dixit.

154 2639 267 2703 Ad
295 2639 617 2703 delectum
644 2660 683 2701 a
702 2636 1065 2703 consulibus
1094 2637 1379 2702 habitum
1410 2636 1812 2701 centuriones
1839 2650 2080 2701 veteres
2109 2636 2258 2703 belli

154 2726 342 2814 periti
381 2724 631 2802 adiecti,
662 2737 728 2788 et
754 2746 1057 2788 numerus
1084 2724 1453 2789 amissorum
1481 2724 1770 2811 proxima
1843 2746 2014 2824 ugna
2042 2724 2260 2824 exple-

154 2828 275 2877 tus,
368 2812 643 2898 Legatos
670 2810 1047 2886 Quinctium
1083 2810 1518 2897 Capitolinum
1548 2823 1614 2875 et
1646 2810 1739 2874 M.
1815 2812 2030 2875 abium
2053 2810 2260 2875 Vibu-

154 2900 375 2963 lanum
404 2898 585 2985 sequi
615 2920 681 2961 se
710 2897 981 2962 dictator
1006 2896 1201 2961 iussit.
1299 2896 1520 2972 Quum
1647 2910 1836 2961 testas
1873 2898 2087 2976 maior,
2121 2912 2258 2963 tum

154 2987 255 3049 vir
281 3008 538 3071 quoque
567 2984 862 3072 potestati
890 3006 1021 3071 par,
1050 2983 1262 3048 hostes
1290 3006 1373 3047 ex
1513 3006 1553 3048 o
1641 3006 1871 3048 omano
1901 2998 2072 3049 trans
2095 2986 2260 3049 Ani-

116 3096 141 3139 3
158 3095 348 3137 cnem
392 3092 805 3147 summovere,
842 3069 1159 3156 collesque
1203 3070 1371 3134 inter
1453 3071 1669 3135 idenas
1712 3082 1904 3157 atque
1937 3073 2258 3137 Anienem

158 3172 485 3246 ceperunt,
530 3158 871 3223 referentes
912 3168 1147 3222 castra:
1214 3180 1333 3221 nec
1378 3170 1524 3221 ante
1573 3157 1642 3219 in
1688 3180 1944 3243 campos
1985 3158 2260 3244 degressi

162 3390 195 3421 a
217 3367 457 3421 Romani·
488 3370 539 3418 in
571 3384 725 3417 annos
747 3367 1065 3430 quadraginta
1099 3382 1180 3428 cy·
1248 3366 1524 3425 deiiatibus,
1555 3373 1722 3414 utrum
1755 3366 1902 3427 Ieyatt'
1936 3366 2264 3415 Romanorum

163 3438 329 3494 elisos,
350 3450 417 3483 sc.
441 3435 611 3483 decem
638 3432 899 3491 mensium,
916 3432 1061 3481 datae
1084 3431 1181 3478 iam
1248 3433 1343 3493 ipsi
1382 3432 1663 3478 tmoidandn'
1707 3432 2009 3488 viderentur,
2052 3430 2116 3477 sd
2157 3444 2264 3492 pro-

166 3500 401 3549 exierant.
446 3498 507 3547 cf.
542 3512 673 3561 supr.
707 3496 756 3545 ii.
794 3508 869 3559 54.
905 3494 1111 3547 Niebhr.
1146 3494 1177 3542 i.
1243 3508 1437 3557 sperum
1462 3493 1646 3543 iactum
1670 3494 2028 3551 oxelunmet3
2056 3496 2266 3557 optimc!

166 3580 215 3629 p.
239 3564 351 3625 278.
386 3562 642 3611 Wachsin.
666 3576 715 3623 p.
739 3574 850 3620 41²·
1246 3558 1461 3607 Srnorii.

228 3644 261 3693 9
294 3629 501 3689 Ιισμαωι
521 3626 787 3684 Romanos]
838 3624 979 3680 Quos
1010 3630 1177 3671 tamen
1312 3636 1337 3669 α
1374 3625 1439 3670 In
1460 3622 1674 3681 Rostris]
1711 3638 1778 3670 sc.
1805 3621 1866 3669 In
1897 3622 2006 3669 loco
2027 3620 2112 3670 ubi
2135 3620 2260 3670 Ros-

166 3689 865 3802 ⁸·⁰¹¹³1·{²?1’·U'‘t³‡3,3t“{)⁰⁰t⁰⁸·0d
880 3688 1063 3761 maiore
1082 3702 1179 3799 vggi
1246 3694 1321 3735 trs
1355 3692 1526 3749 postea
1564 3692 1812 3733 exstructa
1853 3692 1980 3745 sunt,
2013 3684 2124 3735 infr.
2165 3686 2262 3735 viii.

170 3770 369 3805 simiiu
408 3770 488 3802 ine
764 3767 779 3799 i
844 3768 957 3799 orus
986 3766 1069 3799 xii.
1254 3766 1271 3797 i
1312 3786 1325 3799 .

170 3824 369 3870 fortasse
384 3817 591 3867 Fabium
607 3822 823 3865 secutus:
856 3816 905 3863 in
924 3816 1062 3863 cuius
1077 3784 1183 3862 sen:
1279 3767 1310 3811 4
1323 3830 1351 3876 3
1384 3816 1632 3877 collesque
1669 3816 1798 3865 inter
1837 3816 2075 3875 Fidenas]
2131 3814 2262 3863 Peri-

171 3884 377 3935 tentiam
410 3898 463 3931 se
500 3880 639 3931 addit
672 3879 879 3929 Niebhr.
914 3878 962 3929 ii.
992 3894 1041 3942 p.
1073 3890 1183 3940 ⁴5⁴·
1249 3879 1417 3927 nonius
1441 3878 1748 3927 scribendum
1785 3878 1996 3935 coniicit,
2019 3880 2158 3927 eolles
2245 3882 2264 3926 ι·

174 3950 365 3998 Horum
388 3946 585 4009 quidem
609 3946 879 4008 legatorum
912 3948 1103 3993 statuae
1132 3943 1183 3990 in
1246 3945 1377 3991 inter
1398 3945 1632 4002 Fidenae,
1654 3950 1704 3990 et
1725 3942 1896 3991 inultis
1917 3943 2158 4004 exemplis
2213 3957 2264 3990 o-

172 4014 277 4061 fni-0
314 4012 543 4061 Romano
582 4008 769 4072 positae
809 4022 963 4069 usque
999 4008 1064 4055 ad
1102 4006 1182 4055 ei·
1250 4014 1346 4065 cet,
1370 4008 1622 4054 verborum
1647 4006 1774 4055 hanc
1797 4006 2188 4065 collocationem,
2209 4010 2267 4054 ut

176 4076 359 4126 cernuis
397 4089 573 4123 aevum
626 4078 925 4122 manserunt.
982 4073 1043 4119 cf.
1078 4070 1183 4121 Cic.
1250 4084 1518 4146 pronomen
1554 4071 1810 4119 relativum
1851 4086 1948 4119 non
1989 4085 2183 4131 semper
2213 4070 2264 4117 in

180 4140 307 4191 Phil.
338 4140 405 4188 ix.
438 4154 482 4189 α.
552 4137 745 4187 Plinius
786 4150 981 4198 quoque
1020 4136 1087 4183 Η.
1116 4134 1183 4183 Ν.
1248 4134 1389 4183 initio
1421 4134 1652 4183 orationis
1693 4140 1920 4197 ponatur,
1954 4132 2096 4183 Livio
2127 4133 2264 4181 fami-

178 4204 337 4255 xxxiv.
358 4218 429 4253 ii.
448 4218 601 4251 novas
622 4202 857 4264 quasdam
882 4201 1051 4249 eodem
1078 4200 1187 4247 loco
1250 4197 1556 4247 liarissimam
1607 4212 1723 4246 esse.
1813 4198 1928 4247 Hac
1971 4196 2265 4253 coniectura,

180 4268 405 4333 repositas
426 4283 515 4331 pro
538 4265 783 4315 veteribus
802 4264 1009 4327 accepit.
1252 4278 1395 4325 quam
1425 4261 1734 4309 verisimilem
1765 4270 1904 4323 puto,
1935 4266 2132 4319 recepta
2156 4274 2264 4307 crs-

248 4348 265 4381 i
314 4334 475 4383 Vocem
512 4334 619 4382 cim
658 4330 960 4391 ambignum]
1013 4326 1185 4377 Cuius-
1250 4326 1406 4375 nescit
1428 4326 1588 4374 omnis
1609 4325 1883 4373 difficultas.
1923 4324 2096 4372 Dium.

182 4398 307 4445 modi
348 4398 537 4455 flasset,
578 4394 619 4443 si
662 4392 1066 4454 interrogantibus
1110 4391 1187 4438 Fi·
1880 4454 1918 4509 2
