3000 4784
342 344 408 395 U.
432 344 492 393 C.

336 411 383 459 A
434 408 492 459 C.

660 196 787 259 468
1436 186 1664 253 TITI
1722 184 1996 252 LIVII

516 358 571 403 4¹
584 354 625 405 7.
666 335 687 367 ‘
708 346 939 413 augere
990 345 1125 388 rem
1182 322 1560 398 Romanam,
1605 322 1805 385 victos
1846 322 1915 384 in
1963 320 2286 385 civitatem
2335 316 2760 405 accipiendo?

386 443 398 457 ·
518 420 627 469 335·
670 422 688 452 ‘
712 411 987 476 Materia
1006 408 1331 475 crescendi
1360 430 1475 495 per
1496 430 1806 471 summam
1829 406 2094 494 gloriam
2115 428 2236 493 sup
2365 405 2499 469 itat-
2565 402 2764 469 Certe

444 1193 541 1254 14.

669 499 777 562 ‘id
806 496 1233 561 firmissimum
1271 494 1461 581 longe
1503 495 1844 579 imperium
1881 506 1996 569 est,
2027 515 2159 579 quo
2197 516 2236 556 o
2281 490 2570 555 edienoes
2607 514 2767 577 gau-

668 594 686 623 ‘
706 584 881 648 dent.
976 581 1105 647 Sed
1148 593 1459 645 maturato
1504 602 1663 666 opus
1706 593 1821 658 est,
1858 578 2168 665 quicquid
2210 590 2486 643 statuere
2532 576 2766 664 placet.

667 680 689 710 ‘
710 670 841 734 Tot
878 668 1147 756 populos
1190 668 1359 731 inter
1400 688 1580 753 spem
1623 680 1994 751 metumque
2039 686 2376 752 suspensos
2415 663 2620 727 animi
2657 663 2772 727 ba-

670 765 689 797 ‘
708 755 910 821 betis:
959 770 1027 819 et
1054 766 1325 819 vestram
1364 752 1578 838 itaque
1621 750 1701 816 de
1741 753 1818 815 iis
1861 774 2079 815 curam
2107 774 2300 837 quam
2336 750 2626 837 primum
2661 750 2772 814 ab·

670 852 691 883 ‘
710 841 886 918 solvi,
924 853 990 904 et
1030 838 1282 905 illorum
1326 838 1588 914 animos,
1619 837 1776 903 dum
1819 838 2292 925 exspectatione
2333 848 2624 922 stupent,
2657 858 2776 900 seu

672 938 691 967 ‘
712 950 938 1015 poena,
968 948 1084 991 seu
1111 925 1441 1002 beneficiO,
1470 924 1921 1023 praeoccupari
1949 936 2217 1011 oportet.
2301 922 2616 987 Nostrum
2649 920 2776 986 fuit

670 1024 691 1053 ‘
712 1014 981 1090 efficere,
1013 1025 1085 1077 ut
1113 1012 1401 1077 omnium
1430 1030 1642 1074 rerum
1671 1011 1848 1075 vob1s
1885 1010 1969 1073 ad
1996 1009 2455 1075 consulendum
2487 1022 2776 1094 potestas

672 1110 691 1140 ⁶
712 1113 915 1165 esset:
963 1110 1239 1163 vestrum
1270 1110 1365 1162 est
1392 1096 1754 1172 decernere,
1786 1097 1962 1182 quod
1989 1098 2304 1183 optimum
2333 1095 2516 1159 vobis
2543 1094 2774 1181 reique

672 1196 693 1227 ‘
712 1185 1003 1275 publicae
1056 1184 1173 1250 sit-⁹
1259 1183 1591 1268 Principes
1641 1194 1895 1247 senatus
1945 1182 2316 1247 relationem
2357 1180 2645 1245 consulis
2691 1181 2776 1244 de

670 1295 919 1339 summa
944 1294 1155 1337 rerum
1183 1268 1480 1344 laudare3
1531 1268 1663 1345 sed,
1687 1290 1888 1417 ffilum
1917 1267 2183 1333 aliorum
2211 1290 2400 1333 causa
2427 1266 2556 1331 alia
2581 1280 2776 1343 esset,

670 1360 761 1424 ita
788 1358 1077 1447 expediri
1105 1378 1286 1444 posse
1316 1353 1670 1431 consilium,
1742 1355 1928 1431 'cere,
1951 1366 2027 1417 ut
2052 1377 2170 1441 pro
2198 1355 2428 1418 merito
2455 1354 2565 1417 cui
2693 1376 2776 1417 ue
2797 1378 2816 1410 ι

672 1458 1070 1521 statueretur,
1122 1444 1177 1507 si
1232 1442 1315 1507 de
1374 1439 1638 1527 singulis
1694 1442 2072 1505 nominatim
2128 1440 2438 1505 referrent
2476 1376 2774 1541 Ροΐιῇιε,
2799 1462 2822 1495 ²

342 1542 571 1593 senatus-
674 1530 975 1597 Relatum
1003 1529 1200 1617 igitur
1226 1528 1307 1593 de
1338 1528 1385 1592 ε’
1482 1526 1604 1591 ulis
1631 1526 2104 1613 decretumque.
2175 1526 2529 1591 Lanuvinis
2549 1527 2780 1591 civitas
2794 1547 2824 1593 3

342 1608 567 1657 consulta
586 1608 649 1657 de

342 1670 545 1721 Latinis.

672 1617 821 1682 data
846 1638 1144 1702 sacraque
1174 1638 1291 1679 sua
1315 1614 1432 1679 red
1476 1614 1567 1677 ita
1593 1636 1740 1678 cum
1769 1635 1866 1691 eo,
1891 1626 1966 1678 ut
1993 1613 2183 1679 aedes
2210 1613 2522 1699 lucusque
2557 1611 2782 1699 Sospi-

674 1716 773 1767 tae
806 1702 1070 1767 Iunonis
1104 1702 1459 1765 communis
1489 1699 1842 1765 Lanuvinis
1879 1700 2307 1787 municipibus
2340 1722 2488 1763 cum
2527 1698 2780 1785 populo

674 1788 967 1852 Romano
1011 1800 1191 1850 esset.
1284 1786 1538 1850 Aricini
1579 1785 2100 1873 Nomentanique
2143 1799 2211 1851 et
2244 1785 2492 1850 Pedani
2538 1784 2780 1851 eodem

670 1874 828 1949 iure,
856 1894 986 1957 quo
1016 1871 1356 1949 Lanuvini,
1398 1873 1469 1935 in
1507 1872 1828 1937 civitatem
1867 1872 2126 1959 accepti.
2219 1870 2603 1936 Tusculanis
2639 1894 2778 1937 ser·
2793 1892 2824 1931 4

670 1972 817 2024 vata
880 1958 1117 2034 civitae,
1177 1980 1371 2043 quam
1428 1957 1787 2035 habebant3
1861 1958 2231 2045 crimenque
2297 1957 2666 2023 rebellionis
2739 1982 2780 2022 a

670 2044 927 2134 publica
964 2043 1182 2109 fraude
1223 2044 1292 2108 in
1327 2066 1563 2131 paucos
1590 2058 1878 2109 auctores
1909 2066 2177 2109 versum.
2269 2042 2350 2108 In
2377 2042 2776 2120 Veliternos,

670 2144 915 2197 veteres
960 2130 1129 2196 cives
1178 2131 1523 2207 Romanoa,
1564 2131 1740 2216 quod
1787 2131 1972 2195 toties
2021 2131 2446 2207 rebellassent,
2493 2130 2778 2217 graviter

670 2219 1013 2283 saevitum:
1049 2231 1115 2283 et
1134 2218 1301 2281 muri
1322 2217 1576 2295 deiecti,
1596 2228 1662 2281 et
1681 2229 1936 2281 senatus
1959 2216 2109 2281 inde
2133 2216 2462 2294 abductus,
2486 2217 2774 2303 iussique

670 2319 843 2369 trans
888 2304 1176 2368 Tiberim
1222 2303 1544 2368 habitare:
1593 2315 1668 2366 ut
1709 2303 1869 2380 eiuS,
1956 2304 2024 2367 ui
2065 2304 2158 2367 cis
2204 2302 2493 2367 Tiberim
2537 2302 2774 2389 depre-

668 2390 906 2455 hensus
947 2402 1133 2467 esset,
1178 2412 1375 2476 usque
1420 2388 1506 2452 ad
1547 2387 1718 2453 mille
1765 2327 1981 2476 poncio
2028 2388 2352 2476 clarigatio
2395 2401 2602 2465 esset3
2646 2410 2822 2456 necs

669 2478 864 2563 prius,
895 2499 1089 2562 quam
1133 2498 1276 2540 aere
1402 2474 1660 2551 rsolut0‚
1697 2475 1772 2553 is,
1807 2476 1922 2562 qui
1963 2476 2253 2563 cepisset,
2289 2488 2473 2540 extra
2512 2474 2777 2539 vincula

669 2574 925 2650 captum
955 2562 1235 2627 haberet.
1415 2584 1637 2647 agrum
1665 2574 2028 2626 senatorum
2056 2562 2266 2626 coloni
2293 2562 2504 2627 missi:
2535 2562 2780 2649 quibus

670 2649 975 2736 ascriptiS,
1000 2648 1277 2735 speciem
1307 2648 1608 2733 antiquae
1636 2646 2032 2734 fiequentiae
2053 2646 2338 2713 Velitrae
2367 2662 2771 2736 receperunt.
2789 2656 2823 2706 6

742 2856 763 2887 1
804 2844 909 2890 Pro
949 2844 1119 2891 ”terito
1160 2843 1419 2905 cuiusque]
1492 2840 1682 2890 Latinis
1745 2840 2058 2901 συμπολετεῐα
2075 2840 2266 2890 dicitur.

666 2904 857 2951 cunctis
892 2906 1057 2951 datam
1091 2904 1341 2952 civitatem
1375 2905 1543 2953 scribit
1581 2906 1682 2954 Dio
1811 2924 1841 2967 4
1879 2908 2195 2966 Tmoueancs]
2232 2905 2436 2965 Civitas,
2448 2920 2599 2967 quam
2621 2906 2774 2954 habe-

669 2964 722 3012 in
750 2966 873 3013 Exc.
898 2966 1014 3014 Vat.
1042 2980 1117 3027 31.
1750 2971 1870 3018 bant
1903 2969 2189 3027 Tusculani,
2223 2968 2465 3031 optimum
2499 2970 2576 3016 ius
2607 2970 2772 3017 muni·

736 3044 763 3076 2
786 3030 865 3077 De
877 3030 1109 3089 simules]
1122 3029 1349 3078 ‘Consilio
1364 3046 1598 3091 perquam
1613 3048 1687 3079 sa-
1752 3032 1866 3095 cipii
1911 3034 2074 3092 dabat,
2111 3032 2297 3094 quippe
2339 3031 2610 3080 'hiseulani
2653 3049 2773 3081 cum

670 3092 797 3141 lubri
813 3092 997 3167 oppida
1014 3092 1193 3141 Latina
1208 3092 1307 3141 alia
1326 3092 1435 3141 aliis
1456 3095 1687 3156 praemiis
1748 3096 1807 3145 iis
1829 3102 2102 3155 censentur,
2117 3098 2203 3159 qui
2225 3112 2378 3158 aeque
2397 3098 2526 3146 eim
2539 3098 2775 3156 Roma-0⁸,

674 3156 889 3205 Romam
922 3157 1206 3217 affecerunt,
1228 3172 1286 3206 eo
1318 3164 1375 3205 ut
1406 3163 1582 3206 mutua
1612 3159 1684 3207 in-
1747 3168 1796 3209 et
1815 3163 1870 3209 in
1890 3162 2074 3223 logione
2093 3161 2356 3209 nuo-rebant.
2403 3160 2580 3209 Festus
2595 3162 2773 3210 ubtu-

670 3224 747 3268 ter
767 3236 817 3270 ne
840 3220 1025 3271 invidia
1044 3220 1193 3269 animi
1210 3221 1494 3270 Latinorum
1514 3222 1682 3271 distra-
1745 3226 1924 3286 niceps.
1988 3224 2053 3272 Id
2073 3239 2226 3285 genus
2245 3224 2490 3271 societatis
2516 3223 2598 3271 hic
2625 3224 2772 3273 intel-

672 3284 919 3345 hex-entur,
940 3300 1098 3347 neque
1121 3284 1387 3347 quidquam
1421 3285 1538 3334 satis
1559 3286 1686 3335 inter
1749 3286 1928 3361 ligitur,
1942 3302 2067 3349 quae
2086 3288 2222 3349 apud
2237 3287 2454 3335 Graecos
2472 3286 2776 3337 teneam&

669 3360 723 3395 se
745 3348 898 3397 fidum
924 3351 987 3397 ad
1010 3351 1347 3397 rebellandum
1372 3350 1624 3399 haberent.
1751 3351 1940 3399 dicitur.

738 3426 767 3473 3
798 3414 1101 3472 Lanuvinis]
1138 3415 1417 3473 Lavininis,
1438 3413 1520 3461 hic
1553 3419 1603 3461 et
1632 3414 1686 3463 in
1817 3427 1844 3476 5
1879 3416 2169 3477 Clariyaeio]
2221 3416 2490 3477 Glari-vatio
2522 3415 2620 3463 hoc
2658 3418 2774 3466 loeo

672 3490 779 3537 cap.
804 3492 962 3538 praec.
986 3476 1190 3525 Niebhr.
1214 3478 1550 3555 reponendum
1579 3492 1685 3553 sua:
1751 3484 1825 3526 est
1860 3477 1936 3526 ius
1969 3478 2180 3552 bominis
2203 3478 2564 3553 ‘prehendenda
2599 3480 2674 3528 ita
2711 3488 2772 3529 ut

667 3539 1685 3678 {ssssxffifsstissffsszssss‘xffl‘ssssffi
1749 3550 2771 3668 ἓῗὲξωωᾚρᾞηὲἒξέωωοῃέῗέζί

672 3670 843 3713 civitas
874 3680 1099 3716 universa
1130 3668 1183 3716 in
1216 3668 1465 3717 civitatem
1500 3669 1683 3717 Roma-
1747 3669 1958 3718 solverit.
2023 3670 2141 3719 vid.
2169 3671 2314 3733 plura
2338 3670 2401 3719 de
2431 3670 2526 3719 hae
2559 3686 2682 3720 voce
2710 3673 2767 3721 in

666 3741 781 3773 nam
805 3728 1027 3788 venisset,
1041 3732 1335 3802 'Lanuvium
1361 3738 1528 3780 autem
1554 3732 1682 3781 inter
1745 3732 1930 3781 Lexico
1952 3734 2134 3782 Matth.
2159 3734 2397 3783 Martinii.
2463 3732 2768 3785 Decreverat

666 3802 767 3849 eos,
802 3792 912 3903 mitid
927 3792 1190 3905 participas
1224 3793 1423 3905 mesiam
1460 3795 1680 3845 omnium
1744 3795 1896 3871 igitur
1920 3804 2133 3872 senatus,
2158 3802 2214 3845 ut
2243 3798 2554 3846 Veliternum
2583 3798 2768 3874 cive-m,

664 3868 855 3967 iffi„
877 3870 1127 3995 1233.
1183 3872 1437 3971 '3322ssss
1446 3874 1678 3985 ‘3253ss
1743 3875 1828 3973 322
1855 3862 2766 3987 ῗέἓεᾙῗὲἓὴζέἓὲῗεῖῗῗωῖἒῖ

667 3988 789 4059 quot
814 3998 973 4058 annos
995 3998 1123 4033 cives
1150 3985 1366 4034 Romani
1399 3986 1517 4034 facti
1549 3993 1680 4047 sunt,
1744 3986 1806 4035 lis
1825 3988 2064 4047 retinax-23
2095 3991 2252 4037 donec
2285 3988 2422 4037 mille
2453 3990 2640 4051 pondo,
2659 3991 2766 4041 sive

666 4052 718 4095 et
738 4062 789 4096 m
812 4048 1056 4097 Maeciam
1090 4049 1270 4097 tribum
1303 4049 1515 4113 ascripti.
1582 4052 1677 4099 La·
1743 4052 1881 4100 mille
1913 4052 2060 4101 libras
2081 4052 2334 4101 Romanas
2359 4052 2502 4111 aeris,
2521 4053 2664 4102 mille
2689 4071 2766 4103 aa·

663 4112 849 4160 vinissit
870 4126 931 4161 ex
954 4111 1087 4161 Fast.
1110 4113 1368 4176 Triumph.
1390 4112 1585 4175 reponit
1606 4113 1677 4163 Si·
1741 4130 1818 4163 ses
1838 4116 2070 4165 solvisset.
2105 4116 2266 4165 Canv.

660 4174 849 4235 genius,
865 4176 950 4224 sed
971 4174 1232 4236 immerito,
1243 4182 1301 4225 ut
1317 4177 1508 4225 videtur
1521 4176 1675 4225 Drak.
1809 4176 1844 4228 6
1877 4180 2112 4240 Velitrae]
2156 4178 2332 4229 Coloni
2369 4194 2484 4229 vero
2513 4179 2764 4230 Velitum·

662 4238 849 4311 piciens
881 4238 1013 4287 haud
1046 4240 1194 4288 dubie
1224 4240 1276 4287 in
1308 4240 1403 4287 hoc
1430 4242 1538 4289 loeo
1565 4255 1674 4289 eam
1739 4246 1910 4303 postea
1951 4243 2002 4291 in
2043 4242 2294 4305 Scaptiam
2334 4244 2516 4292 tribum
2561 4246 2768 4308 “aripti

660 4311 780 4347 mm
800 4302 1079 4349 societatem
1103 4303 1321 4361 denotat,
1342 4318 1467 4364 quae
1486 4304 1676 4353 Graece
1737 4312 1890 4355 erant.
