3000 4784
451 346 517 463 3:
539 346 648 411 ³⁹⁸·

361 346 432 399 U.

359 412 422 463 Α·
541 424 650 475 3⁵4-

685 194 816 257 416
1457 186 1686 258 ΤΙΤΙ
1745 185 2023 253 LIVII

686 335 1060 401 concionem
1081 332 1406 411 militibus,
1451 340 1472 371 ‘
1492 331 1723 397 Castra
1748 331 1961 408 nunc,’
1982 330 2213 417 inquit,
2248 336 2271 369 ‘
2286 332 2471 397 vobis
2500 330 2803 409 hostiurn,

691 430 712 461 ‘
731 422 1083 507 urbemque
1117 419 1388 507 praedae
1428 418 1535 496 do,
1566 419 1618 483 si
1662 417 1823 481 mihi
1864 415 2279 503 pollicemini,
2308 441 2423 483 vos
2456 420 2711 484 fortiter
2736 421 2809 483 in

689 517 710 549 ‘
729 508 864 573 acie
895 528 1154 595 operam
1181 517 1539 583 navaturos,
1570 526 1691 569 nec
1731 502 2002 591 praedae
2044 504 2265 591 magis,
2290 526 2499 592 quam
2528 528 2807 593 pugnae,

689 604 709 633 ‘
729 606 978 683 paratos
1006 594 1182 658 esse.’
1273 592 1544 681 Signum
1572 603 1845 679 poscunt
1872 591 1897 653 i
2024 591 2121 654 nti
2150 589 2429 656 clamore
2448 616 2469 655 t
2524 592 2811 679 celsique

685 694 752 746 et
793 702 906 767 spe
949 680 1123 745 haud
1165 679 1362 744 dubia
1391 678 1635 743 feroces
1678 678 1749 740 in
1795 699 1947 764 proe
1976 675 2109 741 ‘um
2143 677 2407 742 vadunt.
2508 677 2615 743 Ibi
2652 692 2813 743 ante

686 768 892 917 Sifim'
923 765 1067 866 διὲξ.
1103 764 1393 881 Tullium,
1423 764 1509 865 fle
1570 786 1707 887 quo‘
1758 775 1905 828 ante
1959 762 2203 827 dictum
2260 778 2379 841 est,
2442 765 2775 865 egelaus:
2790 788 2811 825 ε

688 861 711 978 ἶ
761 939 776 953 .
799 874 991 953 spice,
1015 864 1373 952 imperator,
1421 863 1653 975 mqulss
1668 936 1683 949 ι
1722 848 2265 948 quemadmodum
2290 864 2813 951 ‘exercitus-tuns

686 938 1548 1112 hfftzg‘ssssassffiffiss·
1610 935 2693 1109 ἒὲιζὲἓὲιὲιωῗῗιιιῗὲἲῗωέώ
2738 960 2813 1035 “·“

687 1134 928 1188 omneS,
957 1109 1288 1197 primoque
1329 1110 1577 1195 impetu
1610 1120 1895 1173 avertere
1934 1107 2223 1172 hostem:
2270 1108 2492 1173 fusum
2534 1112 2607 1174 in
2650 1134 2687 1175 e
2724 1108 2813 1174 ad

687 1193 1958 1349 ⁹Ppiffigffffssefflusscffmn⁵m⁶fflssffl
1992 1195 2815 1347 ssffuffssbffussdssss‘iffii

686 1307 941 1436 :atibus
969 1382 1166 1435 actus.
1221 1368 1330 1433 Ab
1359 1368 1559 1433 altero
1580 1303 1837 1431 coffiule
1868 1366 2033 1431 nihil
2060 1304 2473 1433 memldrabile
2504 1384 2771 1456 gestum
2788 1394 2809 1431 ε

363 1468 470 1547 ¹⁴⁸³?
493 1468 556 1519 de
581 1467 650 1517 vi-
687 1457 806 1523 nisi
839 1456 1015 1543 quod
1056 1456 1266 1555 legem
1305 1477 1474 1519 novo
1512 1452 1809 1541 exemplo
1848 1453 1935 1518 ad
1976 1452 2263 1519 Sutrium
2306 1454 2379 1517 in
2420 1456 2653 1520 eastris
2697 1456 2817 1520 tri-
2962 1500 2964 1547 3

361 1546 544 1610 “⁰9⁸
562 1548 664 1583 ¹¹²⁸·
688 1543 896 1609 butim
953 1541 1036 1607 de
1095 1542 1392 1607 v1cesima
1455 1563 1697 1616 eorum,
1756 1540 1871 1626 qui
1942 1541 2575 1620 manumitterentur,
2636 1542 2811 1607 tulit.
2828 1578 2855 1615 4

361 1611 596 1673 numisso-

361 1674 660 1719 rum‚mea-

358 1724 606 1774 strislsta.

359 2064 420 2115 C.
441 2061 659 2115 Licinius

359 2144 451 2179 sua
471 2130 578 2193 lege

474 2402 573 2467 17.

363 2487 434 2538 U.
456 2489 517 2538 C.
541 2500 650 2552 399.

362 2555 423 2602 A.
458 2552 517 2602 O.
544 2565 651 2627 3353.

361 2616 438 2666 Μ.
457 2616 610 2665 Fabio

361 2681 604 2729 Ambusto

363 2744 440 2794 11.
465 2744 538 2793 M.
557 2744 652 2793 Po-

363 2808 503 2871 pillio
523 2808 599 2857 11.

690 1627 928 1706 Patres,
977 1628 1132 1715 quia
1175 1651 1254 1694 ea
1293 1628 1434 1715 lege
1481 1627 1658 1691 haud
1700 1648 1969 1713 parvum
2010 1625 2281 1713 vectigal
2326 1627 2513 1714 inopi
2562 1630 2817 1693 aerario

689 1714 978 1780 additum
1017 1726 1202 1792 esset,
1233 1728 1523 1779 auctores
1558 1713 1835 1777 fixerunt.
1930 1709 2237 1777 Ceterum
2284 1713 2533 1779 tribuni
2580 1715 2811 1802 plebis,

687 1822 820 1865 non
849 1813 980 1864 tam
1009 1799 1170 1887 lege,
1194 1822 1390 1886 quam
1413 1798 1728 1887 exemplo,
1752 1798 1929 1875 moti,
1952 1820 2036 1863 ne
2060 1800 2205 1885 quis
2232 1812 2458 1887 postea
2482 1802 2813 1888 populum
2830 1828 2855 1873 ε

687 1899 1028 1963 sevocaret⁹
1077 1886 1283 1973 capite
1330 1898 1717 1951 sanxerunt:
1764 1884 1928 1949 nihil
1974 1885 2149 1949 enim
2198 1907 2332 1950 non
2376 1908 2497 1973 per
2546 1888 2813 1965 milites,

689 1972 926 2037 iuratos
968 1972 1039 2037 in
1085 1972 1360 2037 consulis
1389 1974 1600 2049 verba,
1632 1972 1921 2060 quamvis
1964 1971 2391 2059 perniciosum
2438 1994 2529 2059 po
2578 1974 2717 2052 ulo,
2762 1975 2819 2037 si

689 2057 759 2122 id
799 2058 1039 2137 liceret,
1081 2059 1233 2126 ferri
1277 2082 1478 2147 posse.
1573 2058 1823 2123 Eodem
1868 2080 2038 2124 anno
2088 2056 2168 2122 C.
2196 2058 2489 2123 Licinius
2590 2060 2737 2126 tolo
2778 2082 2817 2125 a

691 2143 788 2210 M.
811 2144 1086 2233 Popillio
1109 2145 1394 2211 Laenate
1423 2167 1538 2211 sua
1563 2145 1707 2233 lege
1734 2144 1961 2209 decem
1990 2144 2269 2209 millibus
2296 2144 2463 2209 aeris
2490 2160 2597 2211 est
2624 2147 2855 2213 dam-6

689 2245 896 2309 natus,
928 2232 1103 2319 quod
1133 2232 1305 2297 mille
1333 2234 1629 2319 iugerum
1662 2253 1797 2319 agn
1830 2252 1979 2295 cum
2006 2230 2141 2295 filio
2168 2230 2545 2319 possideret,
2580 2256 2813 2299 eman·
2832 2281 2847 2309 ,

690 2318 1092 2405 cipandoque
1121 2318 1325 2383 filium
1353 2317 1640 2383 fraudem
1671 2317 1797 2404 legi
1823 2316 2091 2382 fecisset.

777 2402 952 2470 Novi
993 2404 1285 2470 consules
1327 2404 1500 2481 inde,
1544 2403 1640 2467 M.
1668 2402 1901 2468 Fabius
1933 2404 2286 2470 Ambustus
2328 2404 2701 2471 secundum
2748 2420 2815 2473 et

690 2488 788 2556 Μ.
816 2490 1127 2579 Popillius
1157 2490 1406 2555 Laenas
1433 2490 1808 2565 secundum,
1838 2489 1970 2555 duo
1997 2489 2165 2555 bella
2190 2489 2489 2555 habuere.
2588 2492 2811 2559 Facile

689 2576 958 2643 alterum
987 2601 1138 2643 cum
1166 2576 1559 2654 Tiburtibus,
1589 2576 1767 2661 quod
1794 2574 2043 2639 Laenas
2070 2576 2295 2662 gessit:
2345 2576 2481 2675 qui,
2514 2577 2709 2645 hoste
2742 2581 2815 2644 in

691 2663 915 2728 urbem
943 2664 1289 2752 compuls0,
1321 2684 1505 2750 agros
1532 2662 1817 2727 vastavit.
1906 2661 2134 2727 Falisci
2164 2662 2811 2753 Tarquiniensesque

691 2749 962 2815 alterum
1019 2750 1343 2815 consulem
1399 2748 1607 2835 prima
1660 2770 1879 2835 pugna
1932 2746 2254 2813 fuderunt.
2368 2746 2537 2813 Inde
2601 2763 2813 2817 terror

689 2836 1004 2899 maximus
1045 2835 1184 2912 fuit,
1231 2834 1407 2922 quod
1449 2834 1805 2899 sacerdotes
1848 2856 2091 2910 eorum,
2135 2833 2377 2899 facibus
2420 2834 2809 2902 ardentibus

687 2919 1126 3005 anguibusque
1180 2920 1494 3006 praelatis,
1541 2920 1790 2985 incessu
1838 2919 2049 2985 furiali
2102 2919 2371 2985 militem
2424 2920 2807 2989 Romanum
2822 2938 2849 2984 8

751 3132 784 3176 4
803 3116 884 3165 De
904 3114 1155 3175 vicesimo]
1193 3113 1284 3172 Ut,
1305 3126 1458 3175 quum
1476 3112 1586 3175 quis
1606 3130 1703 3163 ser-
1768 3120 1926 3177 ptore,
1946 3113 2022 3162 sui
2044 3113 2164 3163 iuris
2184 3115 2375 3175 fierent,
2406 3114 2495 3163 ille
2530 3116 2669 3166 trina
2700 3132 2801 3166 ma-

687 3194 805 3229 vum
847 3178 1232 3239 manumitteret,
1269 3176 1551 3227 vicesimam
1595 3194 1703 3241 par-
1766 3178 2147 3239 numissione,hi
2164 3179 2326 3229 unica.
2370 3180 2451 3229 Ad
2468 3179 2617 3229 cuim
2630 3196 2803 3231 emsa-

686 3250 789 3293 tem
834 3244 980 3309 pretii
1017 3243 1122 3293 eius
1160 3242 1346 3293 aerario
1389 3242 1703 3304 dependeret.
1770 3242 2029 3305 cipationis
2078 3242 2341 3306 imam'nem
2384 3248 2562 3306 postea
2602 3243 2798 3294 institu-

691 3308 806 3357 Hoc
850 3308 1060 3371 vectigal
1111 3310 1176 3357 ad
1230 3306 1513 3357 inferiorum
1555 3304 1705 3355 etiam
1768 3312 1896 3365 tum,
1924 3312 1999 3366 ut,
2027 3306 2105 3355 his
2140 3307 2373 3355 simulato
2404 3312 2457 3355 et
2488 3306 2615 3356 dicis
2650 3324 2799 3357 canu

689 3371 977 3435 Principum
999 3377 1212 3421 aetatem
1237 3371 1519 3435 permansit.
1542 3370 1705 3419 Cam.
1770 3370 1981 3433 peractis
2022 3370 2384 3419 venditionibus
2424 3376 2477 3419 et
2527 3373 2797 3421 manumis-

755 3448 782 3498 5
816 3438 1064 3499 Populum
1097 3437 1364 3495 saccom-et]
1417 3435 1705 3483 Abductum
1768 3434 2005 3493 sionibus,
2024 3434 2163 3483 liberi
2184 3450 2213 3483 e
2236 3440 2481 3497 potestate
2510 3436 2671 3498 patris
2696 3436 2795 3485 exi·

687 3502 752 3549 ab
783 3502 920 3561 urbe,
941 3517 972 3549 a
1003 3500 1360 3564 magistratibus
1390 3514 1450 3547 ac
1481 3497 1705 3557 tribunis,
1768 3503 1891 3547 rent.
1960 3498 2075 3547 Hoc
2106 3506 2273 3547 autem
2296 3498 2513 3548 Stolonis
2542 3514 2795 3549 commen-

689 3578 754 3625 po
807 3566 930 3613 ilum
952 3564 1003 3613 in
1027 3564 1288 3613 concilium
1311 3568 1520 3612 vocaret.
1768 3568 1875 3610 tum
1898 3577 1997 3611 non
2018 3562 2309 3611 abhorrebat
2324 3578 2357 3609 a
2371 3562 2792 3625 iurisprudenmm

815 3630 1120 3688 Damnatus]
1164 3628 1245 3677 De
1267 3626 1481 3677 Stolonis
1502 3627 1703 3675 damna-
1766 3625 1979 3701 placitis,
2000 3632 2057 3674 ut
2088 3628 2313 3675 observat
2342 3626 2626 3677 Douiatim.
2694 3628 2795 3677 δαὶ

687 3688 822 3739 tione
843 3692 1153 3739 consentiunt
1175 3692 1291 3740 Vel.
1315 3692 1454 3740 Mu.
1473 3690 1574 3739 viii.
1590 3688 1635 3738 6.
1656 3702 1703 3751 3.
1766 3690 1879 3739 ideo
1916 3690 2057 3739 nulla
2092 3689 2227 3739 illius
2258 3690 2671 3753 emancipationis
2706 3692 2793 3740 ha·

691 3752 824 3801 Plin.
859 3753 928 3801 H.
964 3754 1016 3801 N
1019 3788 1034 3803 .
1067 3754 1202 3803 xviii.
1225 3772 1272 3814 4.
1306 3754 1370 3803 A.
1393 3754 1529 3803 Gen.
1554 3753 1633 3803 vii.
1656 3766 1705 3815 3.
1767 3753 1873 3803 bita
1904 3753 2027 3803 ratio
2063 3760 2155 3813 est,
2182 3754 2301 3816 quia
2330 3768 2441 3803 eam
2479 3754 2533 3802 in
2564 3755 2795 3803 fiaudem

685 3816 869 3878 aliique
891 3816 1054 3877 plures
1074 3817 1345 3879 scriptores.
1768 3818 1887 3880 legis
1908 3820 2089 3867 factam
2110 3819 2397 3881 apparebat.
2418 3818 2585 3868 cm.
2632 3819 2792 3868 Annis

763 3892 791 3943 7
828 3882 1226 3943 Emancipando]
1287 3880 1334 3929 E
1373 3896 1525 3930 manu
1564 3881 1703 3931 emit·
1768 3882 2111 3944 posterioribus
2136 3881 2453 3945 reipublicae,
2474 3896 2539 3929 ne
2570 3882 2707 3931 cives
2738 3882 2789 3931 in

686 3944 837 3995 tendo
875 3960 964 4007 per
997 3943 1331 4008 imaginariam
1371 3945 1703 3995 venditionem
1766 3946 1901 3997 hanc
1922 3946 2143 3995 fraudem
2174 3946 2481 4009 reipublicae
2510 3945 2787 3995 indendam

685 4016 762 4059 ter
803 4008 1076 4072 repetitam.
1145 4008 1278 4073 Lege
1319 4008 1450 4058 enim
1495 4009 1701 4059 Romuli
1766 4024 1855 4071 spe
1884 4011 2007 4059 lucri
2043 4010 2407 4073 pellicerentun
2434 4009 2682 4085 provisum
2714 4016 2789 4059 est

686 4078 886 4123 cautum
904 4073 1290 4135 erat,acdeinde
1311 4073 1363 4123 in
1387 4088 1486 4123 xn.
1509 4074 1703 4122 tabulas
1766 4073 1818 4121 in
1852 4074 2143 4137 Sempronia
2170 4074 2260 4123 illa
2295 4090 2483 4136 agraria
2512 4074 2643 4136 lege,
2660 4076 2785 4136 filis·-

684 4140 748 4186 ab
782 4138 1087 4188 Decemviris
1117 4138 1346 4198 relatum,
1377 4142 1452 4196 ut,
1485 4137 1527 4186 si
1562 4142 1704 4200 pater
1755 4139 1983 4199 familias
2016 4140 2245 4189 eiusmodi
2274 4140 2531 4188 dimidium
2558 4140 2609 4187 si
2634 4140 2787 4201 possi·

683 4201 842 4249 filium
877 4208 969 4260 ter,
1002 4202 1156 4251 filiam
1193 4208 1246 4251 et
1283 4207 1469 4251 ceteros
1506 4200 1699 4260 liberos,
1764 4203 1930 4261 deant,
1940 4204 2122 4264 fraudi
2138 4204 2432 4265 parentibus
2448 4218 2517 4251 ne
2533 4209 2651 4252 esto.

683 4263 716 4313 i.
747 4279 790 4311 e.
824 4272 1029 4326 nepotes
1060 4272 1293 4329 neptesve
1325 4281 1354 4315 e
1387 4265 1509 4324 filio,
1546 4266 1699 4314 semel
1830 4267 1861 4315 8
1889 4268 2177 4329 Anym'bm]
2218 4266 2281 4315 Id
2302 4272 2393 4325 ut,
2408 4271 2466 4313 ut
2486 4264 2655 4314 scribit
2670 4266 2783 4313 1⁷10-

687 4327 998 4387 vendidisset,
1019 4328 1300 4377 manumissi
1325 4334 1494 4389 postea
1515 4330 1578 4376 ab
1600 4344 1699 4376 em-
1764 4344 1847 4379 rus
1874 4331 1937 4379 de
1968 4329 2291 4381 Fidenatibus
2320 4344 2487 4393 agens,
2516 4328 2547 4378 i.
2580 4344 2653 4379 η.
2690 4330 2781 4377 δὶσ-

2949 2445 2963 2663 3

2956 2710 2960 2828 l

2958 2863 2960 2962 Α
