3000 4784
778 216 970 283 LIB.
1018 216 1208 283 VIII.
1278 218 1499 284 OAP.
1557 224 1652 283 10.
2133 227 2263 287 463

94 355 263 441 ipsi
288 353 688 441 fatigassent,
712 366 781 419 et
799 355 1011 419 hastas
1038 368 1151 419 aut
1177 352 1680 441 praefregissent,
1705 368 1816 420 aut
1837 356 2264 433 hebetassent,
2286 382 2352 433 u,
2377 385 2437 434 c,
2460 398 2572 445 4¹5·

98 440 475 527 pellerent
514 440 579 505 vi
626 452 843 505 tamen
888 440 1155 517 hostem,
1201 439 1590 505 debellatum
1637 441 1764 505 iam
1811 443 1952 519 rati,
1997 466 2268 531 perven-
2281 447 2346 497 A.
2377 450 2438 499 G·
2465 459 2574 510 337·

103 542 431 613 tumque
476 526 561 590 ad
604 538 956 591 extremam
1004 526 1245 603 aciem.;
1294 538 1429 591 tum
1478 527 1700 591 consul
1749 528 1995 607 triariis,
2044 538 2064 567 ⁶
2089 528 2268 594 Con-

112 622 141 650 ‘
168 611 443 699 surgite
488 613 701 689 nunc,'
746 612 975 699 inquit,
1042 612 1313 699 ‘integri
1360 613 1660 677 adversus
1705 613 1918 691 fessos,
1955 638 2268 681 memores

112 709 139 737 ⁴
174 698 451 785 patriae
479 712 945 786 parentumque
975 709 1042 763 et
1070 699 1415 785 coniugum
1438 721 1514 763 ae
1543 699 1922 777 liberorum3
1955 723 2268 767 memores

116 793 145 823 ‘
178 784 485 849 consulis
538 807 657 871 pro
713 798 919 849 vestra
974 784 1237 849 victoria
1291 796 1491 849 morte
1553 786 2025 851 occumbentis?
2133 786 2268 853 Ubi
2285 803 2509 852 vincunt

120 870 363 935 triarii
400 883 935 935 consurrexerunt
968 870 1222 957 integri,
1254 869 1714 957 refulgentibus
1751 872 1960 949 armis,
1991 896 2158 938 nova
2183 896 2268 937 ex
2286 866 2516 918 Romani.

124 955 506 1042 improviso
534 968 757 1021 exorta
784 956 969 1033 acies,
1000 955 1272 1055 receptis
1307 956 1376 1020 in
1405 956 1735 1021 intervalla
1763 958 2060 1023 ordinum
2089 972 2270 1023 ante-

192 1042 419 1119 ilanis,
458 1042 731 1107 clamore
782 1041 1029 1107 sublato
1072 1042 1385 1129 prmcipia
1423 1041 1802 1107 Latinorum
1851 1046 2264 1130 perturbant:

126 1068 489 1215 Raetisque
538 1150 651 1193 ora
692 1127 1025 1205 fodienteS,
1067 1128 1272 1214 primo
1318 1127 1543 1193 robore
1590 1128 1868 1193 virorum
1917 1152 2120 1206 caeso,
2156 1152 2272 1217 per

134 1214 323 1279 alios
350 1215 522 1279 mani
572 1213 727 1290 uIOS,
758 1214 936 1278 velut
974 1214 1267 1290 inermes,
1297 1236 1495 1301 prope
1534 1214 1756 1279 intacti
1787 1238 2040 1280 evasere
2064 1239 2083 1292 ;
2131 1228 2273 1280 tan-

140 1316 359 1386 taque
401 1323 513 1366 cae
560 1322 597 1365 e
636 1322 981 1387 perrupere
1020 1322 1277 1376 cuneo&
1310 1311 1384 1366 ut
1410 1300 1520 1364 vix
1549 1314 1840 1386 quartam
1883 1314 2128 1387 partem
2173 1323 2273 1365 re-

81 1398 119 1445 8
140 1388 535 1472 linquerent
562 1385 860 1450 hostium.
942 1384 1259 1451 Samnites
1288 1408 1566 1471 quoque,
1598 1386 1716 1451 sub
1744 1387 2062 1451 radicibus
2091 1408 2274 1451 mon-

144 1473 243 1537 tis
275 1471 503 1558 procul
536 1472 849 1547 instructi,
879 1470 1226 1558 praebuere
1266 1484 1568 1536 terrorem
1601 1470 1866 1536 Latinis.
1962 1471 2274 1537 Ceterum

146 1560 339 1623 inter
366 1579 593 1623 omnes
620 1558 789 1622 cives
817 1556 1145 1642 sociosque
1174 1556 1520 1641 praecipua
1553 1556 1690 1621 laus
1719 1557 1856 1621 eius
1885 1556 2037 1623 belli
2075 1580 2274 1646 penes

148 1643 461 1709 consules
502 1642 663 1707 fuit:
711 1663 982 1729 quorum
1026 1641 1186 1705 alter
1228 1664 1450 1705 omnes
1492 1642 1698 1707 minas
1740 1643 2148 1730 periculaque
2193 1644 2274 1709 ab

152 1730 293 1794 diis
332 1727 579 1815 superis
623 1728 965 1814 inferisque
1011 1728 1079 1791 in
1123 1751 1189 1792 se
1232 1750 1429 1791 unum
1463 1728 1689 1793 vertit:
1738 1729 1899 1794 alter
1935 1752 2014 1795 ea
2039 1730 2274 1794 virtute

156 1838 377 1901 eoque
424 1813 688 1879 consilio
730 1814 801 1877 in
842 1812 1086 1899 proelio
1137 1813 1277 1889 fuit,
1328 1827 1401 1878 ut
1450 1814 1634 1879 facile
1685 1816 2058 1881 convenerit
2107 1815 2277 1880 inter

160 1902 501 1965 Romanos
528 1898 943 1985 Latinosque,
976 1898 1090 1985 qui
1128 1898 1266 1963 eius
1304 1922 1556 1999 pugnae
1597 1903 1968 1966 memoriam
2009 1902 2278 1989 posteris

100 2006 139 2054 9
163 1986 593 2063 tradiderunt,
634 1986 837 2049 utrius
880 1984 1077 2071 partis
1116 1984 1195 2049 T.
1224 1984 1510 2049 Manlius
1547 1986 1682 2050 dux
1719 1988 1959 2063 fuisset,
2003 1988 2140 2053 eius
2177 1986 2278 2051 fu-

162 2088 380 2138 turam
439 2071 613 2135 haud
663 2070 857 2136 dubie
916 2070 1107 2135 fuisse
1157 2070 1502 2135 victoriam.
1595 2071 1812 2136 Latini
1871 2094 1953 2137 ex
2010 2072 2162 2158 fuga
2207 2095 2274 2137 se

168 2159 545 2223 Minturnas
572 2157 998 2222 contulerunt.
1094 2154 1321 2221 Castra
1347 2156 1700 2221 secundum
1729 2157 2042 2244 proelium
2069 2171 2275 2243 capta,

170 2244 489 2331 multique
550 2242 843 2308 mortales
900 2242 991 2307 ibi
1048 2242 1175 2307 vivi
1234 2242 1536 2329 oppressi,
1597 2243 1874 2307 maxime
1939 2240 2271 2329 Campani.

172 2330 367 2396 Decii
398 2352 625 2417 corpus
652 2352 734 2393 ne
766 2352 847 2395 eo
874 2329 980 2393 die
1011 2328 1421 2407 inveniretur,
1452 2351 1585 2393 nox
1615 2340 1990 2415 quaerentes
2019 2350 2277 2416 oppres-

172 2419 275 2481 sit.
337 2415 603 2481 Postero
626 2414 731 2479 die
754 2416 1087 2481 inventum
1109 2415 1277 2479 inter
1304 2416 1648 2479 maximam
1677 2415 1956 2479 hostium
1979 2437 2009 2479 s
2188 2437 2273 2491 m,

172 2514 545 2590 coopertum
574 2502 755 2577 telis3
800 2501 1119 2587 funusque
1150 2501 1211 2565 ei
1240 2523 1353 2587 par
1382 2500 1590 2578 morti,
1621 2500 1982 2565 celebrante
2011 2524 2090 2565 co
2137 2524 2274 2587 ega,

174 2590 413 2653 factum
440 2599 555 2652 est.
618 2586 791 2651 Illud
818 2586 1248 2652 adiiciendum
1277 2587 1548 2663 videtur,
1581 2586 1772 2651 licere
1802 2585 2047 2651 consuli
2075 2586 2278 2651 dicta-
2295 2595 2528 2645 Devotio-

177 2675 427 2762 torique
468 2686 537 2738 et
572 2672 866 2761 praetori,
899 2694 1099 2759 quum
1142 2671 1423 2759 legiones
1466 2672 1745 2737 hostium
1789 2672 2114 2750 devoveat,
2145 2695 2278 2737 non
2292 2676 2414 2709 ΜΨ
2434 2661 2582 2721 Ῑθμ

180 2761 401 2847 utique
430 2782 519 2837 se,
544 2760 658 2824 sed
684 2782 877 2845 quem
897 2758 1055 2823 velit
1082 2781 1165 2822 ex
1194 2758 1445 2845 legione
1471 2758 1766 2823 Romana
1791 2757 2025 2845 scripta
2049 2760 2275 2835 civem,

140 2871 159 2903 ι
183 2846 531 2911 devovere:
578 2846 632 2909 si
670 2845 725 2909 is
764 2846 977 2921 homo,
1008 2844 1121 2930 qui
1156 2844 1423 2909 devotus
1458 2857 1574 2922 est,
1607 2844 1893 2921 moritur,
1969 2846 2120 2910 robe
2150 2845 2280 2909 fac-

138 2955 165 2987 2
187 2944 319 2995 tum
346 2931 587 2996 videri:
634 2931 703 2994 ni
744 2931 1029 3006 moritur,
1060 2942 1195 2993 tum
1236 2931 1491 3016 signum
1531 2943 1775 3017 septem
1815 2866 2014 3017 pedes
2056 2931 2276 3008 altum,

140 3039 171 3086 3
187 3031 293 3081 aut
342 3016 564 3093 maius,
608 3018 679 3080 in
725 3029 953 3081 terram
999 3015 1236 3094 defodi,
1282 3028 1347 3081 et
1391 3016 1714 3103 piaculum
1761 3016 2030 3081 hostiam
2075 3017 2276 3083 caedi.

192 3102 315 3167 Ubi
344 3101 507 3166 illud
569 3102 581 3116 ⁰
676 3124 786 3165 um
816 3101 1132 3166 defossum
1164 3102 1304 3179 erit,
1336 3124 1415 3167 eo
1444 3104 1881 3188 magistratum
1913 3102 2279 3167 Romanum

188 3188 521 3254 escendere
534 3124 671 3253 algu?
704 3208 835 3252 non
878 3209 1032 3253 esse.
1128 3186 1241 3252 Sin
1290 3198 1506 3251 autem
1549 3210 1684 3252 sese
1731 3188 2044 3251 devovere
2089 3185 2280 3263 volet,

188 3274 367 3339 sicuti
418 3273 661 3339 Decius
712 3272 1007 3349 devovit3
1076 3272 1145 3337 ni
1198 3272 1481 3349 moritur,
1537 3294 1747 3359 neque
1806 3293 2012 3347 suum,
2067 3293 2150 3335 ne
2199 3294 2280 3335 ue

190 3360 509 3447 publicum
552 3358 841 3423 divinum
886 3380 1045 3445 pure
1090 3358 1297 3435 faciet,
1340 3358 1453 3444 qui
1500 3380 1636 3421 sese
1679 3356 2024 3421 devoverit.
2183 3357 2280 3421 ul-

192 3468 343 3511 cano
379 3466 555 3509 arma
596 3444 727 3509 sive
771 3444 877 3509 cui
918 3444 1024 3509 alii
1064 3444 1213 3508 divo
1252 3464 1479 3508 vovere
1510 3441 1698 3519 volet,
1737 3442 1866 3506 sive
1908 3441 2116 3505 hostia
2151 3442 2282 3507 sive

195 3554 315 3619 quo
343 3530 468 3597 alio
494 3530 685 3607 volet,
716 3530 815 3595 ius
844 3542 957 3595 est.
1048 3529 1232 3607 Telo,
1264 3551 1455 3616 super
1481 3528 1658 3614 quod
1687 3540 1858 3591 stans
1887 3526 2108 3591 consul
2135 3547 2280 3614 pre-

257 3760 287 3809 8
314 3760 577 3817 Samnites]
632 3758 818 3807 Contra
852 3756 905 3805 in
942 3754 1201 3806 annalibus
1333 3767 1360 3802 α
1395 3754 1627 3816 Siquam]
1670 3750 1946 3813 Imaginem
1991 3749 2095 3801 eius
2130 3751 2284 3800 homi-

201 3823 476 3885 quibusdam
498 3822 743 3871 Samnites
764 3836 865 3868 una
884 3836 998 3868 cum
1017 3820 1200 3869 Roma·
1264 3816 1359 3877 nis,
1394 3817 1481 3879 qui
1519 3817 1726 3864 devotus
1767 3830 1868 3863 non
1912 3820 1987 3864 est
2029 3822 2288 3874 mortuum

202 3888 271 3935 nis
290 3888 336 3935 in
358 3886 462 3935 acie
482 3886 672 3934 stetisse
694 3884 943 3947 proditum
966 3888 1053 3932 est.
1268 3886 1475 3929 mortem
1508 3880 1641 3928 enim
1676 3878 1782 3927 eius
1815 3880 2087 3928 defossione
2119 3879 2286 3940 imagi-

268 3966 299 4014 9
336 3950 505 4000 Uin-ius
536 3950 701 4011 partie
733 3950 785 3997 Τ.
808 3948 1039 3995 *Manlius
1072 3946 1201 4005 dne]
1268 3944 1345 3993 nis
1371 3950 1423 3993 et
1451 3943 1639 3993 hostiae
1662 3944 1812 3992 caede
1832 3942 2182 4005 repraesentari
2206 3956 2286 3990 vo-

208 4013 275 4063 Ut
295 4013 372 4075 qui
395 4012 654 4086 prudentia
674 4026 764 4059 sua
784 4010 975 4060 triarios
999 4010 1064 4057 ad
1090 4008 1203 4057 ulti-
1270 4008 1481 4057 luerunt.
1517 4008 1689 4057 Smou.

207 4092 333 4125 mum
372 4076 631 4125 duerimen
674 4080 869 4137 praeter
908 4070 1205 4136 expectatio-
1337 4086 1365 4133 3
1398 4072 1692 4129 Piaculum]
1739 4068 1974 4119 Similiter
2007 4065 2123 4140 6795
2153 4066 2286 4127 apud

208 4155 311 4189 nem
331 4138 540 4188 hostium
562 4140 654 4187 sub
674 4138 822 4200 signis
842 4140 1081 4187 tenuerat.
1275 4134 1491 4183 Graecos
1511 4134 1566 4182 id
1577 4133 1709 4194 quod
1731 4132 2029 4193 expiandum
2048 4134 2128 4202 nt,
2138 4133 2289 4188 atque

273 4218 293 4251 1
314 4205 367 4252 Si
388 4205 432 4252 is
450 4204 606 4263 homo,
622 4204 706 4265 qul
728 4203 926 4251 aevom
947 4201 1042 4259 eet]
1067 4198 1210 4248 Haec
1273 4197 1325 4247 id
1347 4212 1446 4260 quo
1467 4196 1710 4258 expiatur,
1731 4194 1985 4257 significat.
2051 4192 2154 4239 Hic
2184 4206 2289 4239 nen-

212 4282 349 4328 usque
389 4266 453 4315 ad
491 4266 641 4314 finem
679 4264 855 4327 eapitis
889 4264 1025 4312 haud
1061 4262 1211 4311 dubie
1274 4276 1333 4311 su
1356 4260 1620 4323 posteriore
1641 4257 1982 4320 accipiendum
2004 4259 2092 4304 est.

216 4345 271 4378 ex
290 4330 489 4378 formula
508 4328 715 4391 antiqua
734 4328 1029 4390 deprompta
1048 4330 1177 4377 tunt-
