3000 4784
869 234 1058 302 LIB.
1115 235 1167 302 Ι.
1237 235 1456 303 CAP.
1510 239 1606 306 17.
2185 243 2263 303 21

189 371 504 437 Proculus
543 372 763 450 Iulius,
793 373 1062 438 sollicita
1094 375 1344 439 civitate
1385 374 1697 440 desiderio
1724 374 1906 461 regia,
1938 386 2003 439 et
2030 374 2273 438 infensa

188 459 505 536 Patribus,
535 461 756 546 gravia,
785 475 861 525 ut
899 460 1183 538 traditur,
1214 463 1499 547 quamvis
1528 485 1773 548 magnae
1807 461 1898 525 rei
1938 473 2172 538 auctor,
2202 461 2273 524 in

187 547 566 610 concionem
583 547 808 633 prodit.
859 546 1242 624 ‘Romulusss
1257 548 1483 635 inquit,
1513 557 1533 586 ‘
1548 547 1845 624 QuiriteS,
1971 569 2083 611 ens
2100 547 2271 611 urbis

191 637 212 668 ‘
229 631 440 710 huius,
488 633 688 719 prima
744 633 1052 698 hodierna
1098 634 1238 698 luce
1297 635 1474 700 coelo
1530 657 1597 698 re
1644 645 1789 698 ente
1836 570 2142 720 delapsus,
2202 655 2269 697 se

189 725 212 755 ‘
227 717 389 781 mihi
427 719 680 783 obvium
721 719 914 784 dedit.
1011 720 1249 797 Quum,
1279 721 1565 807 perfusus
1598 657 1643 784 E

189 813 210 842 ‘
225 803 499 890 duaque,
536 806 883 883 astitissem,
913 818 1138 906 petens
1178 807 1487 893 precibus,
1530 819 1601 871 ut
1646 820 1866 871 contra
1907 806 2139 871 intueri
2177 805 2270 870 sas

187 900 210 928 ‘
225 904 429 968 eaeet3
464 893 612 969 Abi,
636 893 898 970 nuntia,’
919 894 1146 993 lnquit,
1173 901 1193 930 ‘
1213 893 1549 972 Romanis,
1560 892 1860 958 coelestes
1880 893 1971 957 ita
1988 891 2169 970 velle,
2194 903 2268 956 ut

186 986 208 1014 ‘
225 999 374 1041 mea
415 977 622 1042 Roma
665 992 856 1066 caput
900 981 1067 1044 orbis
1105 993 1406 1044 terrarum
1445 980 1562 1044 sit:
1615 979 1879 1067 proinde
1924 1001 2059 1043 rem
2102 977 2268 1042 mili-

185 1073 208 1102 ‘
225 1077 430 1127 tarem
453 1065 694 1142 colant3
737 1066 1080 1152 sciantque,
1104 1081 1170 1130 et
1197 1067 1288 1130 ita
1313 1067 1575 1153 posteris
1604 1066 1869 1142 tradant,
1894 1064 2095 1130 nullas
2116 1087 2268 1152 opes

185 1160 206 1188 ‘
223 1149 534 1214 humanas
575 1153 761 1216 armis
810 1151 1114 1216 Romanis
1154 1153 1438 1216 resistere
1484 1175 1681 1240 posse.
1774 1151 1994 1228 Haec,’
2038 1151 2264 1237 inquit,

183 1245 206 1274 ‘
221 1235 494 1314 locutus,
535 1237 816 1301 sublimis
853 1238 1044 1304 abiit’
1131 1236 1393 1314 Mirum,
1429 1251 1739 1324 quantum
1780 1237 1874 1302 illi
1910 1238 2063 1314 viro,
2103 1259 2268 1300 nun-

181 1323 374 1387 tianti
400 1323 576 1400 haec,
599 1323 751 1388 fidei
779 1324 1001 1401 fuerit3
1049 1346 1238 1411 quam
1285 1347 1366 1388 ue
1395 1324 1777 1389 desiderium
1811 1323 2069 1388 Romuli
2098 1322 2267 1409 apud

179 1409 440 1496 plebem
470 1411 962 1497 exercitumque,
995 1411 1159 1475 facta
1188 1411 1233 1474 fi
1279 1434 1315 1474 e
1345 1410 1845 1486 immortalitatis,
1868 1409 2136 1474 lenitum
2164 1409 2261 1473 sit.

270 1495 539 1560 Patrum
581 1497 834 1560 interim
877 1499 1118 1562 animos
1164 1511 1481 1562 certamen
1523 1497 1703 1584 regni
1746 1519 1819 1560 ac
1857 1495 2089 1582 cupido
2126 1517 2270 1560 ver-

133 1611 162 1644 α
179 1582 378 1646 sabat.
498 1582 795 1647 Necdum
874 1584 955 1648 ad
1025 1583 1321 1669 singulm,
1395 1585 1547 1671 quia
1614 1605 1804 1648 nemo
1882 1604 2263 1669 magnopere

179 1669 510 1735 eminebat
566 1670 634 1733 in
690 1693 856 1734 novo
905 1670 1161 1757 populo,
1210 1683 1612 1757 pervenerat:
1673 1669 2048 1734 factionibus
2098 1668 2265 1733 inter

179 1754 438 1819 ordines
461 1757 829 1822 certabatur.
923 1756 1196 1822 Oriundi
1219 1760 1299 1823 ab
1335 1756 1599 1834 Sabinis,
1621 1779 1726 1833 ne,
1750 1757 1901 1843 quia
1919 1769 2061 1842 post
2090 1755 2261 1820 Tatii

179 1855 455 1906 mortem
483 1843 562 1906 ab
591 1865 704 1906 sua
729 1856 904 1929 parte
933 1866 1063 1907 non
1093 1857 1228 1908 erat
1260 1856 1611 1930 regnatum,
1641 1843 1711 1906 in
1738 1844 2031 1907 societate
2060 1863 2264 1928 aequa

430 1929 636 1992 ’onem
671 1929 920 2016 imperii
953 1930 1330 2007 amitterent,
1362 1930 1458 1993 sui
1497 1928 1773 2016 corporis
1814 1929 2009 1993 creari
2047 1951 2263 2016 regem

178 2013 496 2078 volebant.
583 2015 854 2079 Romani
889 2028 1129 2080 veteres
1159 2017 1563 2103 peregrinum
1598 2038 1813 2103 regem
1847 2016 2263 2101 aspernaban-

134 2122 164 2170 3
181 2113 304 2164 tur.
395 2099 478 2165 Iu
504 2101 688 2165 variis
715 2101 1140 2167 voluntatibus
1176 2103 1424 2188 regnari
1462 2115 1677 2166 tamen
1705 2123 1921 2166 omnes
1948 2101 2259 2179 volebant,

177 2186 492 2252 libertatis
520 2187 856 2252 dulcedine
878 2188 1164 2254 nondum
1187 2202 1462 2276 experta.
1539 2188 1761 2252 Timor
1777 2186 2009 2252 deinde
2040 2187 2259 2252 Patres

179 2273 457 2352 incessit,
505 2297 586 2338 ne
633 2274 950 2339 civitatem
993 2276 1126 2340 sine
1170 2275 1454 2362 imperi0,
1500 2273 1849 2338 exercitum
1895 2274 2028 2337 sine
2076 2273 2259 2352 duce,

177 2360 524 2424 multarum
546 2361 712 2424 circa
733 2360 1078 2425 civitatium
1101 2360 1355 2426 irritatis
1382 2360 1626 2438 animis,
1650 2361 1743 2424 vis
1765 2359 1974 2446 aliqua
2001 2372 2263 2425 externa

180 2446 547 2510 adoriretur.
639 2446 726 2510 Et
753 2469 886 2512 esse
908 2447 1102 2534 igitur
1121 2447 1378 2546 aliquod
1399 2460 1592 2533 caput
1618 2447 1934 2533 placebat3
1981 2460 2047 2510 et
2072 2469 2261 2513 nemo

181 2531 370 2596 alteri
412 2533 755 2598 concedere
794 2535 863 2598 in
897 2535 1182 2597 animum
1220 2534 1577 2597 mducebat.
1670 2531 1770 2596 Ita
1809 2555 1944 2596 rem
1987 2532 2153 2596 inter
2194 2556 2261 2598 se

133 2644 167 2688 4
182 2630 446 2682 centum
517 2619 754 2696 PatreS,
827 2619 1050 2685 decem
1117 2619 1386 2684 decuriis
1459 2617 1657 2695 iactiS,
1734 2617 2117 2704 singulisque
2192 2619 2262 2682 in

1644 743 1851 784 orrore
1880 721 2271 785 venerabun-

2382 1501 2478 1566 17.

179 2703 462 2792 singulas
509 2704 792 2771 decurias
840 2707 1082 2783 creatiS,
1130 2706 1242 2793 qui
1290 2727 1569 2770 summae
1622 2726 1832 2768 rerum
1881 2717 2258 2792 praeessent,
2278 2722 2346 2773 U.
2369 2724 2427 2775 c,
2453 2727 2528 2787 38.

179 2791 560 2857 consociant.
667 2792 913 2858 Decem
971 2793 1429 2892 imperitabant,
1488 2813 1653 2857 unus
1710 2813 1855 2856 cum
1912 2790 2259 2878 insignibus
2275 2787 2335 2837 A.
2369 2789 2428 2839 0·
2454 2801 2559 2852 714-

181 2877 432 2978 imperii
459 2892 526 2942 et
553 2879 874 2944 lictoribus
904 2892 1062 2944 erat:
1110 2902 1263 2980 qum
1312 2901 1392 2943 ue
1422 2878 1670 2943 dierum
1692 2878 1895 2964 spatio
1922 2877 2261 2942 finiebatur

136 2985 164 3034 5
181 2965 540 3051 imperium,
580 2988 656 3030 ac
699 2989 813 3066 per
858 2988 1076 3030 omnes
1121 2987 1190 3029 m
1232 2989 1306 3030 or
1386 2987 1450 3028 m
1494 2965 1661 3030 ibat:
1709 2986 2118 3050 annuumque
2160 2965 2257 3028 in-
2276 2981 2511 3046 Interfeg-

181 3049 512 3115 tervallum
556 3073 735 3139 regm
772 3051 909 3116 fuit.
1001 3050 1080 3115 Id
1119 3053 1198 3116 ab
1235 3075 1324 3128 re,
1365 3051 1539 3138 quod
1571 3073 1747 3115 nunc
1777 3073 1871 3200 gu
1958 3073 2037 3114 ue
2078 3063 2259 3117 tenet
2274 3061 2391 3094 mun
2412 3063 2495 3096 ⁸¹¹·

133 3147 166 3197 6
181 3160 438 3215 nomen,
481 3137 910 3226 interregnum
953 3137 1352 3226 appellatum.
1442 3137 1734 3202 Fremere
1822 3137 1929 3202 ein
1973 3160 2010 3201 e
2056 3136 2257 3224 plebS,
2274 3126 2307 3158 ¹¹

244 3305 276 3339 ἰ
298 3293 383 3339 Aa
399 3292 636 3354 malon]
675 3291 824 3340 Hanc
844 3290 1185 3339 lectionembx
1247 3289 1312 3338 tis
1345 3294 1543 3337 centum
1580 3303 1609 3338 e
1647 3287 1839 3337 Sabinis
1880 3287 2046 3337 allecti
2082 3294 2256 3339 essent.

181 3355 463 3403 coniectura
483 3355 678 3404 Graevii
709 3356 760 3403 in
791 3361 981 3403 textum
1002 3353 1188 3417 recepit
1252 3354 1561 3410 Plutarchus,
1570 3351 1653 3414 qui
1666 3351 1717 3399 in
1732 3352 1948 3400 Romulo
1962 3357 2155 3400 centum
2173 3355 2257 3402 ad·

182 3419 426 3468 Bsmrsn..
488 3421 534 3467 A
555 3421 775 3482 simis.
809 3421 969 3469 Onnv,
1247 3416 1402 3465 iectus
1429 3423 1690 3475 senatores,
1715 3415 1904 3464 Sabinis
1933 3415 1985 3462 in
2012 3415 2255 3465 civitatem

247 3497 278 3545 3
307 3485 552 3546 Regnum-i]
623 3483 738 3532 Hoc
767 3484 972 3532 debetur
1003 3482 1184 3544 Lipsio.
1247 3479 1476 3542 acceptis,
1508 3480 1677 3528 itidem
1712 3484 1971 3536 memorat,
1997 3479 2047 3527 in
2088 3481 2259 3530 Numa

182 3547 388 3610 Vulgati
420 3548 664 3596 habebant
690 3564 874 3609 regem:
909 3547 1090 3608 scripti,
1113 3548 1184 3594 in·
1246 3551 1413 3594 tamen
1439 3545 1568 3592 solos
1588 3549 1783 3592 centum
1806 3543 2154 3618 quinquaginta
2183 3560 2255 3594 se-

180 3617 258 3660 ter
284 3627 405 3673 quos
437 3611 650 3674 quinque
684 3627 713 3660 e
745 3611 932 3670 nostris,
962 3627 1184 3673 regnare.
1246 3615 1440 3658 nator-es
1491 3609 1585 3656 hoc
1631 3612 1849 3669 tempore
1890 3608 2035 3655 fiusse
2076 3609 2254 3658 scribit.

179 3675 425 3733 Muretus,
477 3674 724 3724 Gronovio
773 3681 1089 3734 memorante,
1135 3674 1185 3722 in
1249 3674 1408 3722 Canv.
1474 3673 1527 3721 N
1528 3671 1747 3720 iebuhrio
1764 3671 1942 3732 placet,
1956 3678 2151 3720 centum
2168 3674 2257 3722 hos

177 3755 280 3787 nno
299 3741 514 3801 quodam
539 3755 568 3788 e
598 3740 698 3787 suis
717 3740 864 3801 plane
883 3739 1060 3800 reperit
1079 3755 1182 3799 rey-
1249 3739 1420 3786 Patres
1462 3752 1492 3785 e
1531 3736 1659 3784 tribu
1700 3734 2050 3783 Ranmensium
2092 3737 2257 3797 minse,

177 3807 310 3852 nari.
379 3803 493 3851 Hoc
529 3804 810 3862 tenendum,
848 3809 898 3850 et
933 3817 1074 3850 sensu
1115 3803 1187 3849 ita
1248 3801 1422 3863 quibus
1439 3800 1613 3848 melior
1634 3798 1848 3848 conditio
1867 3805 1988 3860 erat,
2003 3815 2150 3862 quam
2172 3801 2255 3850 Ti·

177 3869 476 3930 postulante,
497 3874 548 3916 et
575 3873 770 3915 auctore
795 3865 1075 3924 Plutarcho,
1103 3865 1186 3928 qui
1249 3865 1494 3914 tiensibus.

177 3933 350 3995 procul
384 3931 532 3980 dubio
569 3932 764 3979 intuens
797 3931 928 3978 hunc
961 3929 1088 3978 Livii
1119 3930 1186 3977 lo-
1315 3941 1342 3991 5
1373 3929 1659 3979 finiebatur
1678 3929 1959 4002 imperium]
2004 3927 2167 3977 Unius
2184 3927 2255 3978 in-

177 4012 313 4054 cum,
340 3997 410 4045 sic
439 3997 588 4044 habet
617 3995 756 4043 initio
789 3995 985 4058 Numis,
1015 3993 1070 4041 οὐ
1095 3992 1190 4052 μὴν
1249 3993 1460 4056 ten-egis,
1481 3993 1522 4040 ai
1548 3992 1785 4054 Dionysio
1806 3993 2087 4052 credamus3
2110 3994 2257 4042 totius

179 4059 310 4108 ἂλλὰ
341 4059 676 4117 βασιλεύεσθαι
714 4055 802 4118 μὲν
841 4055 991 4106 &Mutet
1031 4057 1186 4106 πᾶσιν.
1251 4056 1472 4116 decuriae,
1488 4057 1529 4104 si
1546 4055 1811 4104 Plutarcho
1828 4056 1879 4104 in
1898 4057 1949 4104 N
1952 4071 2081 4107 uma.
2135 4057 2255 4107 Dio-

179 4125 345 4174 Cm.
1253 4121 1442 4182 nysium
1465 4120 1683 4182 sequitur
1704 4119 1907 4170 Niebhr.

242 4207 276 4251 4
308 4189 732 4248 (hnmnPatv-ee]
771 4185 1094 4249 Dionysiusii.
1111 4197 1190 4248 57,
1323 4183 1356 4233 6
1387 4187 1616 4234 Frmre
1648 4185 1809 4246 plebs]
1892 4185 1925 4210 ‘⁴
1945 4185 2165 4246 Populus
2204 4182 2256 4230 id

179 4254 419 4302 ducentos
441 4253 534 4301 hoc
549 4258 770 4314 tempore
785 4251 930 4299 fixisse
945 4250 1031 4309 ait,
1048 4265 1190 4312 prop·
1253 4264 1350 4297 non
1371 4248 1505 4307 tulit,
1520 4247 1851 4309 desiderioque
1866 4247 2067 4296 Romuli
2090 4251 2259 4308 postea

179 4323 316 4366 terea
350 4318 501 4378 quod,
530 4317 722 4365 foedere
755 4331 867 4363 cum
900 4314 1046 4363 Tatio
1075 4314 1192 4372 icto,
1253 4328 1413 4376 regem
1434 4311 1651 4374 flagitare
1682 4327 1779 4360 non
1800 4309 2035 4360 dautiw
2067 4310 2172 4360 Cic.
2193 4310 2259 4360 de

181 4380 426 4431 veteribus
449 4380 748 4431 senatoribus
770 4395 804 4428 a
823 4380 1039 4430 Romulo
1061 4393 1188 4428 crea-
1255 4378 1382 4440 Rep.
1405 4377 1454 4426 ii.
1483 4391 1555 4426 η.

2308 3126 2443 3162 uum·
