3000 4784
795 247 988 313 LIB.
1036 247 1160 314 IX.
1222 244 1446 313 CAP.
1493 250 1599 313 34.
2129 252 2257 313 539

111 386 136 417 ‘
165 379 260 445 C.
301 378 620 446 Maenius
675 380 966 461 dictator,
1019 383 1189 469 quia,
1237 403 1438 470 quum
1497 380 1903 469 quaestiones
1960 381 2257 459 severius,
2279 394 2350 445 U.
2370 393 2432 445 G.
2454 411 2569 456 444.

115 474 138 503 6
163 490 394 553 quam
433 468 816 568 quibusdam
862 469 1231 557 potentibus
1277 481 1490 533 tutum
1535 479 1689 545 erat,
1720 481 2065 545 exerceret,
2108 490 2261 533 con·
2278 460 2342 510 A.
2374 460 2435 511 0·
2460 460 2571 521 30⁸·

117 559 140 589 ‘
167 554 368 653 tagio
429 576 584 632 eius,
639 554 814 643 quod
872 556 1219 641 quaerebat
1277 554 1432 641 ipse,
1485 553 1767 619 criminis
1817 554 2133 619 obiectata
2182 554 2263 619 ab

120 646 143 676 ‘
167 640 474 705 immicis
513 653 629 719 est,
661 653 735 705 ut
769 640 1050 728 privatus
1090 640 1344 705 obviam
1379 642 1503 705 iret
1542 640 1813 718 crimini,
1846 640 2161 706 dictatura
2194 662 2263 706 se

125 732 146 763 ‘
171 726 537 791 abdicavit.
629 726 804 792 Nolo
843 738 898 791 'e
1039 727 1222 791 istam
1280 726 1351 790 in
1407 738 1470 790 te
1531 726 1945 793 modestiam:
2008 749 2093 791 ne
2151 727 2265 793 de-

127 820 148 849 ‘
173 813 603 899 generaveris
667 836 708 878 a
763 750 1004 877 famffis
1063 812 1577 901 imperiosissima
1636 825 1703 877 et
1769 813 2215 899 superbissima
2242 838 2261 877 τ

131 905 154 937 6
175 922 328 963 non
377 898 507 977 die,
555 922 688 964 non
731 900 890 966 hora
933 899 1138 977 citius,
1190 920 1382 986 quam
1427 920 1685 963 necesse
1734 912 1847 976 est,
1900 899 2267 986 magistratu

133 992 154 1022 ‘
181 986 474 1063 abieris;
520 985 714 1051 modo
743 1009 826 1051 ne
855 985 1127 1050 excedas
1155 986 1408 1051 finitum
1445 997 1714 1071 tempus·
1811 984 1977 1050 Satis
2006 999 2121 1063 est,
2156 998 2267 1050 aut

137 1078 158 1108 ‘
181 1071 398 1150 diem,
429 1086 542 1137 aut
570 1094 856 1137 mensem
886 1095 1187 1137 censurae
1217 1071 1540 1136 adiicere?
1600 1071 2002 1148 Triennium,
2034 1072 2265 1157 inquit,

139 1164 161 1194 ‘
185 1171 260 1223 et
310 1180 432 1224 sex
480 1180 728 1223 menses
774 1158 956 1235 ultra,
990 1182 1182 1245 quam
1229 1157 1381 1222 licet
1412 1156 1693 1221 Aemilia
1730 1156 1891 1243 lege,
1934 1178 2266 1221 censuram

141 1251 164 1281 ‘
186 1267 443 1331 geram,
489 1258 558 1310 et
601 1245 771 1309 solus
808 1267 1044 1332 geram.
1137 1242 1286 1309 Hoc
1326 1243 1591 1329 quidem
1636 1242 1763 1306 iam
1815 1265 2013 1331 regno
2060 1242 2265 1306 simile

144 1337 166 1367 ‘
191 1344 318 1396 est.
437 1330 550 1397 An
607 1330 916 1417 collegam
973 1331 1164 1395 subro
1209 1330 1362 1407 abis,
1423 1350 1617 1417 quem
1676 1352 1761 1392 ne
1819 1329 1889 1392 in
1948 1328 2267 1394 demortui

95 1420 126 1471 6
147 1424 168 1454 ‘
193 1417 472 1503 quidem
517 1418 731 1483 locum
775 1417 1103 1505 subrogari
1147 1353 1240 1481 ἐς
1277 1428 1373 1480 est
1393 1416 1424 1479 ἵ
1513 1414 1812 1480 Poenitet
1853 1416 2047 1493 enim,
2089 1415 2266 1502 quod

148 1510 170 1541 ‘
194 1504 719 1590 antiquissimum
763 1502 1067 1580 sollenne,
1116 1516 1183 1568 et
1233 1501 1440 1567 solum
1479 1502 1561 1566 ab
1608 1501 1766 1588 ipsc),
1804 1502 1911 1566 cui
1950 1502 2045 1579 fit,
2084 1501 2266 1565 insti-

150 1597 172 1628 ‘
197 1602 422 1653 tutum
461 1589 604 1667 den,
635 1589 716 1655 ab
754 1589 1158 1655 nobilissimis
1199 1587 1587 1653 antistitibus
1628 1588 1767 1652 eius
1808 1588 1967 1652 sacri
2014 1587 2096 1652 ad
2135 1610 2268 1653 ser-

153 1682 172 1713 ‘
195 1698 432 1739 vorum
503 1676 924 1741 ministerium
996 1674 1326 1762 religiosus
1389 1694 1615 1739 censor
1671 1673 2033 1751 deduxisti3
2109 1696 2267 1761 gens

155 1769 176 1800 ‘
199 1761 530 1848 antiquior
565 1762 915 1849 originibus
941 1761 1118 1826 urbis
1152 1762 1362 1839 huiuS,
1392 1759 1670 1847 hospitio
1699 1758 1966 1825 deorum
2006 1759 2270 1825 immor-

156 1856 180 1884 ‘
203 1846 434 1912 talium
469 1862 703 1925 sancta,
732 1860 994 1936 propter
1031 1860 1096 1912 te
1131 1871 1205 1913 ac
1241 1862 1416 1913 tuam
1455 1868 1786 1912 censuram
1824 1847 1993 1911 intra
2025 1869 2267 1911 annum

157 1942 180 1972 ‘
203 1934 288 1999 ab
327 1934 524 2022 stirpe
563 1935 880 2000 exstincta
921 1947 1056 1998 est:
1104 1934 1228 2000 nisi
1277 1934 1637 1999 universam
1682 1932 2139 2021 rempublicam
2186 1954 2266 1998 eo

158 2028 180 2058 ‘
203 2020 450 2086 nefario
467 2021 895 2099 obstrinxeriS,
915 2019 1092 2107 quod
1108 2020 1375 2085 ominari
1397 2020 1591 2085 etiam
1613 2020 1980 2084 reformidat
1996 2020 2263 2083 animus.

163 2115 184 2145 ‘
211 2106 386 2172 Urbs
426 2129 506 2173 eo
546 2106 746 2173 lustro
784 2120 970 2194 capta
1007 2118 1122 2183 est,
1155 2129 1303 2192 qu0,
1335 2106 1671 2169 demortuo
1710 2104 1954 2190 collega
1995 2102 2072 2169 C.
2098 2103 2269 2169 Iulio

163 2202 184 2231 6
209 2215 495 2271 censore,
520 2193 596 2258 L.
619 2194 912 2294 Papirius
939 2192 1196 2269 Cursor,
1219 2214 1304 2257 ne
1333 2191 1536 2257 abiret
1566 2190 1954 2275 magistratu,
1981 2188 2077 2254 M.
2104 2188 2273 2253 Cor-

163 2287 186 2319 ‘
209 2279 455 2345 nelium
497 2279 1014 2367 Maluginensem
1063 2278 1372 2365 collegam
1421 2276 1801 2363 subrogavit.
1894 2274 1984 2340 Et
2026 2286 2269 2361 quanto

166 2373 190 2404 ‘
211 2366 556 2432 modestior
603 2366 772 2432 illius
822 2363 1136 2453 cupiditas
1183 2365 1325 2442 fuit,
1382 2384 1575 2450 quam
1628 2374 1755 2439 tua,
1806 2361 2035 2449 Appi?
2123 2360 2192 2427 N
2194 2383 2269 2427 ec

169 2460 191 2491 ‘
213 2453 402 2530 solus,
431 2476 552 2518 nec
581 2454 748 2518 ultra
773 2453 1030 2517 finitum
1058 2451 1200 2552 lege
1230 2464 1480 2537 tempus
1511 2448 1589 2514 L.
1615 2447 1907 2535 Papirius
1936 2470 2270 2515 censuram

169 2547 191 2577 ‘
213 2539 446 2627 gessit3
491 2552 708 2605 tamen
747 2538 1071 2604 neminem
1116 2538 1382 2613 invenit,
1413 2535 1528 2623 qui
1570 2558 1637 2600 se
1680 2546 1904 2621 postea
1944 2546 2269 2598 auctorem

172 2633 193 2664 ‘
217 2638 618 2713 sequeretur:
651 2648 874 2691 omnes
895 2624 1196 2711 deinceps
1217 2644 1509 2689 censores
1530 2634 1675 2708 post
1696 2632 1965 2685 mortem
1987 2618 2269 2706 collegae

171 2720 196 2751 6
219 2734 288 2789 se
331 2712 698 2800 magistratu
739 2712 1130 2777 abdicarunt.
1173 2754 1180 2759 -
1222 2710 1342 2786 Te,
1373 2730 1494 2772 nec
1537 2707 1715 2794 quod
1753 2705 1890 2771 dies
1931 2706 2067 2771 exit
2118 2727 2270 2769 cen-

176 2807 199 2837 ‘
221 2821 418 2877 surae,
469 2822 590 2865 nec
635 2798 808 2886 quod
860 2797 1104 2884 collega
1155 2796 1517 2882 magistratu
1572 2793 1745 2871 abiit,
1798 2815 1919 2857 nec
1969 2791 2095 2869 lex,
2148 2813 2270 2855 nec

179 2893 200 2924 ‘
221 2885 423 2973 pudor
448 2898 736 2951 coercet:
786 2884 1088 2948 virtutem
1129 2882 1200 2946 in
1235 2880 1551 2967 superbia,
1582 2880 1651 2943 in
1689 2878 1973 2957 audacia,
2003 2878 2075 2942 in
2116 2899 2271 2942 con-

179 2980 202 3011 ‘
227 2985 466 3072 temptu
493 2972 758 3037 deorum
788 2970 1248 3055 hominumque
1279 2967 1480 3055 ponis.
1574 2966 1717 3054 Ego
1747 2980 1831 3043 te,
1858 2966 1984 3053 Ap.
2012 2963 2269 3042 Claudi,

181 3067 203 3098 ‘
225 3080 338 3145 pro
363 3059 541 3123 1stius
575 3082 640 3122 m
724 3058 738 3072 ‘
776 3070 976 3121 tratus
1010 3056 1334 3121 maiestate
1371 3076 1445 3118 ac
1472 3051 1875 3131 verecundia,
1907 3074 2101 3139 quem
2130 3072 2273 3138 ges·

183 3152 205 3184 ‘
227 3145 374 3223 sisti,
403 3168 535 3209 non
576 3168 639 3209 m
729 3167 768 3209 ο
803 3165 998 3207 manu
1025 3141 1350 3217 violatum,
1381 3139 1496 3205 sed
1534 3162 1617 3204 ne
1646 3140 1841 3204 verbo
1916 3137 2134 3202 uidem
2172 3137 2273 3199 in·-

185 3241 206 3271 ‘
229 3230 611 3297 clementiori
655 3254 694 3295 a
735 3252 838 3294 me
883 3227 1272 3316 appellatum
1312 3224 1583 3290 vellem:
1632 3225 1745 3289 sed
1790 3237 1857 3287 et
1946 3244 2076 3298 aec,
2107 3243 2271 3306 quae

187 3326 208 3357 ‘
229 3317 426 3383 adhuc
455 3318 579 3406 egi,
608 3316 962 3405 pervicacia
991 3328 1102 3379 tua
1129 3325 1197 3378 et
1226 3310 1521 3398 superbia
1548 3309 1761 3395 coegit
1787 3331 1891 3372 me
1920 3306 2097 3393 loqui
2120 3330 2138 3383 3
2186 3320 2273 3385 et,

139 3420 166 3470 7
187 3414 208 3445 ‘
229 3404 346 3468 nisi
373 3404 686 3470 Aemiliae
731 3401 859 3490 legi
903 3400 1204 3488 parueris,
1235 3397 1304 3461 in
1333 3395 1589 3460 vincula
1615 3394 1766 3458 duci
1808 3392 2082 3457 iubebo:
2130 3415 2272 3470 nec,

140 3550 172 3597 8
189 3500 208 3530 6
234 3514 420 3577 quum
450 3491 541 3555 ita
560 3513 700 3556 com
787 3501 996 3553 ratum
1019 3510 1057 3551 a
1079 3483 1418 3549 maioribus
1438 3481 1539 3558 sit,
1564 3492 1656 3557 ut,
1682 3478 1952 3545 comitiis
1974 3478 2277 3578 censoriis

141 3627 172 3678 9
191 3588 210 3616 ‘
234 3576 347 3642 nisi
392 3576 520 3643 duo
578 3600 700 3642 con
725 3575 966 3641 ecerint
1017 3572 1304 3659 legitima
1351 3567 1665 3653 suffragia,
1718 3588 1853 3631 non
1908 3577 2275 3631 renuntiato

193 3674 214 3704 ‘
235 3663 420 3729 altero
462 3663 717 3729 comitia
754 3661 1146 3735 differantur,
1177 3680 1297 3743 ego
1327 3668 1412 3731 te,
1443 3654 1557 3740 qui
1596 3652 1766 3769 solus
1810 3674 2035 3717 censor
2074 3652 2275 3717 creari

194 3760 215 3790 ‘
237 3773 357 3816 non
381 3751 599 3839 possis,
631 3748 835 3814 solum
866 3767 1196 3812 censuram
1225 3764 1444 3830 gerere
1474 3740 1693 3829 patiar.
1783 3737 1969 3804 Haec
1999 3738 2276 3825 'taliaque

261 4052 290 4103 6
317 4054 532 4105 Paenitet
561 4053 716 4110 enim]
759 4049 812 4100 N
815 4064 879 4098 on
912 4047 1044 4098 enim
1077 4045 1193 4097 satis
1257 4043 1384 4095 erint
1404 4060 1518 4094 eum
1542 4042 1878 4105 suffragiorum
1902 4052 2179 4098 numerum,
2192 4037 2277 4099 qui

200 4118 284 4169 tibi
304 4124 380 4171 est.
445 4117 588 4173 Haec
607 4114 792 4165 ironice
812 4113 948 4163 dicta
965 4110 1151 4173 accipe.
1257 4110 1364 4173 lege
1387 4108 1713 4171 praescriptus
1735 4111 1822 4153 est.
1854 4105 2015 4154 (ἔην.

267 4196 289 4245 7
315 4185 376 4233 In
403 4182 603 4232 vincula
631 4180 773 4239 duci]
823 4194 890 4229 sc.
927 4176 1004 4227 Ut
1034 4176 1194 4240 priva-
1322 4188 1354 4247 9
1387 4175 1507 4221 Non
1539 4170 1823 4243 renuntiato
1854 4168 2032 4225 altero]
2078 4166 2277 4241 ‘Alter-o,

202 4252 314 4295 tum.
515 4294 523 4299 ,
1255 4250 1338 4298 qui
1383 4235 1597 4283 confecit
1638 4235 1857 4293 legitima
1895 4230 2141 4292 suffragia,
2176 4244 2279 4286 non

265 4311 292 4360 8
311 4310 413 4365 Nisi
426 4312 522 4359 duo
539 4308 836 4369 censeamus
853 4306 1068 4367 legitima
1088 4304 1190 4364 ms-
1257 4306 1420 4347 tamen
1447 4296 1745 4355 renuntiato,
1770 4310 1869 4343 non
1891 4294 2140 4345 declarato
2162 4308 2274 4345 een·

195 4376 374 4437 swein]
417 4374 528 4425 Nisi
550 4375 652 4423 duo
673 4372 820 4437 plene
848 4365 1096 4427 consecuti
1117 4366 1192 4415 fu-
1257 4378 1380 4414 sore.
1406 4362 1570 4414 cuv.
