3000 4784
808 192 997 263 LIB.
1044 192 1127 261 V.
1198 196 1421 263 CAP.
1476 203 1574 263 12.
2123 206 2250 268 301

139 336 160 365 ‘
184 329 449 397 Faliscis
492 328 785 396 Romana
823 345 1041 397 castra.
1137 332 1378 399 Omnia
1410 333 1569 412 fieri,
1601 348 1678 399 ut
1715 350 2130 403 consenescat
2174 336 2256 402 ad
2277 349 2347 400 U.
2369 350 2429 401 c.
2455 364 2566 415 354·

138 422 159 451 ‘
184 418 389 481 Veios
422 418 741 495 iuventus,
772 440 893 484 nec
923 417 1005 483 de
1038 420 1202 506 agris
1238 442 1357 484 nec
1386 419 1472 485 de
1502 422 1643 485 aliis
1672 422 2026 488 commodis
2053 423 2258 511 plebis
2276 414 2338 465 A.
2373 415 2434 464 0·
2460 417 2572 481 ³9⁸·

98 508 159 569 7‘
178 502 345 567 ferre
378 503 469 567 ad
504 504 815 592 populum
850 505 1108 582 tribuni,
1138 505 1629 594 frequentiaque
1667 509 1914 573 urbana
1939 510 2257 575 celebrare

138 595 157 623 ‘
177 590 493 667 actiones,
544 602 613 655 et
663 592 951 655 resistere
1010 592 1465 678 conspirationi
1521 594 1932 680 patriciorum
1991 597 2253 683 possint.

98 681 155 731 3‘
178 673 667 741 Praeiudicium
728 678 855 740 iam
907 675 989 741 de
1048 678 1172 742 reis
1224 690 1291 743 et
1340 680 1420 743 ab
1472 692 1718 758 senatu,
1767 696 1834 745 et
1885 683 1965 746 ab
2103 683 2258 769 pulo

135 768 153 797 ‘
178 759 508 839 Romano,
558 774 625 827 et
670 764 750 827 ab
796 763 1078 850 ipsorum
1126 763 1385 864 collegis
1428 766 1671 830 factum
1717 790 1872 831 esse.
1969 706 2142 832 bia-m
2189 782 2257 833 et

98 853 151 912 >⁶
172 848 734 914 senatusconsulto
779 872 891 913 eos
936 850 1016 913 ab
1062 850 1389 936 republica
1430 865 1706 917 remotos
1755 875 1913 930 esse,
1955 867 2024 919 et
2069 876 2255 918 recu·
2343 892 2356 905 ·

132 938 151 967 ‘
172 946 391 998 santes
430 935 726 1001 abdicare
762 958 829 999 se
870 935 1255 1023 magistratu,
1286 935 1612 1001 dictatoris
1656 951 1836 1003 metu
1875 940 1955 1003 ab
1991 940 2250 1027 collegis

130 1024 149 1053 ‘
171 1022 495 1085 coercitos
540 1044 717 1087 esse:
765 1034 833 1086 et
877 1021 1189 1109 populum
1236 1022 1604 1087 Romanum
1649 1024 1939 1089 tribunos
1985 1048 2248 1104 creasse,

129 1111 151 1141 ‘
216 1106 287 1168 ui
335 1129 479 1171 non
520 1106 743 1172 Idibus
779 1107 1244 1173 Decembribus
1288 1108 1394 1173 die
1439 1109 1729 1189 sollenni,
1767 1110 1882 1175 sed
1925 1112 2251 1200 extemplo

130 1196 149 1225 ‘
172 1128 503 1257 {alendis
546 1192 931 1259 Octobribus
978 1194 1413 1281 magistratum
1460 1196 1845 1282 occiperent,
1889 1199 2044 1283 quia
2085 1212 2249 1263 stare

128 1283 147 1311 ‘
168 1276 423 1343 diutius
482 1279 855 1367 respublica,
915 1280 1015 1344 his
1074 1282 1477 1345 manentibus
1536 1282 1608 1344 in
1665 1284 2056 1369 magistratu,
2117 1306 2250 1348 non

130 1368 151 1397 ‘
169 1378 409 1448 posset.
508 1364 596 1431 Et
634 1378 850 1431 tamen
889 1388 1017 1443 eoS,
1050 1379 1148 1430 tot
1181 1366 1437 1431 iudiciis
1476 1367 1799 1432 confossos
1834 1368 2250 1455 praedamna-

128 1455 147 1483 ‘
170 1461 429 1537 tosque,
480 1451 693 1517 venire
748 1452 832 1517 ad
888 1452 1113 1539 populi
1172 1451 1523 1530 iudicium3
1585 1466 1653 1517 et
1703 1454 2084 1532 existimare,
2135 1455 2248 1520 de·

132 1541 149 1569 ‘
168 1534 435 1603 functos
478 1561 545 1602 se
592 1561 745 1616 esse,
778 1539 1055 1625 satisque
1096 1560 1446 1625 poenarum
1490 1540 1760 1617 dedisse,
1794 1540 1969 1628 quod
1998 1541 2248 1605 duobus

130 1624 505 1689 ‘mensibus
547 1625 733 1689 citius
774 1625 1002 1711 privati
1046 1624 1199 1689 facti
1240 1625 1403 1689 sintt
1452 1649 1664 1713 neque
1711 1626 2089 1714 intelligere,
2132 1649 2249 1691 no-

132 1713 151 1742 ‘
172 1709 369 1773 cendi
398 1711 522 1775 sibi
553 1711 791 1776 diutius
832 1724 971 1775 tum
1001 1723 1381 1797 potestatem
1422 1726 1709 1799 ereptam
1741 1736 1897 1791 esse,
1929 1736 2063 1777 non
2092 1736 2248 1813 poe·

132 1800 150 1828 ‘
166 1816 319 1859 nam
360 1796 740 1883 irrogatam3
788 1798 899 1883 qui
946 1820 1027 1884 pe
1068 1808 1136 1860 et
1174 1796 1433 1884 collegis
1474 1800 1848 1885 abrogatum
1885 1800 2243 1887 imperium,

132 1886 151 1914 ‘
169 1882 281 1965 qui
342 1896 523 1948 certe
590 1882 752 1948 nihil
810 1884 891 1947 de
920 1883 1245 1969 ‘quissent
1368 1883 1521 1948 Illos
1579 1898 1946 1971 repeterent
2003 1886 2246 1951 animos

132 1972 151 2001 ‘
172 1966 489 2046 Quirites,
586 1992 703 2033 uos
761 1970 1003 2034 recenti
1060 1968 1242 2035 clade
1290 1982 1552 2058 accepta
1601 1970 1988 2048 habuissent,
2043 1994 2244 2058 quum

98 2074 114 2107 ι
134 2058 153 2087 ‘
168 2051 325 2139 fuga
378 2056 545 2142 trepi
592 2078 721 2133 um,
766 2055 1031 2143 plenum
1075 2056 1411 2121 vulnerum
1454 2078 1530 2120 ac
1572 2079 1805 2142 pavore
1851 2057 2244 2122 incidentem

136 2144 154 2172 ‘
170 2140 375 2223 portis
415 2142 767 2206 exercitum
811 2141 1107 2220 viderint,
1154 2164 1287 2206 non
1330 2142 1653 2206 fortunam
1699 2155 1811 2206 aut
1854 2166 2047 2230 quem
2095 2166 2244 2207 uam

136 2232 153 2259 ‘
170 2224 463 2305 deorum,
494 2228 609 2293 sed
643 2227 759 2293 hos
790 2228 987 2292 duces
1014 2240 1434 2292 accusantem.
1529 2228 1658 2293 Pro
1687 2240 1861 2293 certo
1891 2250 1958 2292 se
1987 2227 2074 2291 ha
2115 2251 2243 2304 ere,

140 2318 157 2345 ‘
175 2314 503 2379 neminem
534 2315 601 2377 in
620 2314 925 2379 concione
950 2325 1133 2391 stare,
1154 2314 1267 2399 qui
1297 2313 1409 2378 illo
1435 2314 1542 2378 die
1567 2337 1700 2379 non
1723 2326 1934 2400 caput,
1961 2313 2242 2391 domum,

140 2403 159 2432 ‘
178 2396 593 2487 fortunasque
636 2400 712 2465 L.
741 2399 1018 2486 virginii
1057 2422 1132 2463 ac
1164 2398 1275 2462 M’.
1316 2398 1522 2485 Sergii
1561 2400 1643 2463 sit
1672 2412 2034 2465 exsecratus
2064 2398 2247 2463 dete-

145 2490 163 2517 ‘
182 2496 528 2573 statusque.
609 2486 883 2550 Minime
914 2486 1273 2562 convenire,
1307 2485 1540 2572 quibus
1569 2485 1760 2549 iratos
1789 2485 2062 2570 quisque
2091 2484 2248 2551 deos

144 2576 163 2605 ‘
178 2586 475 2655 precatus
502 2574 604 2651 sit,
634 2572 705 2636 in
744 2572 823 2637 iis
852 2594 969 2636 sua
1006 2583 1337 2657 potestate,
1371 2592 1572 2657 quum
1612 2569 1802 2635 liceat
1829 2584 1898 2635 et
1935 2582 2244 2656 oporteat,

146 2662 164 2690 ‘
180 2678 309 2721 non
366 2660 483 2724 uti.
605 2658 957 2745 Nunquam
1017 2656 1172 2721 deos
1231 2656 1399 2743 ipsos
1472 2655 1808 2720 admovere
1868 2656 2248 2721 nocentibus

146 2748 165 2776 ‘
186 2762 449 2809 manusz
498 2745 647 2810 satis
675 2766 831 2822 esse,
862 2745 917 2807 si
948 2744 1275 2808 occasione
1308 2741 1657 2807 ulciscendi
1685 2742 1888 2807 laesos
1915 2745 2203 2807 arment?

228 2828 351 2896 His
380 2832 773 2915 orationibus
810 2830 1073 2895 incitata
1110 2829 1291 2916 plebs
1318 2828 1504 2893 denis
1531 2828 1810 2894 millibus
1848 2830 2012 2894 aeris
2041 2830 2248 2917 gravis
2377 2831 2472 2892 12.

142 2934 279 2981 reos
318 2917 726 2995 condemnat,
769 2916 1200 3003 nequicquam
1248 2914 1471 3016 Sergio
1517 2914 1796 2981 Martem
1841 2938 2246 2982 communem
2265 2914 2520 2964 Damnati.
2617 2972 2624 2979 .

143 2997 291 3067 belli
320 3003 769 3089 fortunamque
810 3014 1164 3079 accusante,
1197 3000 1493 3089 Virginio
1522 3002 1927 3089 deprecante,
1960 3025 2042 3067 ne
2083 3003 2247 3067 infe-

144 3082 323 3153 licior
361 3089 555 3166 domi,
588 3110 781 3177 quam
824 3087 1106 3165 militiae,
1137 3101 1317 3152 esset.
1411 3087 1490 3152 In
1531 3088 1647 3153 hos
1675 3111 1857 3152 versa
1894 3089 1988 3152 ira
2111 3088 2248 3175 puli

146 3176 563 3263 cooptationis
610 3176 1007 3240 tribunorum
1052 3173 1441 3259 fraudisque,
1483 3185 1706 3237 contra
1743 3173 1953 3259 legem
1999 3112 2247 3238 'fit-›ebo-

149 3258 319 3327 niam
357 3265 580 3339 factae,
612 3260 985 3327 memoriam
1026 3260 1356 3323 obscuram
1386 3258 1556 3322 fecit.
1647 3257 1940 3322 Victores
1984 3258 2246 3337 tribuni,

149 3356 219 3407 ut
274 3360 675 3436 praesentem
732 3344 1095 3411 mercedem
1154 3344 1377 3409 iudicii
1434 3343 1654 3430 plebes
1699 3343 1982 3420 haberet,
2037 3343 2247 3431 legem

150 3436 450 3517 agrariam
516 3455 698 3522 prom
895 3444 940 3508 t,
1014 3430 1449 3516 tributumque
1521 3428 1793 3493 conferri
1861 3428 2243 3517 prohibent:

110 3540 134 3573 2
151 3538 347 3602 quum
378 3534 473 3585 tot
515 3520 779 3585 exerciti
826 3540 901 3582 us
939 3516 1257 3603 stipendio
1297 3540 1337 3580 o
1382 3538 1457 3578 us
1496 3526 1682 3591 esset,
1714 3536 1942 3601 resque
1985 3516 2247 3581 militiae

151 3601 237 3669 ita
261 3629 561 3695 prospere
589 3617 980 3694 gererentur,
1013 3615 1086 3667 ut
1114 3601 1293 3667 nullo
1416 3600 1503 3666 llo
1533 3602 1859 3666 veniretur
1888 3600 1972 3666 ad
2001 3602 2248 3667 exitum

218 3813 241 3863 7
274 3805 669 3916 Frequenn’assue
698 3804 893 3866 urbana
922 3802 1167 3851 celebr-m
1232 3798 1445 3869 neribus,
1495 3815 1529 3848 a
1587 3799 1886 3861 reipublicae
1945 3798 2249 3849 administra-

156 3868 383 3929 actiones]
420 3867 471 3916 h.
495 3884 536 3916 e.
606 3866 827 3930 requenti
850 3866 1029 3915 civium
1054 3880 1165 3913 con·
1231 3863 1381 3912 tione.

158 3942 294 3977 eursu
330 3931 566 3980 maiorem
600 3931 875 3980 actionibus
908 3930 1167 3977 auctorita-
1304 3943 1321 3976 1
1361 3930 1583 3989 Pavore]
1625 3928 1722 3977 Pro
1749 3944 1938 3991 pavore
1969 3926 2111 3975 malit
2134 3926 2250 3975 Cro-

158 3994 251 4041 tem
276 4010 574 4057 comparare.
608 3996 670 4045 cf.
693 3994 799 4045 Cic.
824 4010 913 4057 pro
936 3994 1059 4057 Syll.
1083 4007 1129 4042 α.
1230 3992 1346 4041 vier.
1364 3993 1586 4055 pavon‘s,
1608 3993 1693 4040 sed
1721 4007 1908 4054 pavore
1933 4006 2032 4038 non
2054 3990 2119 4036 ad
2147 3991 2253 4050 plo-

218 4058 247 4106 8
269 4061 665 4120 Pmeiudicium]
687 4074 753 4108 sc.
774 4058 885 4106 Iam
906 4063 1023 4106 ante
1044 4057 1167 4105 haec
1231 4072 1367 4116 num,
1392 4056 1479 4104 sed
1512 4056 1578 4104 ad
1610 4056 1899 4104 incidentem
1931 4052 2257 4127 referendum,

162 4132 239 4169 eos
268 4123 419 4171 tacite
450 4124 711 4172 damnatos
744 4136 863 4170 esse.
932 4120 1171 4170 Similiter
1234 4124 1285 4168 et
1316 4134 1407 4181 pro
1434 4135 1545 4169 cum
1574 4134 1761 4181 pavore
1791 4116 2132 4178 accipiendum
2165 4119 2256 4162 est.

164 4186 322 4243 paullo
345 4192 457 4247 post
478 4185 675 4249 Sergius
696 4192 747 4235 et
761 4184 1013 4248 Virginius
1027 4200 1171 4247 prae·
1240 4184 1409 4233 Dosa.

165 4248 371 4297 damnati
393 4249 639 4299 dicuntur.
681 4252 849 4299 Dosa.
1312 4261 1337 4295 2
1381 4248 1574 4309 Resque
1626 4246 1830 4293 militiae
1877 4243 1950 4290 ita
1995 4242 2258 4313 prospers]

226 4326 255 4375 9
276 4315 351 4363 Ab
374 4316 653 4377 republica]
680 4330 747 4364 sc.
771 4315 813 4363 Δ
839 4311 1049 4375 publicis
1069 4327 1173 4360 mu·
1240 4310 1441 4371 Resque
1462 4308 1670 4357 militiae
1697 4320 1926 4369 prospero
1951 4302 2148 4364 quidem
2181 4318 2261 4365 go-
