3000 4784
671 158 791 217 138
1428 150 1653 218 ΤΙΤΙ
1713 150 1986 218 L1v11

518 318 627 383 283·
664 289 801 355 sine
848 289 1256 377 magistratu3
1302 290 1698 378 violatusque
1744 302 1910 355 esset
1955 288 2264 366 tribunus,
2305 288 2376 351 ni
2421 299 2491 351 et
2537 285 2764 351 concio

518 383 629 449 469·
666 376 872 443 omnis
898 388 1079 441 atrox
1110 388 1325 441 coorta
1350 398 1468 463 pro
1496 378 1752 443 tribuno
1787 378 1856 441 in
1894 375 2222 441 consulem
2257 373 2462 457 esset‘f3
2513 384 2582 437 et
2609 394 2764 436 con-

666 484 885 528 cursus
927 462 1261 527 hominum
1305 464 1374 527 in
1419 465 1628 529 forum
1677 486 1758 528 ex
1810 476 1946 528 tota
1989 463 2146 527 urbe
2193 461 2548 525 concitatae
2595 457 2768 522 mul-

667 548 957 615 titudinis
994 550 1192 615 fieret.
1288 549 1654 616 Sustinebat
1695 564 1909 616 tamen
1941 549 2050 635 Ap
2095 550 2194 613 ius
2235 547 2586 635 pertinacia
2623 558 2768 609 tan-

668 648 797 701 tam
856 648 983 701 tem
1070 649 1335 701 statem:
1403 650 1840 725 certatumque
1892 573 2094 701 haudp
2124 636 2458 700 incruento
2517 631 2768 719 proelio

666 722 847 800 soret,
878 723 947 786 ni
1052 722 1345 801 uinctiu8‚
1376 724 1598 789 consul
1627 724 1804 801 alter,
1839 722 2272 789 consularibus
2299 720 2556 807 negotio
2583 718 2764 795 dato,
2783 742 2818 784 4

668 823 742 873 ut
784 809 1092 896 collegam
1129 810 1212 887 vi,
1244 810 1295 874 si
1340 810 1524 875 aliter
1565 832 1696 875 non
1740 822 2015 897 possent,
2047 808 2130 873 de
2167 808 2306 872 foro
2347 806 2766 881 abducerent,

668 898 803 983 ipse
833 918 1007 959 nunc
1034 895 1287 983 plebem
1326 898 1710 961 saevientem
1795 898 2041 962 recibus
2079 896 2356 971 lenisset,
2387 916 2560 957 nunc
2585 914 2771 956 oras-

668 995 766 1047 set
832 984 1135 1059 tribunos,
1196 994 1268 1047 ut
1338 983 1680 1049 concilium
1793 984 2157 1048 ‘mitterent
2281 990 2301 1019 ‘
2322 980 2570 1045 Dal-ent
2629 979 2770 1043 irae

671 1078 694 1107 ⁶
712 1070 1002 1156 spatium.
1096 1068 1251 1133 Non
1288 1070 1418 1133 vim
1452 1092 1632 1135 suam
1669 1070 1794 1134 illis
1831 1083 2080 1157 tempus
2119 1068 2598 1155 adempturum3
2651 1065 2771 1129 sed

673 1164 693 1194 ‘
714 1156 1047 1220 consilium
1096 1156 1333 1221 viribus
1382 1156 1765 1222 additurum.
1876 1155 1964 1220 Et
2011 1156 2234 1220 Patres
2283 1155 2352 1217 in
2401 1152 2644 1241 populi,
2703 1166 2774 1216 et

674 1252 694 1281 ⁶
714 1242 1037 1307 consulem
1088 1243 1157 1307 in
1208 1243 1473 1308 Patrum
1524 1244 1658 1309 fore
1704 1243 2058 1343 potestate!
2147 1242 2361 1328 Aegre
2413 1239 2634 1303 sedata
2685 1240 2772 1303 ab
2789 1256 2822 1304 s

677 1330 984 1405 Quinctio
1034 1329 1231 1416 plebe,
1292 1330 1492 1395 multo
1552 1352 1799 1479 aeffrlus
1855 1328 2074 1393 consul
2135 1328 2294 1393 alter
2349 1351 2389 1392 a
2444 1325 2768 1390 Patribus,

672 1416 953 1481 Dimisso
984 1416 1242 1481 tandem
1284 1416 1555 1483 concilio
1593 1440 1638 1505 p
1661 1418 1814 1493 ebis‚
1847 1430 2134 1481 senatum
2175 1414 2464 1479 consules
2499 1412 2769 1477 habent.
2787 1424 2822 1473 6

675 1502 807 1567 Ubi
838 1524 1037 1589 quum
1076 1503 1266 1566 timor
1304 1516 1493 1591 atque
1534 1504 1630 1567 ira
1666 1504 1734 1567 in
1763 1504 1966 1567 vicem
2005 1502 2349 1567 sententias
2376 1500 2771 1575 variasse-nn

672 1612 801 1675 quo
838 1588 1055 1675 magiS‚
1086 1590 1289 1675 spatio
1323 1590 1716 1677 interposito,
1747 1591 1830 1654 ab
1869 1590 2112 1677 impetu
2151 1588 2234 1651 ad
2273 1585 2773 1652 consultandum

672 1675 1159 1751 advocabantur,
1213 1698 1291 1739 eo
1341 1674 1485 1763 plus
1544 1676 1966 1741 abhorrebant
2024 1698 2064 1739 a
2119 1675 2464 1739 certatione
2523 1672 2730 1737 animi
2751 1698 2770 1736 ε

673 1761 834 1826 adeo
864 1776 937 1825 ut
972 1760 1279 1835 Quinctio
1420 1762 1537 1826 tias
1566 1776 1846 1850 agerent,
1879 1762 2054 1849 quod
2092 1762 2228 1826 eius
2255 1782 2452 1847 opera
2477 1760 2776 1845 mitigata

674 1847 989 1912 discordia
1016 1860 1196 1911 esset.
1258 1848 1323 1911 A
1398 1848 1618 1935 Appio
1646 1850 1903 1936 petitur,
1937 1858 1958 1887 ‘
1978 1848 2074 1913 Ut
2099 1860 2342 1912 tantam
2369 1846 2776 1911 consularem

677 1943 700 1972 ‘
718 1934 1109 1998 maiestatem
1152 1956 1288 1999 esse
1330 1934 1542 2014 vellet,
1580 1949 1818 2022 quanta
1863 1959 1997 2001 esse.
2043 1936 2114 1999 in
2160 1932 2460 1999 concordi
2505 1932 2772 1997 civitate

677 2029 697 2059 ‘
718 2033 945 2107 posset.
1037 2021 1215 2085 Dum
1260 2022 1499 2086 tribuni
1543 2023 1958 2109 consulesque
2002 2022 2086 2087 ad
2127 2044 2194 2086 se
2239 2020 2508 2107 quisque
2552 2020 2778 2083 omnia

678 2116 698 2145 ‘
720 2106 991 2185 trahant,
1021 2106 1186 2172 nihil
1223 2108 1517 2175 relictum
1553 2132 1686 2174 esse
1723 2110 1954 2173 virium
1992 2109 2061 2173 in
2105 2108 2356 2172 medio:
2405 2106 2774 2170 distractam

679 2194 1183 2281 ‘laceratamque
1235 2195 1689 2295 rempublicam
1734 2197 1951 2283 magis„
2001 2217 2272 2281 quorum
2316 2194 2386 2257 in
2428 2215 2624 2256 manu
2665 2193 2772 2268 sit,
2795 2219 2824 2267 7

679 2289 699 2319 ‘
720 2304 915 2367 quam
960 2294 1033 2345 ut
1090 2281 1423 2346 incolumis
1480 2282 1581 2359 sit,
1631 2283 1888 2369 quaeri?
1975 2282 2226 2369 Appius
2283 2291 2504 2345 contra
2553 2280 2776 2345 testari

676 2366 831 2431 deos
878 2382 1069 2455 atque
1116 2368 1424 2446 homineS,
1472 2376 1493 2407 ‘
1513 2369 1968 2455 rempublicam
2014 2367 2197 2455 prodi
2243 2388 2359 2453 per
2404 2378 2648 2431 metum
2695 2388 2776 2429 ac

680 2462 700 2491 ‘
720 2454 943 2519 deseri.
1066 2454 1133 2519 N
1136 2478 1221 2520 on
1278 2456 1600 2521 consulem
1661 2456 1930 2532 senatui,
1991 2454 2106 2519 sed
2169 2464 2458 2518 senatum
2526 2452 2776 2517 consuli

682 2548 702 2579 ‘
722 2540 961 2607 deesse.
1060 2540 1399 2607 Graviores
1446 2543 1646 2629 accipi
1699 2542 1888 2629 leges„
1937 2564 2128 2629 quam
2185 2540 2256 2603 in
2311 2538 2502 2604 Sacro
2553 2552 2778 2603 monte

681 2636 701 2666 ‘
722 2642 1019 2729 acceptae
1056 2628 1221 2693 sint?
1310 2630 1540 2695 Victus
1579 2643 1794 2693 tamen
1831 2628 2094 2692 Petrum
2135 2648 2444 2691 consensu
2485 2624 2772 2712 quievit:

678 2714 784 2778 lex
845 2714 1097 2779 silentio
1163 2714 1490 2801 perfertur.
1603 2714 1776 2779 Tum
1840 2715 2116 2801 primum
2183 2712 2436 2777 tributis
2501 2711 2822 2777 comitiis8

678 2801 871 2864 creati
902 2801 1139 2865 tribuni
1168 2813 1349 2864 sunt:
1398 2822 1666 2865 numero
1705 2802 1899 2865 etiam
1938 2802 2186 2865 additos
2225 2814 2368 2876 treS‚
2399 2798 2669 2885 perinde
2697 2820 2822 2873 ac9

679 2885 808 2950 duo
848 2899 1035 2950 antea
1066 2885 1321 2963 fuerint,
1353 2886 1504 2952 Piso
1545 2901 1763 2952 auctor
1801 2902 1912 2953 est.
2005 2886 2316 2952 Nominat
2357 2908 2618 2972 quoquc
2662 2886 2780 2949 tri-

344 320 411 370 U.
434 320 494 370 G.

342 385 403 434 A.
436 385 495 434 Ο.

444 1246 547 1312 57.

458 2719 561 2779 58.

352 2801 561 2851 Tribuni

351 2866 547 2915 tributis

351 2928 563 2979 comitiis

352 2992 517 3044 creati.

744 3155 774 3198 4
808 3138 1181 3198 Con-sularibus]
1234 3138 1341 3195 Qui
1378 3136 1697 3201 πρεσβύτατοι

679 3218 760 3265 ap.
802 3202 951 3251 Dion.
998 3202 1064 3252 iit.
1105 3204 1183 3265 48.
1218 3209 1465 3252 vocantur.
1525 3202 1588 3252 In
1621 3203 1698 3253 his

682 3268 887 3316 Niebhr.
918 3270 1077 3316 decem
1104 3270 1289 3330 primos
1318 3273 1566 3317 senatores
1598 3283 1696 3318 cer-

681 3330 826 3379 uitii.
850 3346 899 3392 p.
928 3344 1033 3392 145.

749 3407 776 3457 5
810 3396 971 3455 Aeyre
992 3396 1184 3455 sedata]
1230 3396 1435 3444 Plebem
1468 3412 1582 3446 cum
1615 3395 1696 3445 tri-

682 3458 825 3506 bunis
852 3458 1155 3521 Capitolium
1187 3460 1498 3522 occupavisse
1531 3459 1698 3510 scribit

684 3522 833 3570 Dion.
856 3522 923 3571 ix.
948 3524 1026 3583 48.

1759 3140 1940 3214 quendi
1965 3139 2207 3190 Graecam
2238 3154 2440 3189 manum
2472 3139 2680 3189 minime
2701 3156 2778 3189 sa·-

1759 3210 1992 3318 PugnLeae
2022 3270 2212 3318 silentio
2239 3270 2518 3331 perfertur]
2555 3284 2622 3316 sc.
2647 3267 2778 3317 Aue-

1761 3332 1958 3381 toritate
1980 3340 2174 3395 patrum
2196 3333 2504 3395 plebiscitum
2534 3332 2658 3395 legis
2677 3332 2776 3381 vim

1760 3396 2094 3509 effla,
2233 3459 2777 3511 ..ω

1762 3540 1870 3573 cem
1899 3534 2082 3588 patres,
2097 3476 2402 3583 Ιιῐξοδὲανίω,
2421 3540 2520 3573 non
2553 3533 2779 3574 matu-

738 3585 772 3635 6
795 3588 1008 3636 Concilio
1026 3588 1203 3650 plebis]
1223 3587 1548 3651 Rogationem
1565 3590 1699 3651 apud

683 3652 879 3712 plebem
912 3652 1151 3713 perlatam
1178 3668 1280 3701 esse
1302 3660 1468 3701 censet
1490 3653 1697 3702 Niebhr.

682 3720 735 3763 et
788 3720 950 3776 patres
999 3718 1223 3765 consules
1266 3732 1556 3765 convocasse
1599 3732 1696 3778 quo

682 3778 838 3839 magis
888 3780 1237 3837 consuleretur,
1280 3782 1695 3841 quemadmodum

684 3842 941 3955 {lebias-ito
982 3844 1271 3892 auctoritate
1309 3858 1399 3893 sua
1441 3844 1540 3893 vim
1579 3844 1698 3907 legis

718 3922 833 3955 aren

748 3982 777 4033 7
798 3972 1186 4033 Rempuhlioam]
1207 3971 1479 4035 Enallagen
1503 3988 1698 4023 aecusa-

684 4034 772 4083 tivi
786 4050 875 4097 pro
886 4035 1187 4083 nominativo
1201 4042 1366 4087 censet
1380 4036 1424 4085 I.
1445 4038 1525 4085 Fr.
1543 4037 1696 4086 Gron-

684 4100 859 4149 Simile
896 4100 1178 4161 exemplum
1212 4106 1287 4148 est
1316 4100 1424 4149 infr.
1454 4100 1590 4149 xxiii.
1624 4117 1696 4151 10.

685 4164 820 4213 xxxi.
846 4176 921 4226 27.
959 4164 1020 4213 cf.
1044 4164 1156 4212 Ter.
1182 4165 1395 4227 Adelph.
1420 4182 1463 4215 v.
1488 4184 1533 4227 4.
1571 4166 1697 4215 Hec.

686 4228 753 4278 iii.
778 4247 822 4290 4.
892 4228 1269 4278 Distinctionem
1304 4234 1415 4294 post
1436 4230 1698 4293 rempubli-

684 4308 797 4344 cam
834 4293 1003 4344 inserit
1034 4294 1236 4357 Stroth„
1257 4293 1329 4345 ita
1356 4300 1412 4345 ut
1440 4294 1598 4345 forma
1629 4296 1698 4345 lo-

1762 3591 1890 3638 velle
1921 3595 2102 3650 censet,
2124 3596 2174 3638 et
2197 3589 2394 3639 Livium
2415 3604 2520 3638 rem
2541 3590 2779 3639 mendose

1762 3668 1991 3703 narrasse.

1823 3733 1854 3782 9
1887 3720 2091 3767 Additus
2111 3719 2234 3778 tres]
2274 3719 2390 3767 Iure
2411 3717 2602 3780 optimo
2621 3717 2778 3767 admi-

1759 3782 1996 3830 rationem
2021 3782 2307 3831 Nieburhio*
2321 3788 2504 3841 movet,
2525 3785 2660 3844 quod
2679 3798 2779 3844 quo

1761 3850 1982 3908 tempore
2003 3846 2304 3895 tribunorum
2339 3846 2516 3895 electio
2547 3864 2582 3897 a
2611 3853 2778 3896 eentu-

1761 3909 1844 3958 riis
1874 3912 1939 3958 ad
1971 3910 2124 3959 tribus
2155 3912 2391 3959 translata
2421 3911 2586 3969 fuerit,
2611 3927 2777 3961 nume·

1761 3989 1842 4022 rus
1877 3974 1964 4023 ille
1997 3974 2080 4036 qui
2114 3976 2178 4023 ad
2217 3976 2370 4024 tribus
2405 3978 2678 4038 spectabat,
2709 3990 2780 4025 sc.

1761 4039 1876 4098 duo,
1910 4039 1960 4087 in
1993 4038 2141 4097 hunc,
2184 4054 2250 4088 sc.
2287 4040 2521 4101 quinque,
2549 4040 2634 4103 qui
2667 4056 2779 4089 cen-

1761 4102 1899 4151 turiis
1929 4104 2270 4165 respondebat,
2297 4104 2476 4153 mutari
2509 4104 2672 4153 dictus
2701 4104 2780 4153 sit..

1763 4168 1824 4216 cf.
1833 4184 1964 4231 supr.
1976 4183 2052 4231 33.
2072 4168 2122 4218 N
2123 4168 2276 4218 iebhr.
2291 4168 2323 4220 i.
2338 4184 2386 4232 p.
2395 4167 2506 4219 606.
2523 4168 2778 4219 Waehm.

1765 4247 1814 4296 p.
1840 4234 1948 4295 287.
