3000 4784
284 350 353 399 U.
379 349 437 399 C.
466 365 572 412 324.

284 415 345 462 A.
382 415 439 463 C.
465 416 573 474 428.

286 478 489 526 Bellum

618 210 744 270 252
1398 202 1628 269 TITI
1688 202 1959 267 LIVII

612 338 903 406 consules
952 338 1136 403 facti:
1208 360 1327 401 nec
1380 337 1546 401 ultra
1597 350 1798 402 terror
1845 336 1993 401 belli
2049 350 2144 401 est
2195 336 2446 401 dilatus,
2543 336 2752 421 Iaege
2771 348 2802 396 5

614 441 869 502 sacrata,
902 448 1067 511 quae
1114 424 1391 488 maxima
1419 423 1592 511 apud
1627 446 1736 487 eos
1772 425 1866 487 vis
1905 423 2228 524 cogendae
2261 423 2526 487 militiae
2567 440 2752 495 erat,

286 558 399 589 cum
414 543 599 603 Aequis
616 512 871 577 delectu
906 512 1143 587 habito,
1176 510 1495 597 utrimque
1537 510 1729 575 validi
1765 525 2078 610 exercitus
2115 510 2382 597 profecti
2421 510 2493 572 in
2539 508 2754 595 Algi-

284 610 337 653 et
353 606 561 655 Volscis.

286 2066 493 2116 Tribuni
512 2070 581 2130 pl.

283 2131 535 2180 minantur

286 2194 485 2243 vincula

286 2260 583 2309 consulibus.

289 3020 571 3070 Postumius

288 3084 510 3133 dictator.

615 599 769 663 dum
822 620 1195 675 convenere,
1244 597 1482 683 ibique,
1529 619 1808 661 seorsum
1860 597 2094 682 Aequi,
2143 620 2424 660 seorsum
2477 595 2751 669 Volsci,

616 700 822 749 castra
876 684 1387 759 communivere;
1450 683 1902 770 intentiorque,
2003 706 2146 747 uam
2209 704 2492 769 unquam
2555 696 2752 755 ante,

616 770 947 834 muniendi
976 770 1444 855 exercendique
1476 769 1743 833 militem
1773 792 1925 833 cura
1951 706 2218 834 ducibus
2253 782 2420 833 erat:
2471 792 2552 833 eo
2581 767 2754 856 plus

616 858 826 921 nuntii
871 857 1119 921 terroris
1171 855 1443 920 Romam
1488 855 1772 921 attulere.
1870 855 2131 920 Senatui
2176 855 2554 920 dictatorem
2597 854 2752 917 dici

616 942 889 1029 placuit:
940 944 1108 1029 quia,
1142 943 1258 1007 etsi
1288 965 1473 1028 saepe
1504 942 1654 1006 victi
1684 941 1922 1030 populi,
1957 942 2189 1007 maiore
2222 955 2436 1006 tamen
2467 956 2746 1015 conata,

616 1052 807 1115 quam
849 1028 999 1093 alias
1039 1051 1341 1115 unquam,
1374 1028 1787 1092 rebellarent:
1838 1042 1904 1093 et
1941 1028 2336 1115 aliquantum
2385 1028 2740 1093 Romanae

612 1116 959 1181 iuventutis
1004 1115 1222 1181 morbo
1273 1116 1679 1201 absumptum
1730 1128 1878 1180 erat.
1971 1116 2148 1179 Ante
2193 1115 2408 1180 omnia
2450 1116 2746 1201 pravitas

614 1201 944 1267 consulum
985 1202 1423 1289 discordiaque
1453 1202 1622 1265 inter
1648 1202 1834 1288 ipsoS,
1867 1215 1934 1266 et
1970 1202 2316 1266 certamina
2343 1202 2412 1264 in
2445 1200 2744 1265 consiliis
2929 1280 2931 1283 Α

615 1289 909 1353 omnibus
949 1289 1283 1353 terrebant.
1380 1288 1563 1366 Sunt,
1596 1288 1708 1374 qui
1750 1288 1912 1353 male
1943 1302 2296 1375 pugnatum
2326 1288 2406 1351 ab
2437 1288 2540 1351 his
2572 1310 2742 1353 con·
2931 1285 2933 1381 1

614 1373 856 1440 sulibus
896 1375 963 1439 in
1011 1374 1253 1463 Algido
1291 1387 1576 1440 auctores
1615 1374 1760 1452 sint,
1793 1397 2062 1462 eamque
2103 1398 2354 1438 causam
2395 1373 2736 1439 dictatoris
2931 1382 2935 1471 ’χ

616 1462 873 1525 creandi
903 1462 1108 1526 fuisse.
1201 1460 1373 1525 Illud
1402 1461 1550 1525 satis
1580 1474 1843 1537 constat,
1875 1461 1957 1525 ad
1987 1461 2111 1525 alia
2139 1460 2459 1524 discordes
2490 1461 2560 1524 in
2595 1482 2736 1523 uno
2935 1505 2937 1561 1

617 1546 911 1611 adversus
940 1547 1203 1611 Patrum
1231 1546 1622 1612 voluntatem
1653 1548 2058 1625 consensisse,
2091 1570 2173 1611 ne
2202 1547 2491 1611 dicerent
2517 1546 2734 1611 dicta-
2753 1555 2790 1605 6

617 1646 845 1697 torem:
894 1632 1118 1710 donec,
1144 1656 1345 1720 quum
1374 1633 1499 1697 alia
1526 1633 1663 1697 aliis
1693 1634 2064 1698 terribiliora
2084 1634 2474 1709 afferrentur,
2500 1656 2628 1697 nec
2661 1634 2732 1696 in

614 1720 984 1783 auctoritate
1029 1732 1282 1782 senatus
1334 1718 1626 1783 consules
1677 1734 1903 1797 essent,
1955 1720 2037 1795 Q„
2092 1720 2391 1784 Servilius
2445 1719 2726 1795 Priscus
2939 1722 2941 1757 ¹

612 1805 873 1867 summis
929 1805 1273 1869 honoribus
1332 1806 1582 1891 egregie
1643 1828 1810 1883 usuS,
1875 1816 1894 1845 ‘
1914 1808 2087 1884 V0s,’
2145 1806 2374 1892 inquit,
2439 1815 2458 1844 ‘
2480 1806 2728 1870 tribuni

615 1898 634 1927 ⁶
656 1888 877 1976 plebis,
910 1891 1213 1976 quoniam
1253 1891 1334 1954 ad
1364 1904 1650 1956 extrema
1687 1906 1948 1956 ventum
1991 1905 2105 1968 est,
2137 1906 2391 1956 senatus
2420 1892 2724 1980 appellat,

616 1984 636 2013 ‘
657 1988 731 2040 ut
769 1976 838 2040 in
868 1990 1044 2042 tanto
1074 1976 1435 2041 discrimine
1475 1978 1857 2065 reipublicae
1901 1978 2274 2043 dictatorem
2313 1978 2526 2043 dicere
2567 2002 2728 2043 con-

615 2071 634 2100 ‘
650 2061 816 2126 sules
856 2086 971 2149 pro
1048 2077 1309 2128 otestate
1349 2077 1557 2129 vestra
1595 2065 1870 2151 cogatis?
1963 2062 2116 2140 Qua
2147 2088 2300 2129 voce
2341 2065 2578 2141 audita,
2611 2089 2724 2129 oc-

614 2149 930 2213 casionem
962 2174 1001 2214 o
1044 2150 1235 2213 latam
1262 2150 1383 2214 rati
1414 2151 1653 2214 tribuni
1677 2151 2004 2237 augendae
2034 2152 2361 2238 potestatis
2391 2152 2720 2225 secedunt,

616 2258 729 2321 pro
777 2260 855 2300 ue
880 2236 1146 2323 collegio
1168 2237 1602 2324 pronuntiant,
1638 2245 1657 2274 ⁶
1673 2237 1939 2323 placere,
1966 2238 2256 2302 consules
2278 2240 2526 2302 senatui
2549 2238 2721 2301 dicto
2745 2260 2774 2309 7

618 2330 637 2359 ‘
660 2258 989 2387 audientes
1018 2346 1151 2387 esse
1176 2348 1191 2385 ε
1242 2324 1296 2386 si
1325 2324 1621 2387 adversus
1651 2347 2030 2388 consensum
2071 2325 2437 2411 amplissimi
2479 2324 2721 2388 ordinis

618 2417 637 2446 ‘
659 2408 823 2473 ultra
861 2408 1146 2486 tendant,
1172 2410 1243 2473 in
1280 2409 1536 2473 vincula
1575 2432 1640 2473 se
1670 2408 1816 2474 duci
1850 2433 1958 2474 eos
2002 2412 2314 2475 iussuros?
2405 2410 2724 2475 Consules

616 2495 695 2559 ab
736 2496 1021 2572 tribuniS,
1055 2519 1248 2583 quam
1276 2498 1355 2560 ab
1396 2507 1638 2571 senatu,
1670 2496 1840 2560 vinci
1871 2497 2270 2571 maluerunt:
2318 2497 2646 2584 proditum
2686 2522 2724 2560 a

616 2581 910 2647 Patribus
930 2583 1161 2646 summi
1181 2583 1426 2670 imperii
1450 2584 1567 2659 iuS,
1593 2582 1942 2669 datumque
1965 2583 2082 2646 sub
2105 2584 2324 2670 iugum
2345 2584 2722 2647 tribuniciae

614 2669 908 2753 potestati
958 2667 1357 2733 consulatum
1409 2683 1848 2746 memoranteS,
1902 2669 2218 2755 siquidem
2275 2670 2416 2756 cogi
2477 2670 2724 2756 aliquid

612 2776 729 2840 pro
757 2766 1065 2840 potestate
1094 2755 1174 2817 ab
1204 2756 1457 2818 tribuno
1487 2754 1798 2831 consuleS,
1829 2768 1895 2819 et
1921 2756 2083 2841 (quo
2112 2755 2269 2842 quid
2299 2756 2566 2819 ulterius
2595 2758 2725 2843 pri-

614 2852 759 2901 vato
818 2839 1173 2901 timendum
1231 2839 1394 2902 foret
1414 2840 1473 2921 ?)
1545 2842 1613 2903 in
1671 2841 1924 2905 vincula
1981 2841 2173 2905 etiam
2231 2841 2380 2906 duci
2439 2858 2720 2929 possent.

620 2922 785 2999 Som,
828 2936 901 2986 ut
943 2923 1314 2987 dictatorem
1353 2925 1612 3000 diceret,
1644 2926 1824 3012 (nam
1864 2951 1946 2991 ne
1977 2928 2045 2991 id
2134 2927 2346 2991 uidem
2379 2930 2548 2993 inter
2594 2930 2726 2993 col-

614 3009 785 3093 legas
829 3009 1263 3093 convenerat,)
1308 3010 1386 3074 T.
1426 3010 1736 3085 Quinctio
1777 3015 2006 3078 evenit.
2211 3016 2291 3077 A.
2316 3014 2726 3081 Postumium

617 3092 993 3170 Tubertum,
1024 3116 1311 3159 socerum
1340 3119 1544 3173 suum,
1577 3099 1952 3163 severissimi
1981 3100 2228 3186 imperii
2259 3100 2485 3178 virum,
2518 3101 2726 3167 dicta-

616 3192 817 3244 torem
845 3180 1047 3245 dixit:
1097 3181 1175 3244 ab
1220 3204 1297 3247 eo
1338 3182 1415 3248 L.
1452 3182 1652 3249 Iulius
1693 3186 1988 3272 magister
2025 3187 2314 3272 equitum
2355 3199 2451 3250 est
2490 3186 2721 3253 dictus,

621 3266 824 3331 Simul
842 3268 1113 3332 edicitur
1134 3281 1200 3332 et
1221 3269 1558 3334 iustitium:
1609 3294 1818 3357 neque
1849 3272 2022 3336 aliud
2045 3286 2178 3336 tota
2199 3274 2353 3336 urbe
2377 3274 2499 3359 agi,
2525 3297 2726 3359 quam

615 3351 853 3416 bellum
892 3355 1215 3441 apparari:
1264 3357 1544 3443 cognitio
1579 3358 1938 3422 vacantium
1969 3358 2230 3423 militiae
2272 3382 2536 3423 munere
2579 3376 2726 3448 post

684 3631 711 3680 5
744 3620 872 3681 leye
902 3623 1124 3681 sacrata]
1158 3638 1223 3669 sc.
1248 3623 1367 3678 Qua
1388 3624 1631 3672 sancitum

616 3690 708 3739 est,
740 3684 823 3743 qui
858 3684 976 3743 quid
1010 3686 1241 3733 adversus
1278 3702 1387 3734 eam
1424 3688 1632 3747 fecisset,

616 3760 753 3793 sacer
772 3746 921 3793 alicui
943 3748 1147 3795 deorum
1170 3756 1310 3797 esset.
1347 3752 1407 3799 cf.
1432 3752 1542 3800 infr.
1565 3751 1631 3800 ix.

618 3824 695 3873 39.
729 3824 777 3857 x.
803 3810 877 3870 38.
912 3811 1079 3859 xxxvi.
1105 3814 1179 3871 38.

679 3871 712 3921 6
744 3876 824 3921 Ne
844 3874 1059 3923 dicerent
1079 3877 1382 3937 dictatorem]
1424 3878 1632 3925 Senatus

616 3936 903 3984 dictatorem
938 3938 1240 3997 nominabat,
1266 3943 1488 3988 consules
1520 3958 1631 3990 vero

616 4014 797 4047 nomen
814 4000 917 4048 eius
932 4002 995 4049 ad
1013 4004 1251 4063 populum
1271 4007 1497 4052 variatim
1522 4020 1630 4054 com

616 4070 837 4112 vocatum
897 4066 1269 4126 approbandum
1332 4068 1630 4117 deferebant.

616 4126 822 4177 Niebhr.
856 4128 907 4175 ii.
938 4144 987 4190 p.
1016 4144 1125 4192 449.
1160 4132 1383 4178 consules
1416 4132 1628 4179 noluisse

616 4191 857 4250 populum
895 4192 1117 4241 curiatim
1159 4209 1427 4242 convocare
1462 4194 1629 4243 existi-

614 4260 735 4310 mat,
767 4260 819 4303 et
852 4264 1073 4304 senatum
1094 4270 1169 4304 ‘eo
1202 4256 1421 4304 tribunos
1457 4258 1629 4319 appel-

616 4314 756 4374 lasse,
800 4325 855 4365 ut
898 4320 1091 4371 decreto
1140 4324 1339 4367 senatus
1380 4322 1475 4368 vim
1514 4320 1631 4383 legis

1697 3640 1786 3687 per
1802 3626 2110 3687 plebiscitum
2135 3629 2446 3690 praeberent:
2477 3630 2588 3692 lege
2609 3647 2723 3680 vero

1699 3690 1844 3737 Icilia
1883 3696 2082 3738 cautum
2122 3698 2213 3751 est,
2253 3708 2316 3741 ne
2351 3694 2460 3753 quis
2497 3694 2722 3743 tribunos

1698 3754 1832 3814 apud
1856 3754 2055 3802 comitia
2076 3756 2259 3803 tributa
2281 3757 2396 3817 quid
2421 3764 2626 3819 agentes
2647 3760 2717 3806 in·

1695 3818 1992 3877 terpellaret.
2079 3820 2232 3867 Haud
2263 3821 2362 3867 scio
2394 3836 2458 3867 an
2489 3820 2540 3867 in
2571 3837 2716 3870 usum

1695 3879 1794 3927 iam
1819 3881 2046 3939 venisset,
2069 3890 2124 3929 ut
2159 3884 2373 3944 populus
2402 3883 2717 3933 centuriatim

1696 3952 2060 4003 convocaretur,
2088 3962 2186 4007 quo
2221 3947 2377 4007 magis
2407 3948 2620 3996 decretis
2645 3966 2717 3997 se-

1695 4014 1840 4054 natus
1865 4009 1960 4055 vim
1985 4009 2104 4070 legis
2125 4010 2279 4058 daret.

1763 4082 1790 4131 7
1825 4074 2021 4135 Proque
2053 4074 2271 4134 colleyio]
2313 4074 2574 4135 Tanquam
2609 4092 2716 4124 sen-

1693 4134 1898 4181 tentiam
1923 4134 1982 4183 *et
2015 4136 2200 4184 iussum
2235 4137 2385 4185 totius
2415 4139 2608 4200 collegii
2633 4142 2715 4187 tri·

1693 4197 1894 4255 bunicii,
1911 4201 2186 4261 congregati
2209 4206 2260 4249 et
2279 4201 2564 4263 praesentis.
2619 4204 2716 4251 Eo-

1695 4260 1808 4307 dem
1841 4262 1942 4311 fere
1971 4265 2117 4311 modo
2151 4270 2200 4312 et
2233 4280 2378 4313 sensu
2409 4282 2501 4327 pro
2525 4269 2716 4329 coucy-'i

1693 4328 1952 4385 sententia,
1974 4326 2082 4375 infr.
2108 4346 2184 4389 44.
2221 4330 2382 4378 Cnnv.
