3000 4784
742 216 871 280 478
1498 206 1741 275 'sl-TI
1801 204 2076 273 LIVII

412 361 483 411 U.
508 360 569 411 c.
592 360 703 422 428.
743 345 923 411 Inter
972 344 1263 410 consules
1311 344 1655 432 provinciis
1698 342 2090 430 comparatis,
2136 338 2306 405 bello
2357 337 2606 402 Graeci
2649 358 2866 423 perse-

410 427 474 475 A.
509 427 568 476 0·
594 440 704 487 324·
742 431 987 520 quendi
1015 430 1294 496 Publilio
1323 442 1710 507 evenerunt3
1761 428 2101 495 Cornelius
2118 427 2317 492 altero
2345 424 2654 489 exercitu
2693 421 2866 487 Sam-

740 519 998 594 nitibus,
1030 517 1083 581 si
1160 540 1243 581 ua
1282 540 1348 581 se
1378 532 1728 593 moverent,
1763 516 2105 602 oppositus.
2198 512 2392 577 Fama
2431 524 2672 575 autem
2715 523 2868 581 erat,

745 603 1092 668 defectioni
1112 541 1596 690 {lampanorum
1619 602 2027 666 imminentes
2049 600 2410 663 admoturos
2431 608 2675 661 eastra.
2779 594 2872 658 Ibi
2885 624 2908 656 ι

745 688 1059 775 optimum
1088 689 1293 753 visum
1327 688 1635 753 Cornelio
1663 688 1890 751 stativa
1915 686 2168 750 habere.
2258 684 2370 748 Ab
2385 696 2686 767 utroque
2719 704 2874 745 oon-

744 775 901 851 sule,
933 774 1231 861 exiguam
1272 798 1301 837 s
1386 798 1451 838 m
1496 774 1670 861 pacis
1709 796 1858 837 cum
1891 771 2281 837 Samnitibus
2323 792 2482 846 esse,
2511 769 2778 832 certior
2805 767 2872 829 fit

521 866 624 925 23.
744 872 1020 925 senatus.
1122 860 1315 925 Pubh
1342 861 1458 937 'us‚
1518 860 1648 923 duo
1717 859 1916 923 millia
1972 858 2372 923 Nolanorum
2438 854 2746 918 militum
2815 868 2874 915 et

416 948 673 999 samnium
745 959 1045 1033 quattuor
1122 944 1524 1022 Samnitium,
1585 946 1784 1031 magis
1853 944 2126 1009 Nolanis
2197 941 2598 1029 cogentibus³
2667 961 2870 1027 quam
2889 968 2913 1017 ξ

414 1017 711 1075 suspectum.
744 1032 1070 1097 voluntate
1098 1031 1513 1108 Graecorum,
1533 1044 1792 1117 recepta
1818 1030 2230 1117 Palaepolim,
2255 1030 2541 1092 miserat:
2605 1026 2874 1091 Corne-
2887 1046 2916 1093 6

742 1118 887 1195 lius,
900 1118 1219 1182 delectum
1239 1118 1552 1182 indictum
1569 1140 1608 1181 a
1624 1116 2110 1203 magistratibuS,
2128 1116 2492 1179 universum
2515 1111 2874 1176 Samnium

746 1217 1049 1281 erectum,
1088 1228 1161 1269 ac
1196 1204 1439 1270 vicinos
1525 1202 1766 1290 opulos,
1805 1202 2263 1277 Privernatem,
2305 1198 2866 1285 Fundanumque,

420 1302 595 1379 Legat}
618 1304 682 1353 ad
747 1304 815 1356 et
859 1290 1286 1367 Formianum,
1317 1289 1443 1354 hau
1535 1288 1830 1387 ambigue
1871 1287 2207 1352 sollicitari.
2303 1285 2406 1351 Ob
2449 1286 2618 1349 haec
2711 1307 2870 1348 uum

418 1368 679 1417 Sammtes.
744 1376 988 1465 legatos
1038 1378 1205 1441 mitti
1255 1375 1593 1463 placuisset
1637 1396 1812 1461 prlus
1855 1373 1938 1438 ad
1989 1374 2321 1449 SamniteS,
2365 1393 2558 1457 quam
2613 1370 2872 1435 belum

746 1463 966 1539 fieret3
1034 1484 1403 1549 responsum
1455 1460 1744 1525 redditur
1793 1462 1873 1525 ab
1921 1458 2310 1525 Samnitibus
2353 1458 2547 1522 ferox.
2669 1456 2872 1521 Ultro

747 1549 1124 1613 incusabant
1151 1548 1412 1612 iniurias
1430 1546 1904 1611 Romanorumt
1951 1568 2162 1631 neque
2194 1567 2272 1609 eo
2301 1543 2470 1631 negli
2549 1545 2750 1607 ntius
2771 1566 2869 1618 ea,

749 1658 915 1720 quae
966 1635 1119 1735 ipsis
1166 1635 1611 1709 obiicerentur,
1641 1632 2031 1782 (purgabant.
2127 1640 2146 1669 ‘
2165 1629 2361 1694 Haud
2411 1629 2476 1693 ul
2503 1652 2542 1693 o
2645 1630 2870 1693 ublico

751 1729 772 1758 ‘
788 1720 1051 1785 consilio
1068 1720 1383 1784 auxiliove
1412 1719 1614 1783 iuvari
1707 1740 1957 1783 raecos:
2006 1739 2126 1781 nec
2150 1716 2532 1781 Fundanum
2621 1718 2872 1779 onnia-

751 1814 772 1843 ‘
790 1828 1027 1869 numve
1048 1829 1085 1869 a
1106 1828 1173 1869 se
1192 1805 1591 1869 sollicitatos:
1641 1805 1752 1891 qui
1789 1827 1881 1917 pe
1905 1803 2166 1867 minime
2183 1802 2511 1889 poenitere
2529 1823 2599 1865 se
2619 1803 2868 1867 virium

750 1899 771 1929 ‘
788 1913 1063 1967 suarum,
1088 1891 1139 1952 si
1160 1889 1399 1953 bellum
1418 1890 1682 1975 placeat.
1755 1828 2061 1954 {aterum
2081 1911 2214 1953 non
2229 1910 2410 1975 posae
2429 1886 2866 1963 dissimulare,

750 1984 771 2014 ‘
792 1998 979 2063 aegre
1008 1975 1143 2063 pati
1165 1975 1485 2040 civitatem
1521 1975 1921 2052 Samnitium,
1945 1974 2122 2061 quod
2141 1974 2474 2061 FregellaS,
2495 1994 2580 2037 ex
2597 1972 2868 2038 Volsc‘s

750 2070 771 2100 ‘
792 2085 868 2127 ca
914 2074 1007 2127 tas
1059 2061 1427 2149 dirutasque
1479 2064 1562 2127 ab
1620 2086 1707 2139 se,
1761 2061 2106 2126 restituerit
2165 2060 2494 2125 Romanus
2550 2060 2864 2146 populuS,

752 2158 771 2187 ‘
789 2086 1231 2235 coibffiamque
1272 2149 1342 2212 in
1375 2147 1757 2212 Samnitium
1791 2170 1940 2235 agro
1981 2146 2370 2233 imposuerit,
2401 2168 2592 2233 quam
2639 2146 2864 2211 coloni

754 2244 775 2273 ‘
796 2257 1017 2300 eorum
1038 2234 1353 2321 Fregellas
1372 2234 1711 2334 appellent.
1779 2234 1942 2297 Eam
1959 2256 2025 2297 se
2049 2232 2498 2297 contumeliam
2517 2229 2866 2297 iniuriam·

755 2329 776 2359 ‘
838 2344 940 2398 ue,
977 2322 1047 2385 ni
1090 2320 1211 2385 sibi
1255 2322 1335 2385 ab
1375 2322 1474 2397 ila,
1521 2320 1634 2406 qui
1677 2320 1962 2395 fecerint,
1999 2318 2311 2395 dematur,
2351 2318 2518 2405 ipsos
2561 2319 2750 2381 omni
2795 2319 2862 2383 vi

754 2344 1165 2493 ‘depulsuros
1198 2407 1374 2471 esse!
1466 2406 1686 2481 Quum
1725 2405 2056 2470 Romanus
2089 2404 2334 2491 legatus
2367 2405 2451 2468 ad
2486 2403 2664 2467 disce
2715 2418 2866 2468 tan-

752 2492 908 2557 dum
938 2515 1046 2557 eos
1075 2493 1157 2557 ad
1187 2515 1553 2557 communes
1583 2491 1783 2556 socios
1813 2504 1878 2555 at
1924 2514 2005 2556 ue
2035 2492 2268 2555 amicos
2295 2502 2580 2555 vocaret:
2621 2498 2646 2527 ‘
2743 2491 2862 2554 uid

755 2588 777 2617 ‘
796 2578 1097 2665 perplexe
1142 2579 1385 2666 agimus
1406 2578 1461 2643 ’θ’
1504 2578 1734 2665 inquit.
1829 2585 1847 2615 ‘
1872 2514 2108 2641 §ostra
2149 2577 2513 2651 certamina,
2547 2575 2862 2652 Romani,

757 2674 776 2702 ‘
796 2687 929 2729 non
956 2666 1147 2730 verba
1174 2666 1233 2729 le
1279 2678 1545 2741 atorum,
1569 2686 1688 2727 nec
1718 2662 2051 2727 hominum
2080 2662 2224 2749 quis
2270 2686 2414 2726 uam
2445 2662 2861 2747 disceptator,
2966 2708 2967 2711 ,

755 2759 776 2789 ‘
796 2750 910 2815 sed
937 2774 1196 2839 campus
1292 2773 1616 2838 ampanuS,
1641 2750 1710 2813 in
1733 2773 1861 2836 quo
1891 2771 2240 2813 concurren
2291 2770 2400 2813 um
2429 2759 2542 2825 eet,
2567 2760 2632 2812 et
2655 2770 2862 2825 arma,
2966 2768 2967 2773 ’

754 2845 774 2873 ⁶
796 2848 862 2899 et
891 2838 1245 2901 communis
1276 2837 1452 2901 Mars
1470 2836 1620 2901 belli
1648 2836 1966 2900 decernet.
2058 2834 2340 2899 Proinde
2369 2834 2538 2899 inter
2557 2831 2862 2921 Capuam
2966 2864 2967 2867 ¹

756 2929 775 2957 ‘
801 2918 1291 3006 Suessulamque
1332 2935 1538 2987 castra
1575 2923 1789 2986 castris
1832 2922 2265 2987 conferamus:
2313 2932 2398 2997 et,
2435 2918 2688 2985 Samnis
2721 2920 2862 2986 Ro-

757 3012 776 3041 ‘
796 3026 1103 3069 manusne
1135 3007 1401 3092 imperio
1432 3006 1681 3072 Italiam
1712 3020 1905 3095 regat,
1936 3007 2388 3072 decernamus?
2455 3006 2690 3092 Legati
2723 3006 2864 3072 Ro-

752 3112 1084 3155 manorum
1120 3114 1319 3178 quum
1355 3116 1442 3169 se,
1480 3116 1612 3157 non
1653 3117 1782 3180 quo
1824 3094 2021 3159 hostis
2058 3105 2359 3170 vocasset,
2399 3092 2514 3156 sed
2557 3114 2692 3178 quo
2739 3094 2860 3157 im-

428 3193 711 3256 Palaepolis
837 3188 1089 3243 ratores.
1132 3177 1230 3243 sui
1288 3177 1639 3257 duxissent,
1700 3180 1899 3244 ituros
1950 3202 2082 3243 esse
2144 3178 2655 3267 respondissent3
2732 3180 2860 3245 iam

428 3262 637 3309 ΟΜ
817 3264 1091 3343 ahmins,
1138 3265 1305 3330 inter
1348 3264 1540 3330 Palae
1627 3266 1740 3329 lim
1784 3264 2253 3354 Neapolimque
2303 3264 2444 3330 loco
2496 3278 2860 3353 opportune

754 3365 960 3453 capt0,
992 3351 1333 3417 diremerat
1360 3352 1528 3416 hosti
1573 3374 1646 3415 us
1675 3351 2040 3417 societatem
2070 3351 2289 3415 auxilii
2320 3352 2562 3428 mutui3
2653 3376 2762 3430 ua,
2787 3368 2859 3417 ut

755 3461 1025 3526 quisque
1073 3437 1247 3503 locus
1298 3448 1707 3524 premeretur,
1761 3438 1930 3501 inter
1979 3460 2046 3501 se
2096 3438 2196 3501 usi
2241 3438 2507 3501 fuerant.
2661 3452 2858 3527 taque

756 3547 958 3612 quum
1008 3536 1075 3590 et
1125 3524 1528 3589 comitiorum
1570 3523 1706 3587 dies
1757 3524 2038 3600 instaret,
2091 3535 2177 3601 et,
2223 3523 2594 3601 Publilium,
2644 3525 2857 3589 immi-

754 3624 1017 3675 nentem
1059 3612 1337 3675 hostium
1382 3610 1597 3687 muris,
1643 3610 1889 3674 avocari
1933 3611 2012 3673 ab
2055 3632 2166 3696 spe
2211 3608 2557 3696 capiendae
2603 3611 2674 3673 in
2717 3610 2858 3675 dies

756 3696 951 3771 urbiS,
981 3696 1157 3759 haud
1190 3720 1225 3759 e
1262 3695 1588 3783 republica
1625 3712 1828 3771 esset3
1874 3707 2086 3761 actum
2125 3718 2273 3760 cum
2314 3695 2583 3760 tribunis
2625 3709 2742 3772 est,
2774 3697 2858 3760 ad

758 3779 1064 3865 populum
1105 3781 1360 3856 ferrent,
1390 3794 1482 3857 ut,
1515 3804 1716 3868 quum
1744 3780 2059 3847 Publilius
2088 3780 2276 3844 Philo
2315 3780 2650 3846 consulatu
2693 3784 2856 3847 abis—

828 4017 860 4059 4
898 3998 1176 4057 Defectioni
1220 3997 1582 4060 Campanorum
1623 4001 1774 4047 immi·
1841 4000 2017 4061 placet.

754 4063 949 4121 nentes]
978 4061 1203 4110 Intentos
1218 4060 1271 4109 in
1287 4061 1610 4110 defectionem
1629 4062 1774 4111 Cam·
1911 4060 1943 4111 6
1974 4063 2224 4111 Publilius
2256 4097 2269 4112 .
2293 4096 2306 4111 .
2328 4095 2343 4110 .
2375 4064 2601 4122 miserat]
2665 4062 2856 4126 Supple

757 4140 1014 4199 pariorum,
1057 4140 1181 4187 quos
1226 4126 1359 4173 brevi
1402 4126 1669 4174 descituros
1709 4128 1774 4174 ab
1837 4127 2043 4185 litteras,
2067 4127 2243 4188 quiam
2273 4128 2550 4199 nuum·
2565 4126 2670 4175 duo
2699 4128 2858 4175 millia

756 4188 1489 4321 Qmffleffimffiffiaafiffi
1523 4252 1571 4299 ιι.
1601 4266 1645 4299 0.
1677 4252 1770 4300 Le.
1837 4190 2854 4313 {Q'ssssli‘ssmffimffipffmffosstfflssss

752 4324 836 4368 mo
870 4312 1183 4371 Samnitium,
1218 4319 1271 4359 ut
1307 4311 1512 4361 Niebhr.
1547 4315 1596 4362 ii.
1619 4328 1668 4375 p·
1693 4316 1770 4376 83.
1836 4317 1897 4363 rit
1919 4316 2027 4365 infr.
2051 4317 2219 4367 xxxvi.
2241 4316 2288 4365 8.
2321 4316 2487 4365 Cur.
