<?xml version="1.0" encoding="UTF-8"?>
<!DOCTYPE html PUBLIC "-//W3C//DTD XHTML 1.0 Transitional//EN"
    "http://www.w3.org/TR/xhtml1/DTD/xhtml1-transitional.dtd">
<html xmlns="http://www.w3.org/1999/xhtml" xml:lang="en" lang="en">
 <head>
  <title>
</title>
<meta http-equiv="Content-Type" content="text/html;charset=utf-8" />
  <meta name='ocr-system' content='tesseract 3.04.00' />
  <meta name='ocr-capabilities' content='ocr_page ocr_carea ocr_par ocr_line ocrx_word'/>
</head>
<body>
  <div class='ocr_page' id='page_1' title='image "./tliviipatavinih10unkngoog_0280.png"; bbox 0 0 3000 4784; ppageno 0'>
   <div class='ocr_carea' id='block_1_1' title="bbox 415 322 2921 450">
    <p class='ocr_par' dir='ltr' id='par_1_1' title="bbox 415 322 2921 450">
     <span class='ocr_line' id='line_1_1' title="bbox 415 322 2921 450; baseline 0.005 -67"><span class='ocrx_word' id='word_1_1' title='bbox 415 322 485 437; x_wconf 53' lang='grc' dir='ltr'><strong>Η·</strong></span> <span class='ocrx_word' id='word_1_2' title='bbox 509 323 569 437; x_wconf 59' lang='grc' dir='ltr'>ἓ</span> <span class='ocrx_word' id='word_1_3' title='bbox 594 338 704 450; x_wconf 54' lang='lat'><strong>{32-</strong></span> <span class='ocrx_word' id='word_1_4' title='bbox 744 329 765 447; x_wconf 56' lang='grc' dir='ltr'>ἶ</span> <span class='ocrx_word' id='word_1_5' title='bbox 785 322 865 386; x_wconf 88' lang='lat' dir='ltr'><strong>ab</strong></span> <span class='ocrx_word' id='word_1_6' title='bbox 886 344 956 387; x_wconf 86' lang='lat' dir='ltr'><strong>se</strong></span> <span class='ocrx_word' id='word_1_7' title='bbox 977 322 1382 409; x_wconf 85' lang='lat' dir='ltr'><strong>imperatoria</strong></span> <span class='ocrx_word' id='word_1_8' title='bbox 1401 323 1683 401; x_wconf 87' lang='lat' dir='ltr'><strong>consilia,</strong></span> <span class='ocrx_word' id='word_1_9' title='bbox 1702 347 1834 389; x_wconf 88' lang='lat' dir='ltr'><strong>neu</strong></span> <span class='ocrx_word' id='word_1_10' title='bbox 1850 324 2212 389; x_wconf 84' lang='lat' dir='ltr'><strong>consulares</strong></span> <span class='ocrx_word' id='word_1_11' title='bbox 2228 335 2396 388; x_wconf 84' lang='lat' dir='ltr'><strong>artes</strong></span> <span class='ocrx_word' id='word_1_12' title='bbox 2412 322 2921 423; x_wconf 64' lang='lat' dir='ltr'><strong>exquirerent,</strong></span> 
     </span>
    </p>
   </div>
   <div class='ocr_carea' id='block_1_2' title="bbox 399 3256 620 3316">
    <p class='ocr_par' dir='ltr' id='par_1_2' title="bbox 399 3256 620 3316">
     <span class='ocr_line' id='line_1_2' title="bbox 399 3256 620 3316; baseline 0 0"><span class='ocrx_word' id='word_1_13' title='bbox 399 3284 404 3292; x_wconf 69' lang='lat'><em>‚</em></span> <span class='ocrx_word' id='word_1_14' title='bbox 515 3256 620 3316; x_wconf 87' lang='lat'><strong>42.</strong></span> 
     </span>
    </p>
   </div>
   <div class='ocr_carea' id='block_1_3' title="bbox 745 187 2080 255">
    <p class='ocr_par' dir='ltr' id='par_1_3' title="bbox 745 187 2080 255">
     <span class='ocr_line' id='line_1_3' title="bbox 745 187 2080 255; baseline 0 -2"><span class='ocrx_word' id='word_1_15' title='bbox 745 192 872 253; x_wconf 80' lang='lat'><strong>266</strong></span> <span class='ocrx_word' id='word_1_16' title='bbox 1530 188 1758 255; x_wconf 88' lang='grc' dir='ltr'>ΤΙΤΙ</span> <span class='ocrx_word' id='word_1_17' title='bbox 1809 187 2080 255; x_wconf 92' lang='lat' dir='ltr'>LIVII</span> 
     </span>
    </p>
   </div>
   <div class='ocr_carea' id='block_1_4' title="bbox 738 410 2945 2321">
    <p class='ocr_par' dir='ltr' id='par_1_4' title="bbox 738 410 2945 1867">
     <span class='ocr_line' id='line_1_4' title="bbox 785 410 2928 497; baseline -0 -25"><span class='ocrx_word' id='word_1_18' title='bbox 785 432 950 495; x_wconf 85' lang='lat' dir='ltr'><strong>quae</strong></span> <span class='ocrx_word' id='word_1_19' title='bbox 997 410 1378 496; x_wconf 80' lang='lat' dir='ltr'><strong>pensitanda</strong></span> <span class='ocrx_word' id='word_1_20' title='bbox 1424 432 1685 496; x_wconf 88' lang='lat' dir='ltr'><strong>quoque</strong></span> <span class='ocrx_word' id='word_1_21' title='bbox 1732 411 1979 495; x_wconf 77' lang='lat' dir='ltr'><strong>magnis</strong></span> <span class='ocrx_word' id='word_1_22' title='bbox 2036 410 2267 474; x_wconf 87' lang='lat' dir='ltr'><strong>animis</strong></span> <span class='ocrx_word' id='word_1_23' title='bbox 2323 424 2519 496; x_wconf 86' lang='lat' dir='ltr'><strong>atque</strong></span> <span class='ocrx_word' id='word_1_24' title='bbox 2571 410 2928 497; x_wconf 72' lang='lat' dir='ltr'><strong>ingeniis</strong></span> 
     </span>
     <span class='ocr_line' id='line_1_5' title="bbox 744 495 2927 583; baseline -0.001 -24"><span class='ocrx_word' id='word_1_25' title='bbox 744 502 765 533; x_wconf 93' lang='grc'><strong><em>6</em></strong></span> <span class='ocrx_word' id='word_1_26' title='bbox 787 508 1036 572; x_wconf 85' lang='lat' dir='ltr'><strong>essent3</strong></span> <span class='ocrx_word' id='word_1_27' title='bbox 1085 495 1217 573; x_wconf 89' lang='lat' dir='ltr'><strong>sed,</strong></span> <span class='ocrx_word' id='word_1_28' title='bbox 1259 497 1436 583; x_wconf 92' lang='lat' dir='ltr'><strong>quod</strong></span> <span class='ocrx_word' id='word_1_29' title='bbox 1475 497 1725 573; x_wconf 85' lang='lat' dir='ltr'><strong>viderit,</strong></span> <span class='ocrx_word' id='word_1_30' title='bbox 1766 495 1998 561; x_wconf 83' lang='lat' dir='ltr'><strong>referre</strong></span> <span class='ocrx_word' id='word_1_31' title='bbox 2038 518 2239 583; x_wconf 84' lang='lat' dir='ltr'><strong>posse.</strong></span> <span class='ocrx_word' id='word_1_32' title='bbox 2331 495 2588 561; x_wconf 82' lang='lat' dir='ltr'><strong>Vidisse</strong></span> <span class='ocrx_word' id='word_1_33' title='bbox 2629 510 2927 560; x_wconf 76' lang='lat' dir='ltr'><strong>autem</strong></span> 
     </span>
     <span class='ocr_line' id='line_1_6' title="bbox 743 581 2944 677; baseline -0 -32"><span class='ocrx_word' id='word_1_34' title='bbox 743 589 765 619; x_wconf 86' lang='lat'>‘</span> <span class='ocrx_word' id='word_1_35' title='bbox 785 604 852 645; x_wconf 89' lang='lat' dir='ltr'><strong>se</strong></span> <span class='ocrx_word' id='word_1_36' title='bbox 881 582 1076 669; x_wconf 89' lang='lat' dir='ltr'><strong>prius,</strong></span> <span class='ocrx_word' id='word_1_37' title='bbox 1110 604 1302 677; x_wconf 74' lang='lat' dir='ltr'><strong>quam</strong></span> <span class='ocrx_word' id='word_1_38' title='bbox 1333 583 1414 647; x_wconf 90' lang='lat' dir='ltr'><strong>ab</strong></span> <span class='ocrx_word' id='word_1_39' title='bbox 1443 583 1581 647; x_wconf 89' lang='lat' dir='ltr'><strong>acie</strong></span> <span class='ocrx_word' id='word_1_40' title='bbox 1611 581 2161 660; x_wconf 86' lang='lat' dir='ltr'><strong>intercluderetur,</strong></span> <span class='ocrx_word' id='word_1_41' title='bbox 2186 582 2515 647; x_wconf 83' lang='lat' dir='ltr'><strong>consulem</strong></span> <span class='ocrx_word' id='word_1_42' title='bbox 2545 582 2613 646; x_wconf 87' lang='lat' dir='ltr'><strong>in</strong></span> <span class='ocrx_word' id='word_1_43' title='bbox 2718 582 2944 663; x_wconf 72' lang='lat' dir='ltr'><strong>rima</strong></span> 
     </span>
     <span class='ocr_line' id='line_1_7' title="bbox 743 668 2944 756; baseline -0.001 -25"><span class='ocrx_word' id='word_1_44' title='bbox 743 676 764 705; x_wconf 94' lang='grc'><strong><em>6</em></strong></span> <span class='ocrx_word' id='word_1_45' title='bbox 781 668 915 731; x_wconf 89' lang='lat' dir='ltr'><strong>acie</strong></span> <span class='ocrx_word' id='word_1_46' title='bbox 947 681 1360 756; x_wconf 78' lang='lat' dir='ltr'><strong>pugnantem,</strong></span> <span class='ocrx_word' id='word_1_47' title='bbox 1386 668 1852 746; x_wconf 79' lang='lat' dir='ltr'><strong>adhortantem,</strong></span> <span class='ocrx_word' id='word_1_48' title='bbox 1872 669 2043 733; x_wconf 90' lang='lat' dir='ltr'><strong>inter</strong></span> <span class='ocrx_word' id='word_1_49' title='bbox 2068 669 2251 755; x_wconf 85' lang='lat' dir='ltr'><strong>signa</strong></span> <span class='ocrx_word' id='word_1_50' title='bbox 2274 668 2571 733; x_wconf 89' lang='lat' dir='ltr'><strong>Romana</strong></span> <span class='ocrx_word' id='word_1_51' title='bbox 2590 682 2664 733; x_wconf 85' lang='lat' dir='ltr'><strong>te</strong></span> <span class='ocrx_word' id='word_1_52' title='bbox 2828 674 2944 729; x_wconf 43' lang='lat' dir='ltr'><strong>ue}</strong></span> 
     </span>
     <span class='ocr_line' id='line_1_8' title="bbox 743 754 2925 842; baseline 0 -25"><span class='ocrx_word' id='word_1_53' title='bbox 743 763 764 792; x_wconf 91' lang='lat'>‘</span> <span class='ocrx_word' id='word_1_54' title='bbox 780 754 1058 819; x_wconf 86' lang='lat' dir='ltr'><strong>hostium</strong></span> <span class='ocrx_word' id='word_1_55' title='bbox 1087 768 1479 820; x_wconf 82' lang='lat' dir='ltr'><strong>versantem:</strong></span> <span class='ocrx_word' id='word_1_56' title='bbox 1527 768 1751 841; x_wconf 87' lang='lat' dir='ltr'><strong>postea</strong></span> <span class='ocrx_word' id='word_1_57' title='bbox 1776 777 1843 819; x_wconf 89' lang='lat' dir='ltr'><strong>se</strong></span> <span class='ocrx_word' id='word_1_58' title='bbox 1884 756 1965 819; x_wconf 89' lang='lat' dir='ltr'><strong>ab</strong></span> <span class='ocrx_word' id='word_1_59' title='bbox 1996 766 2343 842; x_wconf 88' lang='lat' dir='ltr'><strong>conspectu</strong></span> <span class='ocrx_word' id='word_1_60' title='bbox 2382 777 2643 819; x_wconf 87' lang='lat' dir='ltr'><strong>suorum</strong></span> <span class='ocrx_word' id='word_1_61' title='bbox 2690 754 2925 819; x_wconf 77' lang='lat' dir='ltr'><strong>abla-</strong></span> 
     </span>
     <span class='ocr_line' id='line_1_9' title="bbox 744 839 2944 928; baseline 0 -25"><span class='ocrx_word' id='word_1_62' title='bbox 744 848 764 877; x_wconf 86' lang='lat'>‘</span> <span class='ocrx_word' id='word_1_63' title='bbox 783 852 937 905; x_wconf 89' lang='lat' dir='ltr'><strong>tum.</strong></span> <span class='ocrx_word' id='word_1_64' title='bbox 1032 840 1135 905; x_wconf 88' lang='lat' dir='ltr'><strong>Ex</strong></span> <span class='ocrx_word' id='word_1_65' title='bbox 1179 841 1450 928; x_wconf 88' lang='lat' dir='ltr'><strong>strepitu</strong></span> <span class='ocrx_word' id='word_1_66' title='bbox 1492 855 1707 905; x_wconf 89' lang='lat' dir='ltr'><strong>tamen</strong></span> <span class='ocrx_word' id='word_1_67' title='bbox 1752 856 1819 905; x_wconf 90' lang='lat' dir='ltr'><strong>et</strong></span> <span class='ocrx_word' id='word_1_68' title='bbox 1860 840 2133 906; x_wconf 87' lang='lat' dir='ltr'><strong>clamore</strong></span> <span class='ocrx_word' id='word_1_69' title='bbox 2178 840 2467 918; x_wconf 78' lang='lat' dir='ltr'><strong>sensisse,</strong></span> <span class='ocrx_word' id='word_1_70' title='bbox 2515 863 2759 927; x_wconf 82' lang='lat' dir='ltr'><strong>usque</strong></span> <span class='ocrx_word' id='word_1_71' title='bbox 2822 839 2944 903; x_wconf 67' lang='lat' dir='ltr'><strong>ad&#39;</strong></span> 
     </span>
     <span class='ocr_line' id='line_1_10' title="bbox 743 926 2919 1013; baseline 0 -24"><span class='ocrx_word' id='word_1_72' title='bbox 743 934 763 965; x_wconf 91' lang='grc'><strong><em>6</em></strong></span> <span class='ocrx_word' id='word_1_73' title='bbox 785 940 1038 992; x_wconf 87' lang='lat' dir='ltr'><strong>noctem</strong></span> <span class='ocrx_word' id='word_1_74' title='bbox 1069 939 1422 993; x_wconf 85' lang='lat' dir='ltr'><strong>extractum</strong></span> <span class='ocrx_word' id='word_1_75' title='bbox 1451 940 1803 992; x_wconf 83' lang='lat' dir='ltr'><strong>certamen:</strong></span> <span class='ocrx_word' id='word_1_76' title='bbox 1850 950 1971 991; x_wconf 87' lang='lat' dir='ltr'><strong>nec</strong></span> <span class='ocrx_word' id='word_1_77' title='bbox 2001 927 2086 992; x_wconf 86' lang='lat' dir='ltr'><strong>ad</strong></span> <span class='ocrx_word' id='word_1_78' title='bbox 2116 926 2454 1004; x_wconf 88' lang='lat' dir='ltr'><strong>tumulum,</strong></span> <span class='ocrx_word' id='word_1_79' title='bbox 2486 948 2695 1013; x_wconf 88' lang='lat' dir='ltr'><strong>quem</strong></span> <span class='ocrx_word' id='word_1_80' title='bbox 2744 928 2774 989; x_wconf 85' lang='lat' dir='ltr'><strong>i</strong></span> <span class='ocrx_word' id='word_1_81' title='bbox 2778 948 2919 1013; x_wconf 82' lang='lat' dir='ltr'><strong>pse</strong></span> 
     </span>
     <span class='ocr_line' id='line_1_11' title="bbox 743 1012 2919 1099; baseline -0.001 -22"><span class='ocrx_word' id='word_1_82' title='bbox 743 1022 762 1051; x_wconf 92' lang='grc'><strong><em>6</em></strong></span> <span class='ocrx_word' id='word_1_83' title='bbox 787 1025 1096 1091; x_wconf 88' lang='lat' dir='ltr'><strong>tenuerat,</strong></span> <span class='ocrx_word' id='word_1_84' title='bbox 1203 1036 1309 1078; x_wconf 88' lang='lat' dir='ltr'><strong>rae</strong></span> <span class='ocrx_word' id='word_1_85' title='bbox 1369 1013 1782 1078; x_wconf 85' lang='lat' dir='ltr'><strong>multitudine</strong></span> <span class='ocrx_word' id='word_1_86' title='bbox 1850 1012 2131 1079; x_wconf 90' lang='lat' dir='ltr'><strong>hostium</strong></span> <span class='ocrx_word' id='word_1_87' title='bbox 2190 1012 2449 1078; x_wconf 87' lang='lat' dir='ltr'><strong>credere</strong></span> <span class='ocrx_word' id='word_1_88' title='bbox 2518 1013 2919 1099; x_wconf 84' lang='lat' dir='ltr'><strong>perrumpi</strong></span> 
     </span>
     <span class='ocr_line' id='line_1_12' title="bbox 744 1098 2944 1199; baseline 0 -36"><span class='ocrx_word' id='word_1_89' title='bbox 744 1108 763 1137; x_wconf 92' lang='grc'><strong><em>6</em></strong></span> <span class='ocrx_word' id='word_1_90' title='bbox 779 1100 1076 1199; x_wconf 89' lang='lat' dir='ltr'><strong>potuisse.</strong></span> <span class='ocrx_word' id='word_1_91' title='bbox 1230 1100 1509 1165; x_wconf 83' lang='lat' dir='ltr'><strong>xercitus</strong></span> <span class='ocrx_word' id='word_1_92' title='bbox 1536 1100 1649 1164; x_wconf 91' lang='lat' dir='ltr'><strong>ubi</strong></span> <span class='ocrx_word' id='word_1_93' title='bbox 1688 1113 1874 1178; x_wconf 84' lang='lat' dir='ltr'><strong>esset,</strong></span> <span class='ocrx_word' id='word_1_94' title='bbox 1904 1122 1971 1165; x_wconf 88' lang='lat' dir='ltr'><strong>se</strong></span> <span class='ocrx_word' id='word_1_95' title='bbox 2002 1100 2277 1165; x_wconf 79' lang='lat' dir='ltr'><strong>nescire:</strong></span> <span class='ocrx_word' id='word_1_96' title='bbox 2330 1099 2641 1176; x_wconf 78' lang='lat' dir='ltr'><strong>arbitrari,</strong></span> <span class='ocrx_word' id='word_1_97' title='bbox 2676 1098 2944 1163; x_wconf 80' lang='lat' dir='ltr'><strong>velut:</strong></span> 
     </span>
     <span class='ocr_line' id='line_1_13' title="bbox 744 1185 2944 1273; baseline 0.001 -24"><span class='ocrx_word' id='word_1_98' title='bbox 744 1193 764 1225; x_wconf 91' lang='lat'>‘</span> <span class='ocrx_word' id='word_1_99' title='bbox 784 1209 919 1273; x_wconf 73' lang='lat' dir='ltr'><strong>ipse</strong></span> <span class='ocrx_word' id='word_1_100' title='bbox 949 1187 1018 1251; x_wconf 92' lang='lat' dir='ltr'><strong>in</strong></span> <span class='ocrx_word' id='word_1_101' title='bbox 1048 1209 1116 1252; x_wconf 90' lang='lat' dir='ltr'><strong>re</strong></span> <span class='ocrx_word' id='word_1_102' title='bbox 1147 1186 1398 1273; x_wconf 88' lang='lat' dir='ltr'><strong>trepida</strong></span> <span class='ocrx_word' id='word_1_103' title='bbox 1423 1185 1549 1251; x_wconf 89' lang='lat' dir='ltr'><strong>loci</strong></span> <span class='ocrx_word' id='word_1_104' title='bbox 1580 1185 1894 1273; x_wconf 86' lang='lat' dir='ltr'><strong>praesidio</strong></span> <span class='ocrx_word' id='word_1_105' title='bbox 1922 1210 1991 1251; x_wconf 88' lang='lat' dir='ltr'><strong>se</strong></span> <span class='ocrx_word' id='word_1_106' title='bbox 2030 1208 2305 1273; x_wconf 91' lang='lat' dir='ltr'><strong>suosque</strong></span> <span class='ocrx_word' id='word_1_107' title='bbox 2336 1186 2419 1250; x_wconf 83' lang='lat' dir='ltr'><strong>sit</strong></span> <span class='ocrx_word' id='word_1_108' title='bbox 2458 1198 2751 1263; x_wconf 61' lang='lat' dir='ltr'><strong>tutatus»,</strong></span> <span class='ocrx_word' id='word_1_109' title='bbox 2796 1186 2915 1249; x_wconf 83' lang='lat' dir='ltr'><strong>sic</strong></span> <span class='ocrx_word' id='word_1_110' title='bbox 2943 1200 2944 1251; x_wconf 56' lang='grc' dir='ltr'>ζ</span> 
     </span>
     <span class='ocr_line' id='line_1_14' title="bbox 743 1272 2944 1357; baseline -0 -21"><span class='ocrx_word' id='word_1_111' title='bbox 743 1281 764 1313; x_wconf 94' lang='grc'><strong><em>6</em></strong></span> <span class='ocrx_word' id='word_1_112' title='bbox 785 1274 1110 1338; x_wconf 88' lang='lat' dir='ltr'><strong>consulem</strong></span> <span class='ocrx_word' id='word_1_113' title='bbox 1167 1272 1462 1345; x_wconf 85' lang='lat' dir='ltr'><strong>servandi</strong></span> <span class='ocrx_word' id='word_1_114' title='bbox 1520 1272 1836 1337; x_wconf 86' lang='lat' dir='ltr'><strong>exercitus</strong></span> <span class='ocrx_word' id='word_1_115' title='bbox 1894 1296 2083 1338; x_wconf 86' lang='lat' dir='ltr'><strong>causa</strong></span> <span class='ocrx_word' id='word_1_116' title='bbox 2138 1273 2279 1337; x_wconf 91' lang='lat' dir='ltr'><strong>loca</strong></span> <span class='ocrx_word' id='word_1_117' title='bbox 2334 1272 2573 1336; x_wconf 87' lang='lat' dir='ltr'><strong>tutiora</strong></span> <span class='ocrx_word' id='word_1_118' title='bbox 2628 1272 2944 1357; x_wconf 44' lang='lat' dir='ltr'><strong>cas-»tris¹</strong></span> 
     </span>
     <span class='ocr_line' id='line_1_15' title="bbox 743 1358 2944 1447; baseline -0.002 -23"><span class='ocrx_word' id='word_1_119' title='bbox 743 1368 762 1397; x_wconf 92' lang='lat'>‘</span> <span class='ocrx_word' id='word_1_120' title='bbox 779 1360 1039 1447; x_wconf 82' lang='lat' dir='ltr'><strong>cepisse.</strong></span> <span class='ocrx_word' id='word_1_121' title='bbox 1132 1358 1278 1425; x_wconf 88' lang='lat' dir='ltr'><strong>Nec</strong></span> <span class='ocrx_word' id='word_1_122' title='bbox 1317 1358 1698 1425; x_wconf 89' lang='lat' dir='ltr'><strong>Volscorum</strong></span> <span class='ocrx_word' id='word_1_123' title='bbox 1727 1358 2021 1424; x_wconf 87' lang='lat' dir='ltr'><strong>meliores</strong></span> <span class='ocrx_word' id='word_1_124' title='bbox 2048 1380 2149 1423; x_wconf 88' lang='lat' dir='ltr'><strong>res</strong></span> <span class='ocrx_word' id='word_1_125' title='bbox 2170 1380 2305 1423; x_wconf 87' lang='lat' dir='ltr'><strong>esse</strong></span> <span class='ocrx_word' id='word_1_126' title='bbox 2335 1358 2617 1435; x_wconf 86' lang='lat' dir='ltr'><strong>credere,</strong></span> <span class='ocrx_word' id='word_1_127' title='bbox 2650 1380 2905 1444; x_wconf 82' lang='lat' dir='ltr'><strong>quam</strong></span> <span class='ocrx_word' id='word_1_128' title='bbox 2943 1364 2944 1447; x_wconf 48' lang='grc' dir='ltr'>ᾗ</span> 
     </span>
     <span class='ocr_line' id='line_1_16' title="bbox 743 1444 2944 1533; baseline -0.002 -22"><span class='ocrx_word' id='word_1_129' title='bbox 743 1454 764 1486; x_wconf 95' lang='grc'><strong><em>6</em></strong></span> <span class='ocrx_word' id='word_1_130' title='bbox 781 1446 1003 1533; x_wconf 87' lang='lat' dir='ltr'><strong>populi</strong></span> <span class='ocrx_word' id='word_1_131' title='bbox 1074 1444 1371 1511; x_wconf 89' lang='lat' dir='ltr'><strong>Romani.</strong></span> <span class='ocrx_word' id='word_1_132' title='bbox 1493 1444 1843 1509; x_wconf 84' lang='lat' dir='ltr'><strong>Fortunam</strong></span> <span class='ocrx_word' id='word_1_133' title='bbox 1900 1460 2283 1531; x_wconf 89' lang='lat' dir='ltr'><strong>noctemque</strong></span> <span class='ocrx_word' id='word_1_134' title='bbox 2342 1444 2559 1510; x_wconf 86' lang='lat' dir='ltr'><strong>omnia</strong></span> <span class='ocrx_word' id='word_1_135' title='bbox 2614 1445 2907 1509; x_wconf 85' lang='lat' dir='ltr'><strong>erroris</strong></span> <span class='ocrx_word' id='word_1_136' title='bbox 2943 1460 2944 1519; x_wconf 53' lang='grc' dir='ltr'>ζ</span> 
     </span>
     <span class='ocr_line' id='line_1_17' title="bbox 741 1522 2945 1620; baseline -0 -24"><span class='ocrx_word' id='word_1_137' title='bbox 741 1541 763 1571; x_wconf 90' lang='grc'><strong><em>6</em></strong></span> <span class='ocrx_word' id='word_1_138' title='bbox 781 1532 988 1596; x_wconf 84' lang='lat' dir='ltr'><strong>mutui</strong></span> <span class='ocrx_word' id='word_1_139' title='bbox 1023 1532 1112 1596; x_wconf 91' lang='lat' dir='ltr'><strong>im</strong></span> <span class='ocrx_word' id='word_1_140' title='bbox 1158 1530 1318 1596; x_wconf 87' lang='lat' dir='ltr'><strong>lesse</strong></span> <span class='ocrx_word' id='word_1_141' title='bbox 1337 1532 1376 1597; x_wconf 72' lang='grc' dir='ltr'><strong>τ’</strong></span> <span class='ocrx_word' id='word_1_142' title='bbox 1417 1545 1915 1620; x_wconf 87' lang='lat' dir='ltr'><strong>precantemque</strong></span> <span class='ocrx_word' id='word_1_143' title='bbox 1956 1530 2211 1608; x_wconf 92' lang='lat' dir='ltr'><strong>deinde,</strong></span> <span class='ocrx_word' id='word_1_144' title='bbox 2244 1554 2327 1595; x_wconf 91' lang='lat' dir='ltr'><strong>ne</strong></span> <span class='ocrx_word' id='word_1_145' title='bbox 2366 1554 2435 1596; x_wconf 89' lang='lat' dir='ltr'><strong>se</strong></span> <span class='ocrx_word' id='word_1_146' title='bbox 2474 1530 2729 1596; x_wconf 86' lang='lat' dir='ltr'><strong>fessum</strong></span> <span class='ocrx_word' id='word_1_147' title='bbox 2787 1530 2901 1595; x_wconf 84' lang='lat' dir='ltr'><strong>Ia-</strong></span> <span class='ocrx_word' id='word_1_148' title='bbox 2942 1522 2945 1601; x_wconf 56' lang='lat' dir='ltr'>N</span> 
     </span>
     <span class='ocr_line' id='line_1_18' title="bbox 738 1554 2944 1704; baseline -0.001 -21"><span class='ocrx_word' id='word_1_149' title='bbox 738 1619 890 1683; x_wconf 85' lang='lat' dir='ltr'><strong>bore</strong></span> <span class='ocrx_word' id='word_1_150' title='bbox 921 1640 996 1681; x_wconf 90' lang='lat' dir='ltr'><strong>ac</strong></span> <span class='ocrx_word' id='word_1_151' title='bbox 1025 1554 1392 1682; x_wconf 60' lang='lat' dir='ltr'><strong>vulneribus</strong></span> <span class='ocrx_word' id='word_1_152' title='bbox 1421 1630 1733 1695; x_wconf 75' lang='lat' dir='ltr'><strong>tenerent,</strong></span> <span class='ocrx_word' id='word_1_153' title='bbox 1754 1640 1903 1682; x_wconf 88' lang='lat' dir='ltr'><strong>cum</strong></span> <span class='ocrx_word' id='word_1_154' title='bbox 1924 1618 2173 1704; x_wconf 84' lang='lat' dir='ltr'><strong>ingenti</strong></span> <span class='ocrx_word' id='word_1_155' title='bbox 2192 1617 2403 1695; x_wconf 90' lang='lat' dir='ltr'><strong>laude,</strong></span> <span class='ocrx_word' id='word_1_156' title='bbox 2425 1640 2561 1682; x_wconf 89' lang='lat' dir='ltr'><strong>non</strong></span> <span class='ocrx_word' id='word_1_157' title='bbox 2588 1617 2901 1681; x_wconf 84' lang='lat' dir='ltr'><strong>virtutis</strong></span> <span class='ocrx_word' id='word_1_158' title='bbox 2943 1618 2944 1653; x_wconf 75' lang='lat'>³</span> 
     </span>
     <span class='ocr_line' id='line_1_19' title="bbox 739 1703 2944 1803; baseline 0 -36"><span class='ocrx_word' id='word_1_159' title='bbox 739 1703 958 1789; x_wconf 86' lang='lat' dir='ltr'><strong>magis,</strong></span> <span class='ocrx_word' id='word_1_160' title='bbox 1004 1725 1198 1803; x_wconf 84' lang='lat' dir='ltr'><strong>quam</strong></span> <span class='ocrx_word' id='word_1_161' title='bbox 1248 1703 1721 1782; x_wconf 88' lang='lat' dir='ltr'><strong>moderationis,</strong></span> <span class='ocrx_word' id='word_1_162' title='bbox 1768 1703 2115 1769; x_wconf 84' lang='lat' dir='ltr'><strong>dimissum.</strong></span> <span class='ocrx_word' id='word_1_163' title='bbox 2212 1704 2435 1779; x_wconf 82' lang='lat' dir='ltr'><strong>Quum</strong></span> <span class='ocrx_word' id='word_1_164' title='bbox 2482 1704 2641 1768; x_wconf 86' lang='lat' dir='ltr'><strong>haec</strong></span> <span class='ocrx_word' id='word_1_165' title='bbox 2698 1726 2895 1790; x_wconf 79' lang='lat' dir='ltr'><strong>age-</strong></span> <span class='ocrx_word' id='word_1_166' title='bbox 2943 1726 2944 1741; x_wconf 60' lang='lat'>¹</span> 
     </span>
     <span class='ocr_line' id='line_1_20' title="bbox 738 1789 2887 1867; baseline 0 -14"><span class='ocrx_word' id='word_1_167' title='bbox 738 1803 976 1867; x_wconf 86' lang='lat' dir='ltr'><strong>rentur,</strong></span> <span class='ocrx_word' id='word_1_168' title='bbox 1023 1812 1154 1853; x_wconf 78' lang='lat' dir='ltr'><strong>lam</strong></span> <span class='ocrx_word' id='word_1_169' title='bbox 1199 1790 1420 1855; x_wconf 88' lang='lat' dir='ltr'><strong>consul</strong></span> <span class='ocrx_word' id='word_1_170' title='bbox 1470 1790 1577 1855; x_wconf 84' lang='lat' dir='ltr'><strong>via</strong></span> <span class='ocrx_word' id='word_1_171' title='bbox 1622 1789 1943 1855; x_wconf 82' lang='lat' dir='ltr'><strong>Lavicana</strong></span> <span class='ocrx_word' id='word_1_172' title='bbox 1992 1790 2077 1855; x_wconf 89' lang='lat' dir='ltr'><strong>ad</strong></span> <span class='ocrx_word' id='word_1_173' title='bbox 2118 1790 2338 1855; x_wconf 83' lang='lat' dir='ltr'><strong>fanum</strong></span> <span class='ocrx_word' id='word_1_174' title='bbox 2388 1790 2643 1865; x_wconf 84' lang='lat' dir='ltr'><strong>Quietis</strong></span> <span class='ocrx_word' id='word_1_175' title='bbox 2688 1804 2887 1855; x_wconf 80' lang='lat' dir='ltr'><strong>erat.</strong></span> 
     </span>
    </p>

    <p class='ocr_par' dir='ltr' id='par_1_5' title="bbox 742 1874 2879 1963">
     <span class='ocr_line' id='line_1_21' title="bbox 742 1874 2879 1963; baseline 0 -24"><span class='ocrx_word' id='word_1_176' title='bbox 742 1874 842 1939; x_wconf 92' lang='lat' dir='ltr'><strong>Eo</strong></span> <span class='ocrx_word' id='word_1_177' title='bbox 899 1875 1089 1939; x_wconf 85' lang='lat' dir='ltr'><strong>missa</strong></span> <span class='ocrx_word' id='word_1_178' title='bbox 1135 1875 1416 1963; x_wconf 88' lang='lat' dir='ltr'><strong>plaustra</strong></span> <span class='ocrx_word' id='word_1_179' title='bbox 1471 1877 1885 1963; x_wconf 85' lang='lat' dir='ltr'><strong>iumentaque</strong></span> <span class='ocrx_word' id='word_1_180' title='bbox 1943 1876 2069 1940; x_wconf 91' lang='lat' dir='ltr'><strong>alia</strong></span> <span class='ocrx_word' id='word_1_181' title='bbox 2123 1878 2205 1941; x_wconf 88' lang='lat' dir='ltr'><strong>ab</strong></span> <span class='ocrx_word' id='word_1_182' title='bbox 2263 1877 2420 1941; x_wconf 88' lang='lat' dir='ltr'><strong>urbe</strong></span> <span class='ocrx_word' id='word_1_183' title='bbox 2466 1876 2879 1951; x_wconf 84' lang='lat' dir='ltr'><strong>exercitum,</strong></span> 
     </span>
    </p>

    <p class='ocr_par' dir='ltr' id='par_1_6' title="bbox 740 1962 2881 2050">
     <span class='ocr_line' id='line_1_22' title="bbox 740 1962 2881 2050; baseline -0 -24"><span class='ocrx_word' id='word_1_184' title='bbox 740 1962 1038 2027; x_wconf 85' lang='lat' dir='ltr'><strong>affectum</strong></span> <span class='ocrx_word' id='word_1_185' title='bbox 1079 1962 1323 2049; x_wconf 84' lang='lat' dir='ltr'><strong>proelio</strong></span> <span class='ocrx_word' id='word_1_186' title='bbox 1367 1986 1440 2028; x_wconf 87' lang='lat' dir='ltr'><strong>ac</strong></span> <span class='ocrx_word' id='word_1_187' title='bbox 1483 1963 1589 2028; x_wconf 82' lang='lat' dir='ltr'><strong>via</strong></span> <span class='ocrx_word' id='word_1_188' title='bbox 1626 1976 1960 2040; x_wconf 88' lang='lat' dir='ltr'><strong>nocturna,</strong></span> <span class='ocrx_word' id='word_1_189' title='bbox 2006 1984 2335 2050; x_wconf 85' lang='lat' dir='ltr'><strong>excepere.</strong></span> <span class='ocrx_word' id='word_1_190' title='bbox 2427 1962 2655 2027; x_wconf 87' lang='lat' dir='ltr'><strong>Paullo</strong></span> <span class='ocrx_word' id='word_1_191' title='bbox 2702 1976 2881 2049; x_wconf 87' lang='lat' dir='ltr'><strong>post</strong></span> 
     </span>
    </p>

    <p class='ocr_par' dir='ltr' id='par_1_7' title="bbox 738 2048 2879 2137">
     <span class='ocr_line' id='line_1_23' title="bbox 738 2048 2879 2137; baseline 0.001 -26"><span class='ocrx_word' id='word_1_192' title='bbox 738 2048 808 2111; x_wconf 89' lang='lat' dir='ltr'><strong>in</strong></span> <span class='ocrx_word' id='word_1_193' title='bbox 839 2048 1061 2113; x_wconf 92' lang='lat' dir='ltr'><strong>urbem</strong></span> <span class='ocrx_word' id='word_1_194' title='bbox 1090 2062 1188 2113; x_wconf 91' lang='lat' dir='ltr'><strong>est</strong></span> <span class='ocrx_word' id='word_1_195' title='bbox 1215 2049 1534 2137; x_wconf 85' lang='lat' dir='ltr'><strong>ingressus</strong></span> <span class='ocrx_word' id='word_1_196' title='bbox 1574 2049 1816 2126; x_wconf 90' lang='lat' dir='ltr'><strong>consul,</strong></span> <span class='ocrx_word' id='word_1_197' title='bbox 1848 2072 1977 2115; x_wconf 88' lang='lat' dir='ltr'><strong>non</strong></span> <span class='ocrx_word' id='word_1_198' title='bbox 2010 2050 2089 2113; x_wconf 89' lang='lat' dir='ltr'><strong>ab</strong></span> <span class='ocrx_word' id='word_1_199' title='bbox 2118 2071 2185 2113; x_wconf 90' lang='lat' dir='ltr'><strong>se</strong></span> <span class='ocrx_word' id='word_1_200' title='bbox 2216 2049 2417 2136; x_wconf 87' lang='lat' dir='ltr'><strong>magis</strong></span> <span class='ocrx_word' id='word_1_201' title='bbox 2446 2049 2637 2113; x_wconf 89' lang='lat' dir='ltr'><strong>enixe</strong></span> <span class='ocrx_word' id='word_1_202' title='bbox 2666 2071 2879 2113; x_wconf 88' lang='lat' dir='ltr'><strong>amo-</strong></span> 
     </span>
    </p>

    <p class='ocr_par' dir='ltr' id='par_1_8' title="bbox 738 2134 2865 2236">
     <span class='ocr_line' id='line_1_24' title="bbox 738 2134 2865 2236; baseline -0 -38"><span class='ocrx_word' id='word_1_203' title='bbox 738 2157 894 2199; x_wconf 88' lang='lat' dir='ltr'><strong>vens</strong></span> <span class='ocrx_word' id='word_1_204' title='bbox 939 2134 1210 2221; x_wconf 87' lang='lat' dir='ltr'><strong>culpam,</strong></span> <span class='ocrx_word' id='word_1_205' title='bbox 1260 2158 1452 2236; x_wconf 68' lang='lat' dir='ltr'><strong>quam</strong></span> <span class='ocrx_word' id='word_1_206' title='bbox 1507 2135 1939 2223; x_wconf 84' lang='lat' dir='ltr'><strong>Tempanium</strong></span> <span class='ocrx_word' id='word_1_207' title='bbox 1988 2135 2230 2200; x_wconf 89' lang='lat' dir='ltr'><strong>meritis</strong></span> <span class='ocrx_word' id='word_1_208' title='bbox 2273 2134 2568 2199; x_wconf 79' lang='lat' dir='ltr'><strong>laudibus</strong></span> <span class='ocrx_word' id='word_1_209' title='bbox 2612 2134 2865 2199; x_wconf 84' lang='lat' dir='ltr'><strong>ferens.</strong></span> 
     </span>
    </p>

    <p class='ocr_par' dir='ltr' id='par_1_9' title="bbox 741 2220 2867 2321">
     <span class='ocr_line' id='line_1_25' title="bbox 741 2220 2867 2321; baseline -0 -36"><span class='ocrx_word' id='word_1_210' title='bbox 741 2220 1026 2286; x_wconf 80' lang='lat' dir='ltr'><strong>Maestae</strong></span> <span class='ocrx_word' id='word_1_211' title='bbox 1078 2221 1320 2287; x_wconf 73' lang='lat' dir='ltr'><strong>civitati</strong></span> <span class='ocrx_word' id='word_1_212' title='bbox 1369 2222 1450 2287; x_wconf 90' lang='lat' dir='ltr'><strong>ab</strong></span> <span class='ocrx_word' id='word_1_213' title='bbox 1495 2244 1566 2287; x_wconf 90' lang='lat' dir='ltr'><strong>re</strong></span> <span class='ocrx_word' id='word_1_214' title='bbox 1618 2220 1783 2285; x_wconf 88' lang='lat' dir='ltr'><strong>male</strong></span> <span class='ocrx_word' id='word_1_215' title='bbox 1834 2233 2015 2321; x_wconf 84' lang='lat' dir='ltr'><strong>gesta</strong></span> <span class='ocrx_word' id='word_1_216' title='bbox 2063 2236 2130 2285; x_wconf 87' lang='lat' dir='ltr'><strong>et</strong></span> <span class='ocrx_word' id='word_1_217' title='bbox 2175 2221 2371 2285; x_wconf 84' lang='lat' dir='ltr'><strong>iratae</strong></span> <span class='ocrx_word' id='word_1_218' title='bbox 2418 2220 2690 2285; x_wconf 87' lang='lat' dir='ltr'><strong>ducibus</strong></span> <span class='ocrx_word' id='word_1_219' title='bbox 2748 2220 2867 2284; x_wconf 85' lang='lat' dir='ltr'><strong>M.</strong></span> 
     </span>
    </p>
   </div>
   <div class='ocr_carea' id='block_1_5' title="bbox 2942 0 2945 643">
    <p class='ocr_par' dir='ltr' id='par_1_10' title="bbox 2942 0 2945 643">
     <span class='ocr_line' id='line_1_26' title="bbox 2942 0 2945 643; baseline 0 0"><span class='ocrx_word' id='word_1_220' title='bbox 2942 0 2945 643; x_wconf 95' lang='lat' dir='ltr'><strong> </strong></span> 
     </span>
    </p>
   </div>
   <div class='ocr_carea' id='block_1_6' title="bbox 701 2306 2944 2394">
    <p class='ocr_par' dir='ltr' id='par_1_11' title="bbox 701 2306 2944 2394">
     <span class='ocr_line' id='line_1_27' title="bbox 701 2306 2944 2394; baseline -0.001 -23"><span class='ocrx_word' id='word_1_221' title='bbox 701 2322 713 2327; x_wconf 79' lang='grc'><em>”</em></span> <span class='ocrx_word' id='word_1_222' title='bbox 741 2307 1106 2371; x_wconf 82' lang='lat' dir='ltr'><strong>Postumius</strong></span> <span class='ocrx_word' id='word_1_223' title='bbox 1135 2331 1280 2373; x_wconf 90' lang='lat' dir='ltr'><strong>reus</strong></span> <span class='ocrx_word' id='word_1_224' title='bbox 1309 2308 1612 2384; x_wconf 86' lang='lat' dir='ltr'><strong>obiectus,</strong></span> <span class='ocrx_word' id='word_1_225' title='bbox 1692 2308 1759 2372; x_wconf 92' lang='lat' dir='ltr'><strong>ui</strong></span> <span class='ocrx_word' id='word_1_226' title='bbox 1790 2309 2082 2372; x_wconf 73' lang='lat' dir='ltr'><strong>tribunus</strong></span> <span class='ocrx_word' id='word_1_227' title='bbox 2111 2306 2383 2371; x_wconf 88' lang='lat' dir='ltr'><strong>militum</strong></span> <span class='ocrx_word' id='word_1_228' title='bbox 2416 2330 2533 2394; x_wconf 91' lang='lat' dir='ltr'><strong>pro</strong></span> <span class='ocrx_word' id='word_1_229' title='bbox 2578 2306 2863 2372; x_wconf 84' lang='lat' dir='ltr'><strong>consule</strong></span> <span class='ocrx_word' id='word_1_230' title='bbox 2943 2314 2944 2385; x_wconf 58' lang='grc' dir='ltr'>ἶ</span> 
     </span>
    </p>
   </div>
   <div class='ocr_carea' id='block_1_7' title="bbox 737 2392 2944 3515">
    <p class='ocr_par' dir='ltr' id='par_1_12' title="bbox 737 2392 2944 3515">
     <span class='ocr_line' id='line_1_28' title="bbox 739 2392 2944 2470; baseline 0 -13"><span class='ocrx_word' id='word_1_231' title='bbox 739 2393 822 2457; x_wconf 86' lang='lat' dir='ltr'><strong>ad</strong></span> <span class='ocrx_word' id='word_1_232' title='bbox 855 2393 1048 2458; x_wconf 88' lang='lat' dir='ltr'><strong>Veios</strong></span> <span class='ocrx_word' id='word_1_233' title='bbox 1075 2393 1300 2470; x_wconf 87' lang='lat' dir='ltr'><strong>fuerat,</strong></span> <span class='ocrx_word' id='word_1_234' title='bbox 1323 2393 1553 2459; x_wconf 89' lang='lat' dir='ltr'><strong>decem</strong></span> <span class='ocrx_word' id='word_1_235' title='bbox 1581 2394 1671 2457; x_wconf 92' lang='lat' dir='ltr'><strong>mi</strong></span> <span class='ocrx_word' id='word_1_236' title='bbox 1720 2395 1861 2459; x_wconf 90' lang='lat' dir='ltr'><strong>ibus</strong></span> <span class='ocrx_word' id='word_1_237' title='bbox 1890 2394 2051 2458; x_wconf 88' lang='lat' dir='ltr'><strong>aeris</strong></span> <span class='ocrx_word' id='word_1_238' title='bbox 2184 2393 2278 2457; x_wconf 85' lang='lat' dir='ltr'><strong>vis</strong></span> <span class='ocrx_word' id='word_1_239' title='bbox 2306 2392 2663 2458; x_wconf 88' lang='lat' dir='ltr'><strong>damnatur.</strong></span> <span class='ocrx_word' id='word_1_240' title='bbox 2766 2394 2859 2458; x_wconf 87' lang='lat' dir='ltr'><strong>T.</strong></span> <span class='ocrx_word' id='word_1_241' title='bbox 2884 2415 2913 2448; x_wconf 81' lang='lat'><em>²</em></span> <span class='ocrx_word' id='word_1_242' title='bbox 2942 2406 2944 2465; x_wconf 66' lang='grc' dir='ltr'><em>ξ</em></span> 
     </span>
     <span class='ocr_line' id='line_1_29' title="bbox 744 2416 2944 2568; baseline 0 -23"><span class='ocrx_word' id='word_1_243' title='bbox 744 2479 1124 2555; x_wconf 84' lang='lat' dir='ltr'><strong>Quinctium</strong></span> <span class='ocrx_word' id='word_1_244' title='bbox 1153 2480 1460 2568; x_wconf 82' lang='lat' dir='ltr'><strong>collegam</strong></span> <span class='ocrx_word' id='word_1_245' title='bbox 1490 2482 1648 2557; x_wconf 89' lang='lat' dir='ltr'><strong>eius,</strong></span> <span class='ocrx_word' id='word_1_246' title='bbox 1674 2480 1827 2566; x_wconf 85' lang='lat' dir='ltr'><strong>quia</strong></span> <span class='ocrx_word' id='word_1_247' title='bbox 1852 2493 1919 2545; x_wconf 89' lang='lat' dir='ltr'><strong>et</strong></span> <span class='ocrx_word' id='word_1_248' title='bbox 1948 2479 2016 2545; x_wconf 87' lang='lat' dir='ltr'><strong>in</strong></span> <span class='ocrx_word' id='word_1_249' title='bbox 2040 2416 2291 2545; x_wconf 41' lang='lat' dir='ltr'><strong>&amp;discis</strong></span> <span class='ocrx_word' id='word_1_250' title='bbox 2312 2478 2536 2544; x_wconf 89' lang='lat' dir='ltr'><strong>consul</strong></span> <span class='ocrx_word' id='word_1_251' title='bbox 2558 2481 2859 2567; x_wconf 87' lang='lat' dir='ltr'><strong>auspicio</strong></span> <span class='ocrx_word' id='word_1_252' title='bbox 2943 2502 2944 2545; x_wconf 71' lang='lat'><em>3</em></span> 
     </span>
     <span class='ocr_line' id='line_1_30' title="bbox 737 2564 2859 2653; baseline -0 -22"><span class='ocrx_word' id='word_1_253' title='bbox 737 2566 1060 2632; x_wconf 90' lang='lat' dir='ltr'><strong>dictatoris</strong></span> <span class='ocrx_word' id='word_1_254' title='bbox 1090 2566 1404 2632; x_wconf 86' lang='lat' dir='ltr'><strong>Postumii</strong></span> <span class='ocrx_word' id='word_1_255' title='bbox 1425 2566 1716 2643; x_wconf 87' lang='lat' dir='ltr'><strong>Tuberti,</strong></span> <span class='ocrx_word' id='word_1_256' title='bbox 1736 2579 1803 2631; x_wconf 90' lang='lat' dir='ltr'><strong>et</strong></span> <span class='ocrx_word' id='word_1_257' title='bbox 1832 2566 1915 2631; x_wconf 89' lang='lat' dir='ltr'><strong>ad</strong></span> <span class='ocrx_word' id='word_1_258' title='bbox 1945 2565 2217 2630; x_wconf 85' lang='lat' dir='ltr'><strong>Fidenas</strong></span> <span class='ocrx_word' id='word_1_259' title='bbox 2248 2564 2492 2653; x_wconf 87' lang='lat' dir='ltr'><strong>legatus</strong></span> <span class='ocrx_word' id='word_1_260' title='bbox 2514 2566 2859 2631; x_wconf 87' lang='lat' dir='ltr'><strong>dictatoris</strong></span> 
     </span>
     <span class='ocr_line' id='line_1_31' title="bbox 737 2652 2944 2740; baseline 0 -23"><span class='ocrx_word' id='word_1_261' title='bbox 737 2652 995 2719; x_wconf 88' lang='lat' dir='ltr'><strong>alterius</strong></span> <span class='ocrx_word' id='word_1_262' title='bbox 1035 2652 1239 2718; x_wconf 89' lang='lat' dir='ltr'><strong>Mam.</strong></span> <span class='ocrx_word' id='word_1_263' title='bbox 1259 2652 1545 2729; x_wconf 84' lang='lat' dir='ltr'><strong>Aemilii,</strong></span> <span class='ocrx_word' id='word_1_264' title='bbox 1576 2675 1677 2717; x_wconf 90' lang='lat' dir='ltr'><strong>res</strong></span> <span class='ocrx_word' id='word_1_265' title='bbox 1704 2674 2003 2740; x_wconf 88' lang='lat' dir='ltr'><strong>prospere</strong></span> <span class='ocrx_word' id='word_1_266' title='bbox 2212 2665 2328 2730; x_wconf 85' lang='lat' dir='ltr'><strong>rat,</strong></span> <span class='ocrx_word' id='word_1_267' title='bbox 2361 2665 2557 2716; x_wconf 85' lang='lat' dir='ltr'><strong>totam</strong></span> <span class='ocrx_word' id='word_1_268' title='bbox 2588 2652 2855 2739; x_wconf 88' lang='lat' dir='ltr'><strong>culpam</strong></span> <span class='ocrx_word' id='word_1_269' title='bbox 2943 2690 2944 2733; x_wconf 60' lang='lat'>1</span> 
     </span>
     <span class='ocr_line' id='line_1_32' title="bbox 737 2738 2851 2837; baseline 0 -34"><span class='ocrx_word' id='word_1_270' title='bbox 737 2740 876 2803; x_wconf 88' lang='lat' dir='ltr'><strong>eius</strong></span> <span class='ocrx_word' id='word_1_271' title='bbox 923 2738 1224 2837; x_wconf 86' lang='lat' dir='ltr'><strong>temporis</strong></span> <span class='ocrx_word' id='word_1_272' title='bbox 1275 2740 1346 2802; x_wconf 88' lang='lat' dir='ltr'><strong>in</strong></span> <span class='ocrx_word' id='word_1_273' title='bbox 1441 2738 1923 2803; x_wconf 85' lang='lat' dir='ltr'><strong>raedamnatum</strong></span> <span class='ocrx_word' id='word_1_274' title='bbox 1971 2761 2048 2803; x_wconf 92' lang='lat' dir='ltr'><strong>co</strong></span> <span class='ocrx_word' id='word_1_275' title='bbox 2094 2760 2279 2825; x_wconf 86' lang='lat' dir='ltr'><strong>egam</strong></span> <span class='ocrx_word' id='word_1_276' title='bbox 2334 2738 2851 2815; x_wconf 86' lang='lat' dir='ltr'><strong>transferentem,</strong></span> 
     </span>
     <span class='ocr_line' id='line_1_33' title="bbox 737 2823 2944 2911; baseline 0 -22"><span class='ocrx_word' id='word_1_277' title='bbox 737 2846 959 2889; x_wconf 90' lang='lat' dir='ltr'><strong>omnes</strong></span> <span class='ocrx_word' id='word_1_278' title='bbox 1003 2824 1202 2888; x_wconf 84' lang='lat' dir='ltr'><strong>tnbus</strong></span> <span class='ocrx_word' id='word_1_279' title='bbox 1245 2823 1395 2888; x_wconf 88' lang='lat' dir='ltr'><strong>abso</strong></span> <span class='ocrx_word' id='word_1_280' title='bbox 1419 2835 1665 2888; x_wconf 85' lang='lat' dir='ltr'><strong>verunt.</strong></span> <span class='ocrx_word' id='word_1_281' title='bbox 1758 2824 2075 2890; x_wconf 84' lang='lat' dir='ltr'><strong>Profuisse</strong></span> <span class='ocrx_word' id='word_1_282' title='bbox 2120 2824 2181 2888; x_wconf 88' lang='lat' dir='ltr'><strong>ei</strong></span> <span class='ocrx_word' id='word_1_283' title='bbox 2226 2823 2599 2889; x_wconf 87' lang='lat' dir='ltr'><strong>Cincinnati</strong></span> <span class='ocrx_word' id='word_1_284' title='bbox 2644 2826 2852 2911; x_wconf 85' lang='lat' dir='ltr'><strong>patris</strong></span> <span class='ocrx_word' id='word_1_285' title='bbox 2943 2906 2944 2909; x_wconf 8' lang='grc' dir='ltr'><strong>Ἴ</strong></span> 
     </span>
     <span class='ocr_line' id='line_1_34' title="bbox 737 2908 2944 2988; baseline 0.001 -15"><span class='ocrx_word' id='word_1_286' title='bbox 737 2910 1044 2974; x_wconf 90' lang='lat' dir='ltr'><strong>memoria</strong></span> <span class='ocrx_word' id='word_1_287' title='bbox 1088 2908 1342 2985; x_wconf 87' lang='lat' dir='ltr'><strong>dicitur,</strong></span> <span class='ocrx_word' id='word_1_288' title='bbox 1394 2909 1771 2975; x_wconf 85' lang='lat' dir='ltr'><strong>venerabilis</strong></span> <span class='ocrx_word' id='word_1_289' title='bbox 1816 2911 1954 2988; x_wconf 87' lang='lat' dir='ltr'><strong>viri,</strong></span> <span class='ocrx_word' id='word_1_290' title='bbox 2006 2922 2075 2975; x_wconf 86' lang='lat' dir='ltr'><strong>et</strong></span> <span class='ocrx_word' id='word_1_291' title='bbox 2120 2924 2381 2975; x_wconf 82' lang='lat' dir='ltr'><strong>exactae</strong></span> <span class='ocrx_word' id='word_1_292' title='bbox 2426 2910 2557 2975; x_wconf 90' lang='lat' dir='ltr'><strong>iam</strong></span> <span class='ocrx_word' id='word_1_293' title='bbox 2617 2912 2849 2975; x_wconf 87' lang='lat' dir='ltr'><strong>aetatis</strong></span> <span class='ocrx_word' id='word_1_294' title='bbox 2943 2938 2944 2943; x_wconf 47' lang='lat'>¹</span> 
     </span>
     <span class='ocr_line' id='line_1_35' title="bbox 742 2993 2847 3083; baseline 0.001 -24"><span class='ocrx_word' id='word_1_295' title='bbox 742 2993 1144 3081; x_wconf 89' lang='lat' dir='ltr'><strong>Capitolinus</strong></span> <span class='ocrx_word' id='word_1_296' title='bbox 1190 2994 1555 3071; x_wconf 86' lang='lat' dir='ltr'><strong>Quinctius,</strong></span> <span class='ocrx_word' id='word_1_297' title='bbox 1586 2995 1958 3083; x_wconf 87' lang='lat' dir='ltr'><strong>suppliciter</strong></span> <span class='ocrx_word' id='word_1_298' title='bbox 1995 3018 2199 3072; x_wconf 89' lang='lat' dir='ltr'><strong>orans,</strong></span> <span class='ocrx_word' id='word_1_299' title='bbox 2232 3019 2313 3061; x_wconf 89' lang='lat' dir='ltr'><strong>ne</strong></span> <span class='ocrx_word' id='word_1_300' title='bbox 2354 3020 2442 3073; x_wconf 90' lang='lat' dir='ltr'><strong>se,</strong></span> <span class='ocrx_word' id='word_1_301' title='bbox 2474 2998 2653 3061; x_wconf 84' lang='lat' dir='ltr'><strong>brevi</strong></span> <span class='ocrx_word' id='word_1_302' title='bbox 2692 2998 2847 3062; x_wconf 88' lang='lat' dir='ltr'><strong>reli-</strong></span> 
     </span>
     <span class='ocr_line' id='line_1_36' title="bbox 739 3080 2844 3167; baseline 0.001 -22"><span class='ocrx_word' id='word_1_303' title='bbox 739 3102 870 3167; x_wconf 92' lang='lat' dir='ltr'><strong>quo</strong></span> <span class='ocrx_word' id='word_1_304' title='bbox 891 3080 1057 3145; x_wconf 86' lang='lat' dir='ltr'><strong>vitae</strong></span> <span class='ocrx_word' id='word_1_305' title='bbox 1080 3080 1303 3167; x_wconf 81' lang='lat' dir='ltr'><strong>spatio,</strong></span> <span class='ocrx_word' id='word_1_306' title='bbox 1330 3094 1460 3144; x_wconf 86' lang='lat' dir='ltr'><strong>tam</strong></span> <span class='ocrx_word' id='word_1_307' title='bbox 1491 3081 1735 3146; x_wconf 80' lang='lat' dir='ltr'><strong>tristem</strong></span> <span class='ocrx_word' id='word_1_308' title='bbox 1756 3083 2057 3147; x_wconf 89' lang='lat' dir='ltr'><strong>nuntium</strong></span> <span class='ocrx_word' id='word_1_309' title='bbox 2074 3082 2237 3147; x_wconf 89' lang='lat' dir='ltr'><strong>ferre</strong></span> <span class='ocrx_word' id='word_1_310' title='bbox 2268 3082 2350 3147; x_wconf 91' lang='lat' dir='ltr'><strong>ad</strong></span> <span class='ocrx_word' id='word_1_311' title='bbox 2376 3082 2844 3148; x_wconf 88' lang='lat' dir='ltr'><strong>Cincinnatum</strong></span> 
     </span>
     <span class='ocr_line' id='line_1_37' title="bbox 783 3180 2944 3232; baseline 0.004 -1"><span class='ocrx_word' id='word_1_312' title='bbox 783 3180 1122 3232; x_wconf 90' lang='lat' dir='ltr'><strong>aterentur.</strong></span> <span class='ocrx_word' id='word_1_313' title='bbox 2942 3204 2944 3215; x_wconf 60' lang='lat'><strong>⁴</strong></span> 
     </span>
     <span class='ocr_line' id='line_1_38' title="bbox 737 3191 2944 3342; baseline 0.003 -24"><span class='ocrx_word' id='word_1_314' title='bbox 737 3191 782 3255; x_wconf 82' lang='lat' dir='ltr'><strong>P</strong></span> <span class='ocrx_word' id='word_1_315' title='bbox 826 3254 1018 3319; x_wconf 86' lang='lat' dir='ltr'><strong>Plebs</strong></span> <span class='ocrx_word' id='word_1_316' title='bbox 1047 3254 1334 3320; x_wconf 81' lang='lat' dir='ltr'><strong>tribunos</strong></span> <span class='ocrx_word' id='word_1_317' title='bbox 1376 3253 1551 3341; x_wconf 91' lang='lat' dir='ltr'><strong>plebi</strong></span> <span class='ocrx_word' id='word_1_318' title='bbox 1590 3256 1898 3331; x_wconf 77' lang='lat' dir='ltr'><strong>absentee,</strong></span> <span class='ocrx_word' id='word_1_319' title='bbox 1937 3254 2083 3319; x_wconf 85' lang='lat' dir='ltr'><strong>Sex.</strong></span> <span class='ocrx_word' id='word_1_320' title='bbox 2107 3254 2557 3342; x_wconf 88' lang='lat' dir='ltr'><strong>Tempanium,</strong></span> <span class='ocrx_word' id='word_1_321' title='bbox 2589 3256 2672 3321; x_wconf 88' lang='lat' dir='ltr'><strong>A.</strong></span> <span class='ocrx_word' id='word_1_322' title='bbox 2700 3254 2842 3321; x_wconf 84' lang='lat' dir='ltr'><strong>Sel·</strong></span> <span class='ocrx_word' id='word_1_323' title='bbox 2943 3322 2944 3325; x_wconf 73' lang='grc'>,</span> 
     </span>
     <span class='ocr_line' id='line_1_39' title="bbox 738 3339 2944 3430; baseline 0.002 -27"><span class='ocrx_word' id='word_1_324' title='bbox 738 3340 916 3417; x_wconf 90' lang='lat' dir='ltr'><strong>lium,</strong></span> <span class='ocrx_word' id='word_1_325' title='bbox 969 3340 1114 3406; x_wconf 84' lang='lat' dir='ltr'><strong>Sex.</strong></span> <span class='ocrx_word' id='word_1_326' title='bbox 1143 3339 1519 3417; x_wconf 89' lang='lat' dir='ltr'><strong>Antistium,</strong></span> <span class='ocrx_word' id='word_1_327' title='bbox 1566 3353 1632 3405; x_wconf 87' lang='lat' dir='ltr'><strong>et</strong></span> <span class='ocrx_word' id='word_1_328' title='bbox 1687 3340 1793 3427; x_wconf 92' lang='lat' dir='ltr'><strong>Sp.</strong></span> <span class='ocrx_word' id='word_1_329' title='bbox 1823 3339 2097 3418; x_wconf 89' lang='lat' dir='ltr'><strong>Icilium,</strong></span> <span class='ocrx_word' id='word_1_330' title='bbox 2149 3340 2337 3418; x_wconf 83' lang='lat' dir='ltr'><strong>fecit3</strong></span> <span class='ocrx_word' id='word_1_331' title='bbox 2398 3364 2561 3428; x_wconf 88' lang='lat' dir='ltr'><strong>quos</strong></span> <span class='ocrx_word' id='word_1_332' title='bbox 2612 3354 2679 3407; x_wconf 91' lang='lat' dir='ltr'><strong>et</strong></span> <span class='ocrx_word' id='word_1_333' title='bbox 2720 3365 2879 3430; x_wconf 83' lang='lat' dir='ltr'><strong>pr03</strong></span> <span class='ocrx_word' id='word_1_334' title='bbox 2943 3344 2944 3353; x_wconf 75' lang='grc'>’</span> 
     </span>
     <span class='ocr_line' id='line_1_40' title="bbox 737 3426 2835 3515; baseline 0.001 -24"><span class='ocrx_word' id='word_1_335' title='bbox 737 3427 1214 3493; x_wconf 87' lang='lat' dir='ltr'><strong>centurionibus</strong></span> <span class='ocrx_word' id='word_1_336' title='bbox 1241 3428 1361 3492; x_wconf 89' lang='lat' dir='ltr'><strong>sibi</strong></span> <span class='ocrx_word' id='word_1_337' title='bbox 1389 3426 1839 3515; x_wconf 84' lang='lat' dir='ltr'><strong>praefecerant,</strong></span> <span class='ocrx_word' id='word_1_338' title='bbox 1872 3426 2229 3515; x_wconf 83' lang='lat' dir='ltr'><strong>Tempanio</strong></span> <span class='ocrx_word' id='word_1_339' title='bbox 2258 3440 2536 3505; x_wconf 90' lang='lat' dir='ltr'><strong>auctore,</strong></span> <span class='ocrx_word' id='word_1_340' title='bbox 2568 3429 2835 3514; x_wconf 77' lang='lat' dir='ltr'><strong>equites·</strong></span> 
     </span>
    </p>
   </div>
   <div class='ocr_carea' id='block_1_8' title="bbox 735 3612 2944 4058">
    <p class='ocr_par' dir='ltr' id='par_1_13' title="bbox 735 3612 2944 3929">
     <span class='ocr_line' id='line_1_41' title="bbox 815 3612 2835 3677; baseline 0.002 -16"><span class='ocrx_word' id='word_1_341' title='bbox 815 3628 835 3661; x_wconf 87' lang='grc' dir='ltr'>ι</span> <span class='ocrx_word' id='word_1_342' title='bbox 874 3616 1014 3673; x_wconf 75' lang='lat' dir='ltr'><strong>Quae</strong></span> <span class='ocrx_word' id='word_1_343' title='bbox 1045 3616 1343 3676; x_wconf 68' lang='lat' dir='ltr'><strong>pensitanda</strong></span> <span class='ocrx_word' id='word_1_344' title='bbox 1374 3614 1589 3677; x_wconf 77' lang='lat' dir='ltr'><strong>quoque]</strong></span> <span class='ocrx_word' id='word_1_345' title='bbox 1633 3612 1683 3662; x_wconf 84' lang='lat' dir='ltr'><strong>h.</strong></span> <span class='ocrx_word' id='word_1_346' title='bbox 1711 3628 1755 3661; x_wconf 86' lang='lat' dir='ltr'><strong>e.</strong></span> <span class='ocrx_word' id='word_1_347' title='bbox 1820 3628 1905 3661; x_wconf 84' lang='lat' dir='ltr'><strong>aes</strong></span> <span class='ocrx_word' id='word_1_348' title='bbox 1936 3618 2035 3661; x_wconf 81' lang='lat' dir='ltr'><strong>non</strong></span> <span class='ocrx_word' id='word_1_349' title='bbox 2068 3612 2311 3675; x_wconf 75' lang='lat' dir='ltr'><strong>signatum</strong></span> <span class='ocrx_word' id='word_1_350' title='bbox 2333 3613 2639 3677; x_wconf 78' lang='lat' dir='ltr'><strong>intelligitur.</strong></span> <span class='ocrx_word' id='word_1_351' title='bbox 2672 3613 2835 3665; x_wconf 73' lang='lat' dir='ltr'><strong>Cnnv.</strong></span> 
     </span>
     <span class='ocr_line' id='line_1_42' title="bbox 739 3676 2835 3753; baseline 0 -29"><span class='ocrx_word' id='word_1_352' title='bbox 739 3677 967 3732; x_wconf 80' lang='lat' dir='ltr'><strong>Quorum</strong></span> <span class='ocrx_word' id='word_1_353' title='bbox 1000 3677 1248 3750; x_wconf 76' lang='lat' dir='ltr'><strong>inquisitio</strong></span> <span class='ocrx_word' id='word_1_354' title='bbox 1278 3692 1472 3739; x_wconf 88' lang='lat' dir='ltr'><strong>quoque</strong></span> <span class='ocrx_word' id='word_1_355' title='bbox 1508 3682 1559 3725; x_wconf 89' lang='lat' dir='ltr'><strong>et</strong></span> <span class='ocrx_word' id='word_1_356' title='bbox 1594 3676 1755 3725; x_wconf 84' lang='lat' dir='ltr'><strong>existi-</strong></span> <span class='ocrx_word' id='word_1_357' title='bbox 1823 3676 2033 3724; x_wconf 84' lang='lat' dir='ltr'><strong>Necnon</strong></span> <span class='ocrx_word' id='word_1_358' title='bbox 2050 3679 2113 3725; x_wconf 86' lang='lat' dir='ltr'><strong>ab</strong></span> <span class='ocrx_word' id='word_1_359' title='bbox 2131 3680 2320 3726; x_wconf 68' lang='lat' dir='ltr'><strong>ossibus</strong></span> <span class='ocrx_word' id='word_1_360' title='bbox 2342 3677 2631 3739; x_wconf 79' lang='lat' dir='ltr'><strong>simpliciter</strong></span> <span class='ocrx_word' id='word_1_361' title='bbox 2646 3678 2835 3753; x_wconf 70' lang='lat' dir='ltr'><strong>positia,</strong></span> 
     </span>
     <span class='ocr_line' id='line_1_43' title="bbox 737 3738 2833 3807; baseline 0.001 -21"><span class='ocrx_word' id='word_1_362' title='bbox 737 3740 890 3787; x_wconf 82' lang='lat' dir='ltr'><strong>matio</strong></span> <span class='ocrx_word' id='word_1_363' title='bbox 925 3755 1113 3807; x_wconf 74' lang='lat' dir='ltr'><strong>magnis</strong></span> <span class='ocrx_word' id='word_1_364' title='bbox 1149 3740 1327 3788; x_wconf 83' lang='lat' dir='ltr'><strong>animis</strong></span> <span class='ocrx_word' id='word_1_365' title='bbox 1362 3746 1513 3801; x_wconf 83' lang='lat' dir='ltr'><strong>atque</strong></span> <span class='ocrx_word' id='word_1_366' title='bbox 1552 3738 1758 3803; x_wconf 81' lang='lat' dir='ltr'><strong>ingeniis</strong></span> <span class='ocrx_word' id='word_1_367' title='bbox 1820 3740 1904 3801; x_wconf 88' lang='lat' dir='ltr'><strong>qui</strong></span> <span class='ocrx_word' id='word_1_368' title='bbox 1941 3755 2135 3801; x_wconf 84' lang='lat' dir='ltr'><strong>semper</strong></span> <span class='ocrx_word' id='word_1_369' title='bbox 2168 3758 2298 3790; x_wconf 69' lang='lat' dir='ltr'><strong>usses</strong></span> <span class='ocrx_word' id='word_1_370' title='bbox 2328 3744 2543 3803; x_wconf 71' lang='lat' dir='ltr'><strong>siynatos</strong></span> <span class='ocrx_word' id='word_1_371' title='bbox 2581 3756 2833 3789; x_wconf 76' lang='lat' dir='ltr'><strong>culuscun-</strong></span> 
     </span>
     <span class='ocr_line' id='line_1_44' title="bbox 739 3802 2944 3867; baseline 0.002 -18"><span class='ocrx_word' id='word_1_372' title='bbox 739 3802 988 3863; x_wconf 75' lang='lat' dir='ltr'><strong>indigeret.</strong></span> <span class='ocrx_word' id='word_1_373' title='bbox 1055 3805 1316 3853; x_wconf 71' lang='lat' dir='ltr'><strong>pomum-0</strong></span> <span class='ocrx_word' id='word_1_374' title='bbox 1347 3803 1479 3850; x_wconf 86' lang='lat' dir='ltr'><strong>enim</strong></span> <span class='ocrx_word' id='word_1_375' title='bbox 1514 3808 1589 3851; x_wconf 85' lang='lat' dir='ltr'><strong>est</strong></span> <span class='ocrx_word' id='word_1_376' title='bbox 1617 3803 1756 3865; x_wconf 78' lang='lat' dir='ltr'><strong>quasi</strong></span> <span class='ocrx_word' id='word_1_377' title='bbox 1820 3818 1917 3865; x_wconf 90' lang='lat' dir='ltr'><strong>que</strong></span> <span class='ocrx_word' id='word_1_378' title='bbox 1947 3804 2193 3865; x_wconf 79' lang='lat' dir='ltr'><strong>ponderis,</strong></span> <span class='ocrx_word' id='word_1_379' title='bbox 2235 3810 2380 3865; x_wconf 86' lang='lat' dir='ltr'><strong>prout</strong></span> <span class='ocrx_word' id='word_1_380' title='bbox 2412 3804 2577 3867; x_wconf 85' lang='lat' dir='ltr'><strong>pondo</strong></span> <span class='ocrx_word' id='word_1_381' title='bbox 2609 3805 2833 3854; x_wconf 85' lang='lat' dir='ltr'><strong>diminuti</strong></span> <span class='ocrx_word' id='word_1_382' title='bbox 2943 3822 2944 3835; x_wconf 60' lang='lat'>¹</span> 
     </span>
     <span class='ocr_line' id='line_1_45' title="bbox 735 3865 2329 3929; baseline 0.003 -16"><span class='ocrx_word' id='word_1_383' title='bbox 735 3867 800 3913; x_wconf 81' lang='lat' dir='ltr'><strong>ad</strong></span> <span class='ocrx_word' id='word_1_384' title='bbox 815 3866 1034 3927; x_wconf 83' lang='lat' dir='ltr'><strong>regulam</strong></span> <span class='ocrx_word' id='word_1_385' title='bbox 1049 3871 1099 3913; x_wconf 87' lang='lat' dir='ltr'><strong>et</strong></span> <span class='ocrx_word' id='word_1_386' title='bbox 1113 3866 1333 3915; x_wconf 84' lang='lat' dir='ltr'><strong>libellam</strong></span> <span class='ocrx_word' id='word_1_387' title='bbox 1345 3865 1535 3926; x_wconf 85' lang='lat' dir='ltr'><strong>aliquid</strong></span> <span class='ocrx_word' id='word_1_388' title='bbox 1549 3866 1756 3929; x_wconf 81' lang='lat' dir='ltr'><strong>exigere.</strong></span> <span class='ocrx_word' id='word_1_389' title='bbox 1820 3866 2019 3926; x_wconf 78' lang='lat' dir='ltr'><strong>fuerint,</strong></span> <span class='ocrx_word' id='word_1_390' title='bbox 2040 3867 2329 3929; x_wconf 79' lang='lat' dir='ltr'><strong>significant.</strong></span> 
     </span>
    </p>

    <p class='ocr_par' dir='ltr' id='par_1_14' title="bbox 738 3929 2833 3993">
     <span class='ocr_line' id='line_1_46' title="bbox 738 3929 2833 3993; baseline 0.002 -16"><span class='ocrx_word' id='word_1_391' title='bbox 738 3929 930 3977; x_wconf 56' lang='lat' dir='ltr'><strong>Riscn.</strong></span> <span class='ocrx_word' id='word_1_392' title='bbox 1894 3944 1921 3992; x_wconf 85' lang='lat'><strong>3</strong></span> <span class='ocrx_word' id='word_1_393' title='bbox 1959 3933 2089 3989; x_wconf 74' lang='lat' dir='ltr'><strong>Quos</strong></span> <span class='ocrx_word' id='word_1_394' title='bbox 2122 3938 2171 3981; x_wconf 76' lang='lat' dir='ltr'><strong>et</strong></span> <span class='ocrx_word' id='word_1_395' title='bbox 2208 3947 2303 3993; x_wconf 79' lang='lat' dir='ltr'><strong>pro</strong></span> <span class='ocrx_word' id='word_1_396' title='bbox 2338 3933 2703 3981; x_wconf 62' lang='lat' dir='ltr'><strong>centurionibus</strong></span> <span class='ocrx_word' id='word_1_397' title='bbox 2738 3935 2833 3981; x_wconf 66' lang='lat' dir='ltr'><strong>siba·</strong></span> 
     </span>
    </p>

    <p class='ocr_par' dir='ltr' id='par_1_15' title="bbox 804 3990 2829 4058">
     <span class='ocr_line' id='line_1_47' title="bbox 804 3990 2829 4058; baseline 0.001 -17"><span class='ocrx_word' id='word_1_398' title='bbox 804 4007 831 4042; x_wconf 82' lang='lat'>2</span> <span class='ocrx_word' id='word_1_399' title='bbox 864 3993 1013 4041; x_wconf 71' lang='lat' dir='ltr'><strong>Aeris</strong></span> <span class='ocrx_word' id='word_1_400' title='bbox 1029 3992 1224 4053; x_wconf 63' lang='lat' dir='ltr'><strong>mavis]</strong></span> <span class='ocrx_word' id='word_1_401' title='bbox 1268 3990 1465 4040; x_wconf 70' lang='lat' dir='ltr'><strong>Ansium</strong></span> <span class='ocrx_word' id='word_1_402' title='bbox 1487 3994 1755 4053; x_wconf 73' lang='lat' dir='ltr'><strong>libralium,</strong></span> <span class='ocrx_word' id='word_1_403' title='bbox 1812 3996 2161 4056; x_wconf 76' lang='lat' dir='ltr'><strong>praefecerant</strong></span> <span class='ocrx_word' id='word_1_404' title='bbox 2183 4030 2195 4041; x_wconf 93' lang='lat'><strong>.</strong></span> <span class='ocrx_word' id='word_1_405' title='bbox 2221 4030 2233 4043; x_wconf 92' lang='lat'><strong>.</strong></span> <span class='ocrx_word' id='word_1_406' title='bbox 2258 4030 2271 4043; x_wconf 92' lang='lat'><strong>.</strong></span> <span class='ocrx_word' id='word_1_407' title='bbox 2295 3997 2505 4058; x_wconf 68' lang='lat' dir='ltr'><strong>equites]</strong></span> <span class='ocrx_word' id='word_1_408' title='bbox 2552 3996 2615 4043; x_wconf 89' lang='lat' dir='ltr'><strong>In</strong></span> <span class='ocrx_word' id='word_1_409' title='bbox 2648 3996 2730 4043; x_wconf 86' lang='lat' dir='ltr'><strong>illa</strong></span> <span class='ocrx_word' id='word_1_410' title='bbox 2762 3997 2829 4044; x_wconf 87' lang='lat' dir='ltr'><strong>ni-</strong></span> 
     </span>
    </p>
   </div>
   <div class='ocr_carea' id='block_1_9' title="bbox 731 4055 2829 4119">
    <p class='ocr_par' dir='ltr' id='par_1_16' title="bbox 731 4055 2829 4119">
     <span class='ocr_line' id='line_1_48' title="bbox 731 4055 2829 4119; baseline 0.002 -15"><span class='ocrx_word' id='word_1_411' title='bbox 731 4055 822 4119; x_wconf 84' lang='lat' dir='ltr'><strong>qui</strong></span> <span class='ocrx_word' id='word_1_412' title='bbox 859 4055 910 4103; x_wconf 89' lang='lat' dir='ltr'><strong>in</strong></span> <span class='ocrx_word' id='word_1_413' title='bbox 949 4056 1180 4104; x_wconf 82' lang='lat' dir='ltr'><strong>solvendo</strong></span> <span class='ocrx_word' id='word_1_414' title='bbox 1217 4071 1316 4104; x_wconf 89' lang='lat' dir='ltr'><strong>non</strong></span> <span class='ocrx_word' id='word_1_415' title='bbox 1352 4057 1755 4116; x_wconf 83' lang='lat' dir='ltr'><strong>numerabantur,</strong></span> <span class='ocrx_word' id='word_1_416' title='bbox 1818 4056 1997 4105; x_wconf 89' lang='lat' dir='ltr'><strong>mirum</strong></span> <span class='ocrx_word' id='word_1_417' title='bbox 2014 4063 2176 4115; x_wconf 76' lang='lat' dir='ltr'><strong>nocte,</strong></span> <span class='ocrx_word' id='word_1_418' title='bbox 2188 4073 2337 4119; x_wconf 86' lang='lat' dir='ltr'><strong>quam</strong></span> <span class='ocrx_word' id='word_1_419' title='bbox 2360 4058 2612 4107; x_wconf 81' lang='lat' dir='ltr'><strong>interclusi</strong></span> <span class='ocrx_word' id='word_1_420' title='bbox 2628 4076 2661 4107; x_wconf 85' lang='lat' dir='ltr'><strong>a</strong></span> <span class='ocrx_word' id='word_1_421' title='bbox 2676 4065 2829 4109; x_wconf 75' lang='lat' dir='ltr'><strong>cetero</strong></span> 
     </span>
    </p>
   </div>
   <div class='ocr_carea' id='block_1_10' title="bbox 737 4119 2826 4380">
    <p class='ocr_par' dir='ltr' id='par_1_17' title="bbox 737 4119 2826 4380">
     <span class='ocr_line' id='line_1_49' title="bbox 737 4119 2826 4181; baseline 0 -11"><span class='ocrx_word' id='word_1_422' title='bbox 737 4121 911 4170; x_wconf 76' lang='lat' dir='ltr'><strong>saltem</strong></span> <span class='ocrx_word' id='word_1_423' title='bbox 945 4119 1029 4167; x_wconf 86' lang='lat' dir='ltr'><strong>ubi</strong></span> <span class='ocrx_word' id='word_1_424' title='bbox 1060 4119 1286 4181; x_wconf 80' lang='lat' dir='ltr'><strong>grandior</strong></span> <span class='ocrx_word' id='word_1_425' title='bbox 1311 4134 1507 4168; x_wconf 84' lang='lat' dir='ltr'><strong>summa</strong></span> <span class='ocrx_word' id='word_1_426' title='bbox 1528 4126 1648 4179; x_wconf 81' lang='lat' dir='ltr'><strong>erat,</strong></span> <span class='ocrx_word' id='word_1_427' title='bbox 1669 4122 1754 4169; x_wconf 78' lang='lat' dir='ltr'><strong>sed</strong></span> <span class='ocrx_word' id='word_1_428' title='bbox 1819 4122 2039 4169; x_wconf 85' lang='lat' dir='ltr'><strong>exercitu</strong></span> <span class='ocrx_word' id='word_1_429' title='bbox 2070 4122 2121 4169; x_wconf 87' lang='lat' dir='ltr'><strong>in</strong></span> <span class='ocrx_word' id='word_1_430' title='bbox 2154 4123 2347 4169; x_wconf 85' lang='lat' dir='ltr'><strong>tumulo</strong></span> <span class='ocrx_word' id='word_1_431' title='bbox 2382 4123 2445 4169; x_wconf 89' lang='lat' dir='ltr'><strong>ab</strong></span> <span class='ocrx_word' id='word_1_432' title='bbox 2491 4122 2710 4171; x_wconf 81' lang='lat' dir='ltr'><strong>hostibus</strong></span> <span class='ocrx_word' id='word_1_433' title='bbox 2744 4124 2826 4171; x_wconf 77' lang='lat' dir='ltr'><strong>cir-</strong></span> 
     </span>
     <span class='ocr_line' id='line_1_50' title="bbox 738 4184 2824 4249; baseline 0.002 -16"><span class='ocrx_word' id='word_1_434' title='bbox 738 4184 1158 4247; x_wconf 84' lang='lat' dir='ltr'><strong>appendebantur.</strong></span> <span class='ocrx_word' id='word_1_435' title='bbox 1241 4184 1368 4233; x_wconf 87' lang='lat' dir='ltr'><strong>Inde</strong></span> <span class='ocrx_word' id='word_1_436' title='bbox 1408 4190 1517 4233; x_wconf 83' lang='lat' dir='ltr'><strong>orta</strong></span> <span class='ocrx_word' id='word_1_437' title='bbox 1552 4188 1628 4232; x_wconf 83' lang='lat' dir='ltr'><strong>est</strong></span> <span class='ocrx_word' id='word_1_438' title='bbox 1667 4198 1755 4246; x_wconf 86' lang='lat' dir='ltr'><strong>ap-</strong></span> <span class='ocrx_word' id='word_1_439' title='bbox 1818 4200 2063 4233; x_wconf 80' lang='lat' dir='ltr'><strong>cumsesso</strong></span> <span class='ocrx_word' id='word_1_440' title='bbox 2084 4185 2189 4233; x_wconf 80' lang='lat' dir='ltr'><strong>sine</strong></span> <span class='ocrx_word' id='word_1_441' title='bbox 2218 4185 2365 4235; x_wconf 71' lang='lat' dir='ltr'><strong>certis</strong></span> <span class='ocrx_word' id='word_1_442' title='bbox 2385 4185 2593 4234; x_wconf 80' lang='lat' dir='ltr'><strong>ducibus</strong></span> <span class='ocrx_word' id='word_1_443' title='bbox 2624 4195 2824 4249; x_wconf 78' lang='lat' dir='ltr'><strong>egerant.</strong></span> 
     </span>
     <span class='ocr_line' id='line_1_51' title="bbox 741 4247 2825 4311; baseline 0 -13"><span class='ocrx_word' id='word_1_444' title='bbox 741 4248 944 4310; x_wconf 82' lang='lat' dir='ltr'><strong>pellatio</strong></span> <span class='ocrx_word' id='word_1_445' title='bbox 964 4250 1095 4299; x_wconf 68' lang='lat' dir='ltr'><strong>aeris</strong></span> <span class='ocrx_word' id='word_1_446' title='bbox 1110 4250 1280 4311; x_wconf 67' lang='lat' dir='ltr'><strong>oravi-5</strong></span> <span class='ocrx_word' id='word_1_447' title='bbox 1299 4249 1432 4310; x_wconf 86' lang='lat' dir='ltr'><strong>quod</strong></span> <span class='ocrx_word' id='word_1_448' title='bbox 1455 4247 1755 4310; x_wconf 72' lang='lat' dir='ltr'><strong>dintinguon-</strong></span> <span class='ocrx_word' id='word_1_449' title='bbox 1817 4250 1923 4296; x_wconf 81' lang='lat' dir='ltr'><strong>Pro</strong></span> <span class='ocrx_word' id='word_1_450' title='bbox 1942 4250 2307 4298; x_wconf 61' lang='lat' dir='ltr'><strong>centur-ionibus</strong></span> <span class='ocrx_word' id='word_1_451' title='bbox 2326 4255 2494 4298; x_wconf 83' lang='lat' dir='ltr'><strong>autem</strong></span> <span class='ocrx_word' id='word_1_452' title='bbox 2514 4248 2635 4297; x_wconf 84' lang='lat' dir='ltr'><strong>dicit</strong></span> <span class='ocrx_word' id='word_1_453' title='bbox 2652 4250 2825 4309; x_wconf 74' lang='lat' dir='ltr'><strong>Livius,</strong></span> 
     </span>
     <span class='ocr_line' id='line_1_52' title="bbox 741 4310 2821 4380; baseline 0.001 -20"><span class='ocrx_word' id='word_1_454' title='bbox 741 4312 862 4361; x_wconf 82' lang='lat' dir='ltr'><strong>dum</strong></span> <span class='ocrx_word' id='word_1_455' title='bbox 897 4318 974 4362; x_wconf 77' lang='lat' dir='ltr'><strong>est</strong></span> <span class='ocrx_word' id='word_1_456' title='bbox 1007 4312 1072 4362; x_wconf 85' lang='lat' dir='ltr'><strong>ab</strong></span> <span class='ocrx_word' id='word_1_457' title='bbox 1107 4328 1222 4363; x_wconf 73' lang='lat' dir='ltr'><strong>aare</strong></span> <span class='ocrx_word' id='word_1_458' title='bbox 1253 4314 1388 4375; x_wconf 64' lang='lat' dir='ltr'><strong>rude,</strong></span> <span class='ocrx_word' id='word_1_459' title='bbox 1419 4326 1518 4375; x_wconf 84' lang='lat' dir='ltr'><strong>quo</strong></span> <span class='ocrx_word' id='word_1_460' title='bbox 1556 4310 1755 4363; x_wconf 82' lang='lat' dir='ltr'><strong>nomine</strong></span> <span class='ocrx_word' id='word_1_461' title='bbox 1818 4324 1918 4360; x_wconf 85' lang='lat' dir='ltr'><strong>non</strong></span> <span class='ocrx_word' id='word_1_462' title='bbox 1938 4314 2263 4373; x_wconf 66' lang='lat' dir='ltr'><strong>ommam,</strong></span> <span class='ocrx_word' id='word_1_463' title='bbox 2278 4312 2397 4380; x_wconf 78' lang='lat' dir='ltr'><strong>quia</strong></span> <span class='ocrx_word' id='word_1_464' title='bbox 2414 4310 2542 4363; x_wconf 84' lang='lat' dir='ltr'><strong>nuni</strong></span> <span class='ocrx_word' id='word_1_465' title='bbox 2564 4320 2702 4365; x_wconf 82' lang='lat' dir='ltr'><strong>erant</strong></span> <span class='ocrx_word' id='word_1_466' title='bbox 2722 4328 2821 4363; x_wconf 82' lang='lat' dir='ltr'><strong>cen-</strong></span> 
     </span>
    </p>
   </div>
   <div class='ocr_carea' id='block_1_11' title="bbox 2941 2884 2948 4363">
    <p class='ocr_par' dir='ltr' id='par_1_18' title="bbox 2941 2884 2948 4363">
     <span class='ocr_line' id='line_1_53' title="bbox 2941 2884 2948 4363; baseline 0 0"><span class='ocrx_word' id='word_1_467' title='bbox 2941 2884 2948 4363; x_wconf 95' lang='lat' dir='ltr'><strong> </strong></span> 
     </span>
    </p>
   </div>
  </div>
 </body>
</html>
