3000 4784
708 232 905 300 LIB.
950 233 1139 299 VIII.
1208 234 1430 301 CAP.
1480 242 1584 301 20.

2065 240 2194 304 475

119 368 357 431 Romam
388 366 659 444 missos3
706 390 977 456 eamque
1012 370 1405 437 deditionem
1434 373 1517 436 ab
1545 384 1772 437 senatu
1799 394 1932 436 non
1972 394 2120 436 acce

118 538 473 606 ²undanum
504 541 818 627 populum
847 543 1227 607 censuerint.

167 624 559 689 Privernum
590 627 838 693 duobus
855 628 1287 694 consularibus
1316 630 1698 695 exercitibus
1721 652 1921 716 quum
1945 630 2196 695 obside-

1706 802 2018 867 Nondum
2047 826 2192 890 per·

118 896 331 947 unctos
370 906 535 949 cura
578 884 963 950 Privernatis
1002 886 1157 951 belli
1192 887 1498 951 tumultus
1543 886 1778 951 Gallici
1804 889 1973 952 fama
2009 903 2191 953 atrox

118 970 327 1066 nyasit,
360 970 550 1034 haud
575 970 773 1036 ferme
804 995 895 1035 un
941 995 1089 1036 uam
1120 972 1411 1058 neglecta
1439 973 1752 1037 Patribus.
1847 974 2192 1074 Extemplo
2211 994 2279 1043 U.
2305 994 2364 1043 c.
2387 993 2502 1055 426.

118 1068 273 1139 gltur
294 1057 601 1121 consules
622 1058 791 1135 novi,
814 1057 890 1121 L.
972 1058 1223 1123 emilius
1242 1057 1676 1123 Mamercinus
1693 1071 1760 1123 et
1785 1059 1864 1123 C.
1878 1059 2187 1138 Plautius,
2209 1059 2272 1107 A.
2305 1058 2364 1107 0·
2389 1058 2502 1119 326-

119 1162 160 1202 ·o
182 1141 319 1227 ipso
342 1143 477 1220 die,
509 1143 821 1207 Kalendis
848 1143 1263 1245 Quintilibus,

119 1310 413 1379 3a11cum
461 1315 709 1380 bellum
768 1328 1085 1393 evenerat,
1138 1316 1409 1381 scribere
1464 1318 1818 1381 exercitum
1869 1318 2008 1381 sine
2065 1317 2196 1382 ulla

118 1400 429 1465 acationis
448 1402 659 1465 venia.
737 1401 917 1477 Quin
939 1402 1241 1489 opificum
1260 1426 1516 1488 quoque
1535 1402 1762 1489 vulgus
1785 1415 1852 1467 et
1872 1402 2192 1481 sellularii,

118 1484 347 1550 ninime
380 1487 652 1551 militiae
675 1487 979 1552 idoneum
1008 1510 1230 1575 genua,
1263 1489 1457 1552 exciti
1477 1489 1816 1553 dicunturt
1865 1490 2192 1575 Veiosque

118 1590 309 1659 agens
349 1573 677 1637 exercitus
719 1586 1098 1651 contractae,
1131 1588 1201 1637 ut
1246 1573 1396 1639 inde
1442 1575 1694 1639 obviam
1727 1574 1934 1639 Gallis
1973 1576 2189 1640 iretur.

119 1658 374 1805 magius
418 1659 687 1735 discedi,
733 1682 815 1724 ne
862 1660 985 1725 alio
1028 1661 1255 1725 itinere
1300 1661 1499 1725 hostis
1541 1659 1786 1725 falleret
1829 1661 1911 1725 ad
1969 1662 2194 1726 urbem

118 1762 227 1805 nce
276 1767 413 1822 ena,
444 1766 583 1809 non
617 1745 874 1832 placuit.
964 1746 1213 1811 Paucos
1252 1746 1487 1811 deinde
1529 1760 1674 1833 post
1711 1748 1867 1824 dies,
1898 1748 2046 1812 satis
2081 1770 2195 1811 ex·
2211 1760 2500 1809 Privernum

118 1826 329 1893 >lorata
380 1832 691 1917 temporis
738 1833 874 1897 eius
926 1834 1163 1919 quiete,
1212 1856 1251 1897 a
1300 1832 1506 1898 Gallis
1551 1833 1931 1898 Privernum
1989 1834 2194 1898 omnis
2212 1830 2431 1888 captum.

118 1934 391 2011 ssqnversa
406 1918 525 1981 vis.
617 1917 883 2005 Duplex
914 1918 1063 1982 inde
1081 1920 1251 1983 fama
1278 1933 1410 1984 est:
1456 1919 1566 1983 alii
1583 1920 1646 1983 vi
1676 1933 1925 2019 captam
1949 1921 2192 1998 urbem,

118 1996 593 2089 Vltruviumque
610 2004 827 2068 vivum
857 2006 926 2067 in
955 2017 1330 2091 potestatem
1349 2006 1630 2069 venisse:
1679 2006 1806 2082 alu,
1825 2007 2195 2093 priusquam

119 2082 317 2149 iltima
372 2089 790 2154 adhiberetur
838 2092 953 2167 vie,
1006 2090 1177 2176 ipsos
1233 2113 1299 2154 se
1359 2092 1427 2153 in
1475 2090 1868 2155 deditionem
1922 2092 2198 2155 consulis

118 2170 445 2239 :aduceum
492 2175 920 2264 praeferentes
963 2177 1338 2262 permisisse,
1379 2189 1666 2240 auctores
1709 2189 1877 2252 sunt,
1909 2176 2198 2241 Vitruvi-

118 2276 329 2344 lmque
359 2264 441 2326 ab
474 2262 603 2327 suis
632 2262 953 2327 traditum.
1050 2261 1336 2338 SenatuS,
1369 2262 1450 2325 de
1482 2260 1778 2325 Vitruvio
1806 2261 2195 2326 Privernati-

119 2362 335 2431 )usque
355 2348 703 2427 consultus,
718 2348 1040 2413 consulem
1059 2347 1403 2425 Plautium,
1421 2347 1652 2411 dirutis
1669 2347 1960 2411 Priverni
1978 2348 2194 2426 muris,

120 2432 541 2522 praesidioque
570 2434 780 2499 valido
819 2435 1135 2521 imposit0‚

1180 2433 1263 2498 ad
1301 2432 1698 2520 triumphum
1737 2434 1993 2497 arcessit
2009 2457 2028 2509 3
2077 2434 2196 2498 Vi-

120 2516 369 2583 rruvium
392 2522 463 2585 in
495 2543 810 2585 carcerem
842 2520 1139 2585 asservari
1169 2520 1366 2596 iussit,
1399 2519 1613 2606 quoad
1641 2519 1864 2583 consul
1892 2519 2191 2596 redissem

120 2620 231 2663 :um
254 2608 655 2672 verberatum
678 2607 909 2671 necari.
1000 2607 1219 2670 Aedes
1241 2606 1395 2682 eiua,
1418 2628 1582 2692 quae
1605 2618 1817 2669 essent
1837 2605 1906 2667 in
1925 2605 2193 2683 Palatio,

120 2682 457 2773 liruendas,
500 2694 669 2758 bona
722 2693 985 2757 Semoni
1038 2692 1245 2756 Sanco
1295 2703 1682 2756 censuerunt
1728 2691 2188 2756 consecranda:

120 2882 239 2931 scribi
261 2902 292 2935 a
314 2889 457 2939 Livio
480 2906 611 2953 supr.
638 2891 715 2939 vii.
742 2904 812 2939 10.
834 2889 1115 2939 monuimus

123 2960 155 2991 n
176 2956 273 2998 not.
296 2954 359 3001 ad
380 2955 526 3003 illum
548 2956 729 3002 locum.
760 2955 921 3003 Cam·

123 3084 137 3093 ἱ
166 3022 191 3070 5
208 3016 287 3061 Ad
298 3024 535 3068 trecentos
544 3019 931 3093 quinquaqinta]
944 3018 1119 3067 Hicad

122 3085 295 3188 ffulr’irz‘n'
316 3082 907 3205 ffiffiriizmsblrliepffl
918 3099 1116 3193 exataotlff

122 3208 207 3248 nat
226 3202 271 3249 N
276 3204 429 3257 iebhr.
448 3208 515 3256 iii.
532 3224 581 3257 n.
600 3207 710 3257 622.
737 3209 799 3256 cf.
814 3223 944 3269 supr.
966 3208 998 3256 i.
1023 3207 1097 3269 36.

177 3262 207 3311 6
244 3268 500 3332 Carceres]
557 3274 589 3299 ‘⁴
608 3272 841 3321 Carceres
879 3272 929 3319 in
970 3272 1116 3331 circo,

123 3328 233 3376 ande
264 3334 527 3384 mittuntur
550 3336 663 3397 equi
694 3342 743 3384 et
775 3336 860 3382 ubi
894 3350 1114 3382 coercen-

122 3402 201 3461 '·¹‚¹¹'‚
230 3410 291 3444 ne
324 3397 441 3448 inde
472 3404 651 3448 exeant
680 3407 813 3457 ante,
834 3413 981 3459 quam
1014 3413 1114 3447 mar·

123 3460 333 3572 {lstrattg
358 3464 549 3526 signum
587 3463 771 3523 misit,”
804 3462 944 3510 Varr.
974 3462 1031 3511 L.
1056 3462 1113 3511 L.

124 3530 155 3563 “-
179 3532 250 3581 37-
338 3541 415 3576 ur.

150 3592 200 3651 ‚7
238 3586 491 3641 Tumultus
513 3593 719 3652 Gallici]
774 3590 855 3639 De
888 3589 982 3637 hoc
1014 3604 1116 3637 om-

124 3656 223 3693 mno
245 3651 353 3701 silet
376 3656 625 3718 Polybius.

176 3710 203 3755 8
236 3716 527 3781 Comparare
546 3722 679 3768 inter
697 3721 774 3778 se]
822 3718 926 3766 Aut
946 3723 1119 3764 mutuo

124 3784 366 3847 conventu,
398 3783 481 3844 qui
518 3784 815 3845 comparatio
852 3780 1121 3839 dicebatur,

124 3840 339 3909 ²2¹²‚00rte
361 3846 633 3908 provincias
664 3846 791 3894 inter
818 3860 871 3893 se
897 3844 1121 3893 consules

124 3897 401 3958 d1v1debant.
431 3911 492 3959 cf.
515 3911 624 3959 infr.
650 3909 766 3958 xxii.
792 3910 838 3958 8.

185 3980 215 4038 9
243 3970 518 4034 Sellularii]
570 3976 844 4032 Sellularii,
879 3969 1121 4032 βόνωσοι,

126 4030 325 4099 opifices,
352 4036 402 4084 in
434 4040 566 4087 sellis
595 4039 847 4086 sedentes:
882 4038 1013 4098 quod
1036 4037 1119 4085 ho-

126 4100 299 4165 113113um
324 4116 475 4161 genus
497 4101 583 4149 otii
606 4100 996 4150 amantissimum
1017 4115 1121 4149 esse

126 4152 233 4204 dicit
254 4162 355 4212 Cic.
377 4164 526 4214 Catil.
550 4165 613 4213 iv.
638 4167 684 4214 8.
720 4165 851 4213 Rur.

189 4233 206 4266 1
240 4228 283 4271 A
310 4230 489 4289 Gallis]
530 4228 679 4285 Quae
710 4230 845 4291 prIus
870 4228 922 4275 in
946 4228 1121 4277 Gallos

126 4290 283 4353 Ρξῑηῒα
309 4298 426 4352 erat,
446 4294 677 4341 adversus
698 4292 985 4341 Privernum
1020 4306 1121 4342 om-

127 4356 195 4394 ma
214 4365 435 4407 conversa
458 4355 543 4407 vis.
573 4358 735 4407 Can.

1246 2906 1271 2938 α
1308 2892 1611 2951 Cadmeum]
1661 2890 1864 2953 Virgam
1903 2890 2040 2953 pacis
2069 2891 2193 2941 indi-

1178 2970 1305 3013 cem,
1325 2970 1471 3017 quam
1503 2953 1538 3002 ii
1560 2955 1644 3017 qui
1677 2971 1850 3018 pacem
1884 2956 2084 3018 petituri
2116 2972 2192 3005 ve-

1179 3017 1396 3077 niebant,
1427 3026 1615 3081 gestare
1654 3034 1770 3080 prae
1807 3020 2032 3068 manibus
2063 3020 2196 3068 soliti

1180 3088 1331 3131 erant.
1382 3082 1497 3131 vid.
1522 3084 1666 3145 plura
1685 3082 1734 3130 in
1760 3088 1860 3130 not.
1883 3084 1946 3131 ad
1968 3084 2100 3131 xxvi.
2120 3096 2196 3145 17.

1246 3161 1273 3207 3
1304 3148 1497 3195 Semoni
1517 3148 1702 3203 Sanco]
1745 3147 2122 3194 observavimus
2141 3145 2196 3193 in

1180 3216 1279 3257 not.
1314 3210 1377 3257 ad
1410 3208 1460 3255 ii.
1498 3223 1573 3269 31.
1595 3210 1810 3255 Sancum
1843 3209 2054 3255 eundem
2089 3222 2194 3255 esse

1179 3287 1237 3319 ac
1258 3272 1410 3330 dium,
1431 3271 1534 3317 sive
1555 3272 1696 3319 deum
1719 3272 1931 3318 Fidium.
1980 3270 2122 3318 Idem
2145 3276 2196 3319 et

1181 3336 1422 3382 Hercules
1443 3339 1564 3391 erat,
1588 3334 1793 3380 testibus
1814 3332 1960 3379 Festo
1993 3332 2045 3380 in
2078 3348 2198 3382 voce

1178 3400 1393 3460 Propter
1412 3399 1560 3454 mam,
1582 3403 1630 3443 et
1655 3396 1796 3444 Varr.
1819 3396 1880 3443 de
1905 3396 1963 3444 L.
1983 3396 2039 3445 L.
2059 3412 2101 3445 v.
2123 3412 2196 3461 19.

1180 3463 1265 3510 sed
1304 3462 1552 3509 Hercules
1589 3459 1815 3517 Sabinus,
1853 3465 1909 3507 ut
1953 3459 2199 3521 colligitur

1182 3541 1244 3573 ex
1267 3525 1408 3573 Varr.
1438 3524 1548 3572 loeo
1581 3528 1866 3597 memorato,
1891 3528 1941 3570 et
1971 3523 2120 3572 Dion.
2144 3522 2196 3574 ii.

1181 3587 2196 3714 ffaffaiffgz'sshiffl’ffoefzzffssffuffz

1183 3732 1405 3777 quaeque
1437 3716 1538 3764 fere
1565 3730 1684 3777 gens
1707 3714 1976 3763 Herculem
2009 3716 2195 3767 habuit.

1182 3782 1429 3829 Smonem
1481 3780 1861 3841 interpretantur
1913 3782 2060 3843 vulgo
2111 3782 2196 3831 he-

1182 3859 1333 3903 roem,
1366 3843 1504 3905 quasi
1535 3844 1890 3893 semihominem
1905 3863 1922 3892 .-
1958 3845 2196 3892 minorem

1184 3907 1291 3968 diis,
1308 3908 1542 3957 maiorem
1558 3908 1852 3957 hominibus.
1885 3907 2000 3955 Vid.
2011 3907 2196 3955 Matth.

1186 3972 1385 4021 Martia.
1427 3972 1659 4021 Lexicon.
1727 3972 1890 4031 Prope
1933 3970 2055 4026 eius,
2092 3966 2196 4028 qui-

1186 4052 1377 4097 cunque
1398 4038 1597 4085 tandem
1619 4035 1661 4082 is
1681 4034 1762 4092 sit,
1781 4032 2036 4088 sacellum,
2051 4031 2198 4077 aedes

1186 4100 1382 4157 Quirini
1399 4100 1508 4148 fuit.
1543 4099 1706 4148 Caer-
1751 4096 1926 4143 Statua
1947 4092 2093 4139 huius
2111 4106 2196 4163 an-

1184 4168 1235 4212 te
1266 4164 1366 4211 duo
1398 4163 1578 4209 abhinc
1615 4159 1810 4208 saecula
1843 4156 1890 4203 in
1926 4153 2092 4203 Tiberi
2125 4168 2198 4202 m-

1186 4232 1383 4275 ventum
1407 4232 1495 4273 est.
1527 4226 1742 4273 sno-tn.
1780 4220 1840 4267 cf.
1858 4217 2120 4279 Inscriptio
2140 4216 2198 4266 il-

1187 4292 1237 4338 la
1250 4287 1496 4345 notabilis,
1510 4302 1634 4348 quae
1650 4285 1712 4333 ad
1728 4282 1974 4332 Simonem
1992 4281 2198 4355 Magum

1186 4354 1360 4401 referre
1410 4351 1529 4399 olim
1581 4346 1782 4407 credita,
1832 4360 1963 4393 nunc
2011 4345 2199 4395 Sunom

118 476 231 529 am,
263 454 445 539 quod
490 456 827 540 egentium
870 469 1062 543 atque
1108 457 1447 522 humilium
1490 480 1700 545 poena
1739 457 2004 545 defimgi
2032 481 2109 523 ve
2157 482 2193 523 e
2211 392 2283 506 H·
2305 394 2368 509 g:
2388 404 2505 520 ἓξὲ-

2315 637 2419 695 20.

118 724 273 799 etur,
328 711 499 776 alter
546 713 769 777 consul
826 715 1225 778 comitiorum
1278 738 1467 779 causa
1519 716 1793 781 Romam
1845 730 2186 781 revocatus·
2212 718 2501 767 Privernum

119 796 393 862 Jarceres
434 821 518 862 eo
550 821 719 863 anno
754 800 823 863 in
851 800 1021 865 circo
1058 801 1336 886 primum
1374 802 1614 867 statuti.
2208 782 2472 832 obsidetur.

1282 1167 1411 1244 ‘1¹³9
1434 1144 1867 1231 magistratum
1888 1146 2189 1247 inim
2210 1122 2523 1233 {iffi-³132

119 1248 221 1289 om
266 1250 449 1293 arare
499 1230 671 1293 inter
713 1252 781 1295 se
827 1230 1183 1317 provincias
1227 1252 1419 1306 lusan
1466 1246 1534 1294 et
1583 1230 2040 1308 Mamercinus,
2088 1254 2193 1296 cui
2209 1248 2279 1297 tio
2295 1249 2435 1299 coss.
