3000 4784
640 232 771 293 508
1408 222 1636 291 ΤῙΤῙ
1693 218 1968 289 L1v11

316 363 387 419 u.
408 362 470 413 o.
494 374 605 424 433·
642 346 891 411 suffecti
938 343 1035 411 M.
1064 342 1381 411 Aemilius
1426 343 1642 431 Papus
1690 343 1981 422 dictator,
2035 341 2113 407 L.
2141 340 2436 407 Valerius
2481 338 2778 405 Flaoem

315 428 390 540 ii.
409 427 607 539 2235?
645 433 941 583 ¹³3¹&st
976 431 1287 517 equitum,
1380 430 1526 531 Nec
1569 452 1684 518 per
1725 453 1835 531 0⁰?
1875 430 2136 495 comitia
2175 428 2428 529 nahita:
2463 441 2568 530 ἐκ,
2605 427 2782 513 quia

314 554 411 604 liu·
430 554 582 603 dicta·
646 532 711 583 ta
794 518 941 583 ebat
965 516 1606 669 populuffiitomrirnutrgl
1643 528 2298 679 magisgatiuaiffiugms
2329 536 2507 615 anm,
2537 536 2657 577 res
2667 511 2780 663 fil

315 624 557 745 3:⁸⁰2·
643 617 937 755 1{igetius
969 622 1245 755 ¹{lutire-:138-
1334 688 1401 754 Is
1434 689 1726 755 consules
1763 688 2000 755 creavit
2041 688 2124 765 Q„
2145 622 2784 752 ΡηδΙίΙίιιπιυὶιῆιίΙο-

315 760 469 859 &ab
493 820 604 869 43⁴-
644 798 793 841 nem
838 788 909 841 et
953 775 1031 841 L.
1057 775 1385 878 Iffapirium
1436 774 1781 842 Cursorem
1825 776 2080 853 iterum,
2127 773 2302 839 haud
2345 772 2552 837 dubio
2597 794 2786 838 eon-

316 874 377 922 A.
410 874 471 922 c.
496 874 605 933 318.
644 884 835 927 sensu
878 862 1167 941 civitatis,
1214 861 1393 949 quod
1442 862 1606 927 nulli
1653 884 1733 927 ea
1781 874 2156 949 tempestate
2205 860 2404 925 duces
2451 858 2784 925 clariores

318 938 385 992 Q„
401 936 617 984 Publilio
646 961 872 1014 efflent·

318 1000 618 1125 {23131113'2‘
738 1033 889 1110 Quo
934 1036 1130 1101 creati
1180 1048 1331 1101 sunt
1373 1035 1499 1114 die,
1545 1058 1626 1101 eo
1666 1035 1788 1123 (aie
1831 1034 2007 1099 enim
2052 1032 2375 1122 placuerat
2418 1032 2780 1115 Panibus)

316 1130 454 1179 con.
644 1122 1077 1209 magistratum
1114 1122 1415 1200 inierunt,
1446 1121 1964 1208 sollennibusque
2001 1118 2572 1187 senatusconsultis
2605 1140 2776 1205 per-
2799 1143 2824 1177 1

445 1196 506 1255 8·
644 1207 845 1285 fectiS,
889 1208 973 1274 de
1022 1231 1179 1296 pace
1227 1207 1526 1273 Caudina
1568 1207 1938 1273 retulerunt.
2035 1206 2122 1273 Et
2163 1206 2502 1281 Publilius,
2551 1226 2778 1305 Q

642 1316 838 1379 quem
882 1294 1081 1360 fasces
1128 1306 1329 1371 erant,
1383 1303 1405 1333 ‘
1425 1294 1556 1359 Dic
1607 1293 1714 1381 Sp.
1747 1294 2079 1371 Postumi‚’
2122 1291 2351 1379 inquit.
2449 1290 2596 1367 Qm
2639 1292 2774 1355 ubi

641 1381 933 1459 surrexit,
984 1381 1213 1447 eodem
1270 1380 1379 1445 illo
1426 1380 1630 1459 vultu,
1685 1404 1818 1467 quo
1865 1381 1984 1445 sub
2035 1380 2258 1467 iugum
2307 1378 2540 1443 missus
2591 1390 2769 1453 ent,

318 1482 558 1533 Postumii
646 1474 665 1504 ‘
692 1466 890 1533 Haud
934 1490 1077 1533 sum
1122 1467 1416 1554 ignarus,'
1453 1467 1692 1568 inquit,
1754 1475 1776 1507 ‘
1795 1465 2106 1544 consules,
2153 1464 2568 1553 ignominiae,
2617 1486 2768 1529 non
2787 1488 2818 1523 ε

315 1548 627 1623 magnanima
648 1563 667 1591 6
690 1554 947 1619 honoris
994 1576 1186 1619 causa
1228 1576 1333 1619 me
1373 1575 1654 1641 primum
1698 1551 2048 1619 excitatum
2093 1552 2462 1637 iussumque
2507 1550 2766 1626 dicere,

312 1618 569 1663 sententia.
647 1648 669 1679 ‘
690 1663 821 1705 non
856 1654 1161 1727 tanquam
1194 1652 1570 1717 senatorem,
1599 1638 1714 1705 sed
1751 1652 2056 1727 tanquam
2094 1660 2277 1703 reum
2303 1660 2436 1724 qua
2473 1636 2768 1701 infelicis

647 1735 667 1765 ‘
688 1726 857 1803 belli,
889 1750 1019 1813 qua
1044 1726 1504 1813 ignominiosae
1653 1726 1721 1790 is.
1798 1724 1940 1812 Ego
1969 1737 2204 1801 tamen,
2235 1723 2498 1811 quando
2531 1744 2764 1810 neque

643 1821 665 1851 ‘
684 1811 767 1876 de
812 1834 984 1876 noxa
1022 1824 1238 1876 nostra
1276 1834 1361 1875 ne
1408 1835 1489 1877 ue
1575 1835 1614 1877 e
1657 1834 1866 1899 poe-na
1905 1810 2224 1887 retulisti&
2255 1809 2490 1875 omissa
2519 1808 2762 1875 defen-

642 1906 663 1937 ‘
682 1897 882 1975 sione,
958 1920 1077 1961 uae
1106 1919 1239 1961 non
1268 1836 1643 1962 diflqciffima
1669 1911 1835 1963 esset
1861 1897 2034 1986 apud
2061 1896 2236 1962 haud
2262 1896 2518 1983 ignaros
2544 1895 2760 1961 fortu-

642 1992 662 2023 ‘
682 2006 909 2049 narum
984 2006 1357 2049 umanarum
1389 1984 1983 2071 necessitatumque,
2005 1982 2386 2049 sententiam
2414 1982 2502 2047 de
2529 2005 2636 2060 eo,
2667 1982 2756 2047 de

642 2080 663 2109 ‘
682 2094 815 2157 quo
842 2069 1162 2147 retulistis,
1192 2070 1411 2158 paucis
1440 2092 1777 2158 peragam:
1823 2093 1988 2157 quae
2027 2068 2345 2135 sententia
2381 2068 2564 2133 testis
2603 2069 2754 2145 erit,

642 2166 661 2196 6
684 2156 951 2236 mihine,
983 2180 1065 2222 an
1112 2156 1469 2244 legionibus
1513 2156 1735 2221 vestris
1779 2155 2194 2244 pepercerim,
2229 2178 2432 2242 quum
2475 2177 2586 2219 me
2633 2178 2752 2223 seu

640 2253 661 2281 ‘
685 2245 854 2331 turpi
911 2267 1027 2309 seu
1082 2244 1433 2309 necessaria
1603 2243 1826 2307 usione
1876 2242 2204 2308 obstrinxi.
2300 2241 2453 2318 Qua
2504 2254 2750 2319 tamen,

639 2339 659 2370 ‘
682 2330 940 2417 quando
968 2330 1213 2395 iniussu
1250 2328 1473 2418 populi
1601 2342 1668 2393 ta
1695 2342 1812 2407 est,
1841 2352 1972 2395 non
2010 2341 2264 2395 tenetur
2296 2328 2576 2416 populus
2609 2327 2752 2393 Ro-

640 2424 659 2454 ‘
682 2438 945 2493 manus3
992 2440 1115 2481 nec
1144 2417 1295 2504 quic
1342 2438 1491 2481 uam
1519 2438 1601 2480 ex
1637 2439 1732 2493 ea,
1763 2427 2206 2503 praeterquam
2234 2438 2502 2503 corpora
2527 2428 2756 2481 nostra

641 2512 660 2541 ‘
680 2502 998 2569 debentur
1042 2502 1312 2569 Samniti
1358 2526 1447 2568 us.
1569 2502 1904 2567 Dedamur
1951 2524 2068 2589 per
2108 2501 2350 2567 fetiales
2393 2500 2559 2566 nudi
2601 2502 2754 2567 vin-

640 2598 660 2627 ‘
682 2590 935 2676 ctiquez
968 2589 1365 2655 exsolvamus
1384 2588 1692 2676 religione
1709 2587 2040 2676 populum,
2059 2588 2112 2652 si
2130 2610 2260 2675 qua
2279 2586 2746 2675 obligavimus3

640 2685 661 2715 ‘
682 2699 764 2741 ne
796 2676 955 2763 quid
982 2676 1183 2741 divini
1215 2675 1560 2741 humanive
1594 2676 1822 2752 obstet,
1850 2698 1984 2763 quo
2016 2674 2228 2739 minus
2261 2674 2500 2739 iustum
2530 2674 2752 2761 pium-

640 2772 661 2801 ‘
682 2785 811 2862 que
853 2762 935 2829 de
978 2762 1228 2849 integro
1272 2763 1526 2828 ineatur
1570 2760 1827 2827 bellum.
1919 2760 2174 2827 Interea
2216 2760 2509 2826 consules
2553 2783 2750 2825 exer-

640 2858 659 2887 ‘
680 2861 879 2913 citum
906 2848 1201 2926 scribere,
1230 2870 1492 2926 armare,
1523 2848 1796 2913 educere
1825 2847 2074 2936 placet3
2121 2870 2242 2913 nec
2275 2848 2454 2935 prius
2485 2846 2748 2934 ingredi

639 2943 658 2972 ‘
678 2933 957 2997 hostium
996 2933 1175 3011 fines,
1206 2956 1399 3019 quam
1438 2934 1656 2999 omnia
1698 2934 1864 3000 iusta
1907 2934 1978 2999 in
2017 2933 2410 2999 deditionem
2457 2946 2746 2999 nostram

637 3028 657 3057 6
678 3017 957 3106 perfecta
1000 3031 1207 3083 erunt.
1299 3017 1454 3097 Vos,
1494 3020 1589 3084 dii
1633 3020 2038 3098 immortales,
2081 3041 2307 3171 prr-ecor
2347 3042 2742 3107 quaesoque,

637 3115 657 3145 ‘
676 3106 731 3171 si
758 3103 937 3170 vobis
971 3127 1103 3169 non
1129 3104 1254 3169 fuit
1287 3105 1483 3184 cordi,
1520 3106 1628 3194 Sp.
1650 3106 2072 3184 Postumium,
2167 3153 2184 3170 .
2206 3104 2550 3171 Veturium
2585 3128 2742 3171 con·

638 3202 657 3231 ‘
678 3192 847 3257 sules
872 3214 1022 3257 cum
1057 3191 1447 3258 Samnitibus
1472 3216 1772 3281 prospere
1802 3191 2042 3258 bellum
2069 3214 2326 3280 gerere3
2359 3205 2427 3257 at
2446 3214 2561 3257 vos
2589 3192 2742 3257 satis

638 3288 657 3317 6
679 3278 981 3356 habeatis,
1010 3279 1240 3345 vidisse
1282 3301 1401 3344 nos
1438 3281 1556 3344 sub
1596 3280 1818 3365 iugum
1859 3280 2098 3356 missos,
2129 3278 2360 3343 vidisse
2395 3278 2739 3366 sponsione

637 3375 657 3404 6
678 3365 899 3431 infami
920 3364 1248 3453 obligatos,
1270 3365 1484 3431 videre
1515 3365 1723 3430 nudos
1743 3366 2116 3452 vinctosque
2145 3363 2434 3430 hostibus
2462 3364 2740 3443 deditae,

636 3460 658 3490 ‘
676 3474 934 3519 omnem
962 3452 1121 3517 iram
1149 3452 1427 3518 hostium
1456 3451 1686 3517 nostris
1708 3452 2020 3539 capitibus
2039 3450 2182 3516 exci
2227 3451 2452 3516 ientee.
2513 3449 2740 3517 Novus

636 3547 656 3576 ‘
678 3538 967 3605 consules
1016 3538 1426 3627 legionesque
1476 3537 1800 3603 Romanas
1844 3538 1936 3601 ita
1981 3560 2130 3603 cum
2331 3537 2467 3601 nite
2513 3560 2736 3624 gerere

637 3633 656 3662 ‘
678 3624 916 3688 bellum
963 3623 1189 3703 velitis,
1242 3637 1317 3689 ut
1372 3614 1588 3689 omnia
1636 3637 1785 3690 ante
1835 3646 1953 3688 nos
2001 3621 2294 3689 consules
2343 3622 2512 3688 bella
2559 3638 2740 3711 gesta

637 3718 657 3748 ‘
678 3710 865 3772 sunt!
956 3710 1143 3785 Quae
1202 3711 1313 3775 ubi
1361 3710 1548 3788 dixit,
1601 3723 1780 3775 tanta
1833 3708 2022 3774 simul
2079 3708 2420 3774 admiratio
2479 3710 2740 3775 misera-

634 3795 849 3881 tioque
895 3794 1015 3859 viri
1060 3796 1317 3861 incessit
1362 3819 1603 3875 omneS,
1643 3809 1718 3862 ut
1763 3796 1954 3861 modo
2000 3796 2110 3861 vix
2155 3796 2508 3875 crederent,
2551 3796 2736 3863 illum

705 3988 724 4021 1
762 3974 1163 4038 Sonenntbmque
1188 3975 1645 4036 senatusconsultis]
1711 3976 1899 4036 retulit,
1927 3974 2050 4023 nihil
2082 3974 2412 4024 humanarum
2445 3990 2610 4024 rerum
2643 3976 2737 4025 eibi

636 4038 795 4087 Erant
826 4038 1067 4099 quaedam
1103 4038 1168 4087 ad
1202 4036 1458 4100 religiones
1500 4038 1648 4100 perti-
1713 4039 1865 4102 prius,
1885 4054 2034 4101 quam
2067 4040 2130 4089 de
2161 4054 2244 4088 me
2273 4040 2520 4103 agendum
2547 4039 2734 4089 iudicu-

634 4102 819 4159 nentia,
840 4103 903 4151 de
923 4102 1101 4164 quibus
1120 4102 1291 4151 consul
1312 4102 1649 4165 magistratum
1715 4102 1837 4153 vit.”
1869 4104 2031 4154 cmv.

632 4165 790 4214 iniens
810 4181 872 4213 ex
894 4166 1105 4215 sollenni
1130 4182 1265 4215 more
1285 4171 1510 4215 senatum
1533 4182 1646 4215 con·
1775 4182 1804 4215 2
1834 4169 1994 4216 Haud
2009 4182 2121 4216 eum
2141 4168 2375 4231 ianam]
2413 4166 2590 4217 Oratio
2611 4168 2736 4217 haee

632 4229 839 4275 uniebat.
873 4228 980 4278 Cic.
1014 4235 1127 4291 post
1158 4230 1367 4277 reditum
1400 4230 1465 4276 ad
1500 4230 1644 4285 Quir.
1709 4231 1810 4279 fere
1819 4230 2002 4292 Reguli
2019 4230 2332 4291 sententiam,
2343 4232 2542 4293 sacie-
2556 4232 2624 4282 de
2635 4234 2736 4284 off.

638 4302 657 4334 ι
671 4302 709 4336 1.
731 4291 765 4315 66
782 4290 1025 4339 Kalendis
1054 4292 1293 4339 Ianuariis
1321 4293 1379 4339 P.
1404 4292 1648 4340 Lentulus
1709 4292 1778 4343 iii.
1803 4292 1882 4343 26.
1901 4294 2180 4345 adumbrat.

632 4350 817 4411 consul,
838 4351 982 4400 simul
1012 4369 1071 4401 ac
1092 4354 1155 4403 de
1174 4354 1385 4403 sollenni
1414 4353 1645 4415 religione
