3000 4784
852 228 1041 295 LIB.
1091 230 1178 297 X.
1239 230 1458 296 CAP.
1510 238 1566 297 9.
2124 238 2247 301 567

116 363 294 441 tulit,
322 362 718 449 diligentius
747 377 1044 429 sanctam.
1109 364 1328 451 Tertio
1355 388 1432 430 ea
1459 379 1595 430 tum
1625 377 1767 453 post
1785 389 1971 455 reges
1992 380 2247 433 exactos
2266 387 2334 437 U.
2356 388 2415 437 c.
2440 400 2549 449 45²·

115 450 252 515 lata
313 464 446 527 est,
508 472 760 536 semper
807 473 848 513 a
893 450 1132 515 familia
1186 451 1426 516 eadem.
1522 450 1797 517 Causam
1848 453 2243 519 renovandae
2263 452 2323 501 A.
2358 453 2419 525 C,-
2440 466 2548 513 300·

113 537 388 625 saepius
431 536 618 601 haud
650 536 836 600 aliam
865 536 1054 601 fuisse
1095 559 1254 613 reor,
1285 560 1476 626 quam
1507 539 1681 626 quod
1718 538 1862 626 plus
1900 562 2243 628 paucorum
2258 520 2535 629 {effiffl

114 646 302 711 opes,
363 646 579 711 quam
629 621 880 687 libertas
930 623 1148 712 plebis,
1196 638 1509 725 poterant.
1604 626 1829 691 Porcia
1876 639 2089 691 tamen
2140 627 2244 693 lex

113 710 256 775 sola
301 732 440 797 pro
491 722 674 797 tergo
715 710 949 788 ciyium
988 710 1116 775 lata
1151 710 1440 775 videtur:
1489 712 1664 800 quod
1707 712 1882 800 gravi
1926 736 2150 802 poena,
2191 714 2245 778 si

114 798 270 883 quis
308 798 724 862 verberasset
757 810 1114 862 necassetve
1149 798 1352 862 civem
1382 797 1767 876 Romanum,
1798 800 2024 864 sanxit.
2114 800 2245 865 Va-

111 882 284 947 leria
312 882 460 961 lex,
489 906 692 970 quum
713 905 882 961 eum,
907 884 1019 971 qui
1047 897 1458 970 provocasset,
1481 885 1672 972 virgis
1692 885 1891 963 caedi,
1914 886 2243 974 securique

117 970 350 1035 necari
402 968 736 1046 vetuisset,
782 970 837 1034 si
883 970 1026 1056 quis
1071 969 1365 1035 adversus
1409 993 1487 1035 ea
1530 971 1798 1049 fecisset,
1846 971 2008 1036 nihil
2058 972 2240 1049 ultra,

115 1078 328 1143 quam
359 1057 462 1121 im
515 1057 665 1121 robe
695 1056 950 1133 factum,
980 1055 1227 1121 adiecit.
1319 1054 1400 1119 Id
1432 1056 1579 1143 (qui
1618 1069 1755 1121 tum
1792 1057 2002 1144 pudor
2038 1058 2243 1124 homi-

115 1166 286 1207 num
319 1156 480 1208 erat
532 1142 756 1220 visum,
779 1142 988 1219 credo,
1012 1142 1336 1207 vinculum
1365 1143 1515 1207 satis
1534 1141 1811 1207 validum
1841 1142 2031 1231 legis:
2068 1167 2241 1209 nunc

115 1229 230 1293 vix
263 1230 452 1295 serio
487 1230 578 1295 ita
605 1229 884 1294 minetur
910 1230 1020 1317 qui
1095 1251 1260 1294 uam.
1824 1234 1829 1239 ’

211 1314 497 1381 Bellum
529 1316 609 1381 ab
631 1314 856 1381 eodem
884 1338 1080 1381 consu
1105 1338 1141 1379 e
1170 1314 1662 1403 haudquaquam
1696 1317 2099 1381 memorabile
2129 1316 2241 1381 ad-

119 1425 354 1467 versus
411 1402 795 1467 rebellantes
839 1402 1123 1490 Aequos,
1173 1425 1372 1490 quum
1420 1415 1669 1489 praeter
1716 1402 1958 1468 animos
2001 1402 2241 1469 feroces

119 1488 293 1553 nihil
327 1512 424 1554 ex
456 1490 723 1577 antiqua
749 1488 1002 1554 fortuna
1028 1488 1354 1565 haberent,
1383 1504 1633 1576 gestum
1666 1502 1778 1553 est.
1870 1488 2057 1555 Alter
2088 1513 2241 1555 con-

119 1574 226 1639 sul
259 1575 644 1664 Appuleius
673 1576 742 1639 in
773 1574 1044 1640 Umbria
1074 1573 1449 1663 Nequinum
1479 1574 1784 1663 oppidum
1818 1576 2234 1641 circumsedit.

123 1660 356 1727 Locus
388 1676 534 1727 erat
561 1661 812 1739 arduus,
853 1675 1045 1748 atque
1085 1661 1152 1725 in
1191 1674 1370 1749 parte
1409 1684 1541 1726 una
1578 1684 1896 1749 praeceps,
1928 1663 2039 1727 ubi
2067 1685 2239 1727 nunc

125 1746 396 1813 Narnia
458 1748 579 1814 sita
633 1762 766 1814 est:
833 1770 954 1813 nec
1011 1748 1094 1825 vi,
1147 1771 1267 1813 nec
1322 1748 1719 1813 munimento
1776 1771 1851 1813 ca
1894 1748 1917 1812 i
2058 1760 2237 1814 terat.

123 1832 372 1922 Itaque
406 1858 555 1900 eam
589 1835 883 1900 infectam
921 1857 1054 1899 rem
1086 1833 1181 1900 M.
1211 1834 1467 1900 Fulvius
1496 1834 1819 1912 Paetinus‚
1850 1771 1930 1899 ἓ.
1958 1772 2239 1900 fflnlius
2257 1845 2324 1896 U.
2347 1848 2407 1898 c.
2431 1861 2539 1910 453·

127 1919 540 2009 Torquatus,
597 1922 746 1986 novi
803 1921 1110 1998 consules,
1171 1934 1568 2008 acceperunt.
1660 1920 1739 1986 In
1798 1944 1947 1987 eum
1998 1945 2238 1988 annum
2254 1913 2316 2025 ᾗ
2345 1912 2541 2024 gns?-

127 2030 344 2093 quum
388 2007 480 2084 Q
507 2008 772 2073 Fabium
811 2008 1133 2072 consulem
1173 2030 1304 2072 non
1341 2020 1667 2095 petentem
1707 2030 1927 2072 omnes
1954 2008 2239 2074 dicerent
2254 1990 2542 2089 TJManlig'

129 2096 500 2171 centuriae,
526 2095 548 2159 i
621 2117 731 2159 um
761 2106 1083 2159 auctorem
1103 2093 1292 2157 fuisse
1317 2093 1541 2159 Macer
1564 2094 1849 2157 Licinius
1878 2117 1950 2158 ac
1980 2093 2237 2160 Tubero
2254 2105 2388 2155 Coss.

131 2181 414 2247 tradunt
450 2181 519 2246 di
567 2180 788 2247 erendi
825 2180 944 2244 sibi
979 2178 1340 2244 consulatus
1373 2180 1444 2242 in
1475 2179 1930 2243 bellicosiorem
1960 2203 2233 2245 annum:

131 2288 212 2331 eo
245 2290 433 2333 anno
473 2267 692 2332 maiori
727 2290 792 2331 se
833 2266 976 2331 usui
1015 2264 1396 2353 reipublicae
1424 2265 1578 2343 fore,
1610 2266 1851 2330 urbano
1888 2284 2066 2352 gesto
2108 2290 2239 2332 ma-

131 2353 454 2438 gistratu:
503 2354 592 2419 ita
619 2376 738 2419 nec
767 2352 1285 2429 dissimulantem,
1310 2350 1466 2439 quid
1495 2351 1728 2429 mallet,
1760 2374 1879 2417 nec
1907 2364 2234 2440 petentem

135 2452 384 2519 tamen,
419 2439 690 2505 aedilem
735 2440 1018 2505 curulem
1061 2461 1208 2504 cum
1251 2439 1327 2503 L.
1355 2438 1611 2525 Papirio
1658 2437 1931 2503 Cursore
1976 2440 2230 2504 factum.

136 2523 220 2589 Id
261 2550 350 2593 ne
391 2550 512 2615 pro
555 2540 726 2592 certo
771 2548 1094 2614 ponerem,
1126 2525 1428 2591 vetustior
1472 2524 1794 2590 annalium
1833 2539 2052 2590 auctor
2083 2526 2235 2591 Piso

135 2614 404 2690 effecit3
451 2613 564 2700 qui
593 2636 672 2679 eo
710 2636 878 2679 anno
917 2612 1152 2677 aediles
1191 2611 1438 2677 curules
1465 2611 1653 2676 fuisse
1686 2611 1876 2676 tradit
1908 2610 1985 2676 C.
2008 2611 2235 2677 Domi-

139 2698 306 2764 tium
363 2700 490 2765 Cn.
517 2699 584 2767 F.
615 2699 954 2765 Calvinum
1001 2710 1068 2763 et
1117 2698 1221 2785 Sp.
1255 2697 1604 2762 Carvilium
1648 2696 1731 2773 Q.
1758 2696 1826 2762 F.
1852 2697 2231 2764 Maximum.

141 2782 220 2849 Id
251 2788 452 2853 credo
487 2809 838 2873 cognomen
873 2807 1148 2850 errorem
1183 2785 1250 2847 in
1285 2782 1593 2849 aedilibus
1620 2783 1837 2849 fecisse
1860 2808 1879 2862 ;
1926 2799 2236 2850 secutam-

142 2893 271 2957 que
302 2873 584 2939 fabulam
613 2874 874 2938 mixtam
915 2894 998 2937 ex
1036 2870 1338 2935 aediliciis
1376 2883 1443 2935 et
1480 2871 1910 2937 consularibus
1943 2872 2233 2949 comitiis,

143 2960 636 3025 convenientem
666 2958 876 3025 errori.
969 2956 1056 3022 Et
1091 2956 1358 3023 lustrum
1397 2980 1476 3023 eo
1516 2980 1685 3022 anno
1724 2958 2051 3023 conditum
2090 2982 2129 3024 a
2156 2960 2230 3025 P.

149 3042 534 3135 Sempronio
589 3044 803 3147 Sopho
855 3060 920 3111 et
963 3043 1037 3110 P.
1075 3044 1354 3144 Sulpicio
1409 3042 1779 3110 Saverrione
1831 3046 2230 3112 censoribus:

99 3120 130 3165 8
149 3132 482 3220 tribusque
540 3131 790 3197 addltae
851 3132 1036 3209 duae,
1084 3131 1384 3195 Arnensis
1432 3154 1507 3195 ac
1566 3130 1931 3197 Terentina.
2054 3132 2234 3197 Haec
2254 3144 2431 3194 Tribus
2450 3160 2532 3195 no-

99 3198 130 3245 9
153 3216 402 3285 Romae
431 3232 622 3307 gesta.
2252 3224 2360 3259 ¹⁷⁸⁰·

151 3412 262 3473 436.
277 3430 410 3476 supr.
425 3415 490 3463 ix.
507 3416 788 3479 20,aplebe
801 3412 1034 3461 sancitam
1049 3411 1162 3461 fuis-
1227 3413 1346 3461 dum
1379 3412 1472 3460 hac
1506 3414 1630 3473 lege,
1658 3428 1721 3461 ne
1754 3411 1895 3474 virgis
1927 3411 2105 3460 civium
2141 3417 2233 3461 ter-

153 3492 204 3524 se
218 3486 386 3527 censet
401 3478 638 3528 Niebuhr.
687 3480 800 3526 Hac
818 3479 940 3540 lege,
954 3479 1164 3539 exceptis
1226 3492 1342 3539 gum
1365 3477 1662 3535 caederetur,
1682 3481 1879 3524 cautum
1902 3476 2007 3525 fuit.
2036 3476 2201 3526 Dota-

147 3544 374 3601 persom's
392 3544 694 3607 quibusdam,
714 3544 882 3592 ceteris
899 3544 1015 3604 plns
1035 3542 1162 3590 mille
1295 3552 1320 3602 7
1335 3540 1482 3588 Nihil
1499 3541 1651 3598 ultra,
1663 3541 1833 3603 quam]
1854 3540 2110 3589 Hactenus
2126 3542 2233 3590 nul—

153 3608 344 3655 assibus
383 3608 648 3669 laqueorum
701 3609 891 3655 nemim
939 3608 1162 3655 mortisve
1226 3604 1276 3651 la
1299 3618 1456 3665 poena
1473 3603 1681 3651 violatae
1703 3603 1821 3666 legis
1836 3604 2099 3653 constituta
2113 3610 2234 3665 erat,

155 3684 308 3719 causa
357 3688 532 3733 capere
587 3673 874 3733 pov-'nissum
925 3684 1025 3717 non
1075 3675 1160 3718 ess.
1225 3668 1312 3715 sed
1331 3667 1530 3715 arbitrio
1549 3666 1851 3715 tribunorum
1882 3683 1959 3717 res
1986 3669 2233 3731 permitte-

159 3734 218 3781 εἰ.
244 3734 360 3783 Gaii
383 3735 504 3783 Inst.
535 3734 584 3784 ii.
615 3735 642 3793 5
675 3746 782 3796 225.
825 3734 958 3796 Hug.
983 3732 1160 3781 Gesch.
1227 3732 1383 3780 batur.

157 3796 245 3845 des
280 3800 342 3847 R.
384 3799 586 3848 Rechts.
619 3801 647 3857 ἕ
680 3797 783 3861 169.
817 3796 1079 3858 Theophil.
1111 3795 1160 3844 ii.
1291 3796 1320 3843 8
1359 3796 1624 3859 Tribusque
1644 3797 1838 3846 additae
1856 3798 2010 3858 duae]
2064 3798 2147 3847 Its
2177 3804 2235 3847 ut

161 3874 236 3909 22.
303 3864 400 3911 Sed
429 3863 480 3911 in
511 3864 595 3911 Or.
630 3878 717 3924 pro
749 3861 890 3910 Balb.
919 3862 963 3909 8.
988 3862 1040 3909 0.
1061 3862 1162 3908 ΡΨ
1225 3864 1323 3909 tres
1343 3866 1394 3908 et
1414 3858 1611 3923 triginta
1632 3860 1729 3909 iam
1751 3861 1909 3909 factae
1930 3860 2123 3910 fuerint.

159 3926 288 3973 rium
309 3928 464 3989 legem
490 3928 656 3975 tulisse
676 3925 848 3976 Cicero
869 3924 1048 3973 scribit.
1287 3939 1321 3988 9
1342 3926 1576 3974 Aniensis
1595 3940 1654 3973 ac
1678 3927 1963 3984 Terentina]
1984 3926 2044 3973 In
2060 3924 2234 3987 quibus

225 4002 252 4050 5
285 3992 482 4053 Semper
502 4007 535 4038 α
544 3992 747 4052 familia
767 3991 955 4048 cadon]
996 3988 1162 4037 Primo
1226 3989 1438 4049 Aequos,
1459 3988 1634 4063 quibus
1666 3988 1836 4037 civitas
1866 3990 1982 4036 data
2014 3992 2133 4047 erat,
2158 4002 2231 4035 so-

162 4067 194 4099 a
215 4053 468 4103 Publicola
488 4069 618 4116 supr.
639 4054 690 4104 ii.
708 4056 752 4105 8.
775 4054 988 4102 secundo
1007 4068 1040 4101 a
1061 4053 1160 4101 Va-
1229 4053 1302 4100 los
1337 4054 1603 4115 descriptos
1639 4052 1785 4100 fuisse
1822 4057 1987 4100 censet
2026 4051 2231 4100 Niebhr.

163 4116 278 4165 letio
300 4120 464 4168 Potito
486 4118 552 4167 iii.
578 4132 654 4181 55.
1227 4116 1292 4165 iii.
1325 4132 1374 4165 n.
1408 4130 1521 4179 474.
1574 4116 1806 4163 Anien-«¹⁶³
1842 4114 1971 4176 regio
2004 4113 2055 4162 in
2092 4130 2231 4177 supe-

225 4180 256 4229 6
282 4184 462 4235 Porcia
557 4184 660 4242 leae]
681 4182 846 4239 Quam
869 4182 1026 4243 legem
1048 4181 1164 4230 tulit
1230 4180 1350 4229 τίοι-ο
1387 4186 1523 4243 parte
1562 4179 1765 4227 Anienis
1800 4176 1957 4225 amnis
1986 4184 2105 4237 erat,
2137 4178 2232 4227 Te-

169 4244 365 4295 !'orce'us
385 4249 556 4303 Leuca,
574 4247 796 4294 tribunus
817 4246 883 4307 pl.
907 4262 987 4294 an.
1011 4244 1078 4294 U.
1104 4246 1160 4294 C.
1227 4244 1418 4291 rentina
1453 4244 1584 4291 haud
1627 4242 1793 4304 procul
1837 4241 2141 4305 Arpinatium
2182 4250 2234 4293 et

167 4308 272 4367 556.
319 4312 381 4362 cf.
413 4311 604 4359 Ernest.
637 4308 686 4357 in
721 4310 859 4359 clav.
894 4308 1000 4357 Cic.
1063 4310 1164 4357 Pro
1229 4307 1500 4356 Atinatium
1536 4322 1662 4369 agro.
1708 4306 1769 4354 cf.
1800 4307 1905 4357 Cic.
1940 4322 2026 4369 pro
2062 4307 2234 4360 Plane.

166 4378 307 4434 tergo,
329 4375 376 4424 h.
399 4390 443 4424 c.
477 4374 528 4422 in
568 4372 770 4436 gratiam
811 4372 988 4421 civium
1026 4372 1163 4433 tergi,
1233 4368 1304 4420 16.
