3000 4784
871 184 1063 250 LIB.
1121 183 1172 249 Ι.
1243 183 1464 250 CAP.
1522 189 1626 250 35.
2212 193 2306 251 '43

175 317 448 396 vitandi,
480 318 974 406 beneficiisque,
1005 343 1166 406 quoe
1199 334 1465 408 poterat,
1508 321 1628 386 sibi
1666 319 2085 398 conciliando,
2128 323 2308 386 adiu-

177 407 402 482 vabat3
459 405 691 470 donec
732 406 799 470 in
843 407 1082 494 regiam
1127 429 1386 493 quoque
1430 408 1513 472 de
1558 430 1639 472 eo
1678 407 1849 471 fama
1890 407 2131 496 perlata
2174 421 2305 473 est:

175 491 622 578 notitiamque
673 515 812 556 eam
855 493 1054 571 brevi,
1100 493 1272 578 apud
1315 515 1533 594 regem
1572 493 1917 558 liberaliter
1954 493 2307 580 dextreque

173 577 484 642 obeundo
531 578 794 655 officia,·‘
811 579 882 642 in
923 579 1248 643 familiaris
1289 581 1605 644 amicitiae
1652 579 2007 644 adduxerat
2048 580 2203 657 iura,
2234 594 2310 646 ut

175 663 454 749 publicis
504 664 759 751 pariter
807 687 881 728 ac
931 663 1192 752 privatis
1233 665 1512 730 consiliis
1556 664 1713 731 belli
1754 664 2057 752 domique
2110 666 2309 730 inter-

175 762 376 848 esset:
423 763 515 826 et,
549 773 680 838 per
707 751 922 815 omnia
947 763 1268 837 expertae,
1301 765 1624 838 postremo
1664 765 1837 818 tutor
1870 751 2065 816 etiam
2092 749 2308 818 liberis

369 847 776 902 testamento
805 836 1257 902 institueretur.

503 922 605 987 vit
670 923 894 988 Ancus
959 945 1158 988 annos
1224 936 1529 1010 quattuor
1598 937 1665 990 et
1728 925 1975 1014 viginti,
2042 925 2308 992 cuilibet
2430 925 2533 984 35·

171 1027 592 1092 superiorum
633 1031 861 1095 regum
898 1008 1050 1073 belli
1087 1009 1388 1096 pacisque
1433 1023 1502 1076 et
1544 1011 1784 1076 artibus
1822 1025 1891 1076 et
1926 1011 2130 1098 gloria
2216 1035 2302 1076 ar.
2324 1005 2537 1055 Moritur

173 1091 311 1156 Iam
357 1093 483 1158 filii
538 1117 750 1182 prope
801 1096 1110 1181 puberem
1159 1108 1432 1160 aetatem
1478 1110 1706 1161 erant:
1768 1119 1849 1162 eo
1900 1097 2101 1185 magis
2207 1119 2307 1162 ar-
2324 1069 2507 1119 ΔΝΜ·

215 1178 438 1244 ninius
491 1180 764 1257 instare,
817 1192 892 1245 ut
983 1203 1132 1244 uam
1188 1182 1468 1268 primum
1520 1183 1781 1246 comitia
1836 1182 1972 1268 regi
2028 1184 2305 1249 creando

217 1277 424 1330 erent.
562 1266 824 1342 Quibus
881 1267 950 1330 in
999 1266 1158 1344 ἀίει,
1229 1268 1349 1332 sub
1407 1279 1660 1354 tempus
1716 1289 1947 1366 pueros
2004 1281 2305 1333 venatum

171 1349 540 1450 ablegavit:
597 1354 784 1440 isque
834 1353 1076 1440 primus
1125 1364 1194 1418 et
1243 1353 1475 1440 petisse
1528 1353 1859 1417 ambitiose
1904 1375 2194 1440 regnum,
2240 1367 2305 1419 et
2322 1358 2621 1422 Tarquinius

173 1449 541 1502 orationem
589 1438 830 1502 dicitur
869 1437 1163 1504 babuisse
1211 1438 1296 1504 ad
1339 1438 1771 1503 conciliandos
1812 1438 2019 1526 plebis
2060 1439 2305 1504 animos
2320 1437 2523 1536 §gnum
2532 1439 2634 1473 ⁸¹¹²·

173 1524 648 1622 compositam:
698 1533 719 1562 ‘
745 1523 966 1601 Quum
1009 1547 1078 1589 ee
1120 1547 1254 1589 non
1304 1547 1440 1589 rem
1483 1547 1715 1589 novam
1760 1538 2015 1612 petere:
2065 1525 2303 1612 quippe

177 1614 197 1642 ‘
219 1629 333 1692 qm
363 1632 506 1674 non
537 1610 808 1698 primm,
832 1611 1007 1697 quod
1035 1611 1375 1698 quiequam
1403 1611 1727 1697 indignari
1755 1611 2047 1675 mirarive
2255 1625 2302 1691 t,

177 1701 198 1730 ⁶
217 1694 331 1758 sed
364 1697 610 1762 tertius
641 1696 886 1761 Romae
915 1697 1288 1784 peregrinus
1317 1719 1588 1784 regnum
1610 1697 1901 1761 affectet:
1944 1709 2011 1761 et
2040 1633 2305 1762 ‘fiatium

177 1787 200 1815 ⁴
217 1799 352 1844 non
379 1803 472 1846 ex
501 1782 850 1870 peregrino
877 1782 1105 1861 solum,
1151 1783 1265 1847 sed
1303 1783 1499 1847 etiam
1544 1804 1629 1847 ex
1667 1782 1871 1860 hoste,
1916 1804 2135 1869 regem
2172 1783 2305 1848 fac-

181 1871 202 1900 ‘
221 1877 390 1930 tum:
425 1881 500 1933 et
532 1867 845 1946 Numam,
869 1869 1162 1956 ignarum
1189 1869 1384 1945 urbiS,
1407 1891 1541 1932 non
1562 1880 1911 1956 petentem,
1933 1870 2004 1932 in
2032 1891 2303 1955 regnum

181 1949 392 2016 ‘ultro
421 1956 744 2018 accitum:
790 1966 928 2018 tum
957 1977 1044 2032 se,
1085 1976 1170 2018 ex
1209 1977 1340 2041 quo
1377 1954 1476 2018 sui
1514 1967 1745 2041 potens
1782 1955 1992 2030 fuerit,
2026 1954 2301 2019 Romam

185 2043 205 2073 ‘
223 2057 372 2101 cum
401 2040 688 2126 coniuge
717 2063 792 2104 ac
820 2039 1090 2104 fortunis
1127 2040 1426 2105 omnibus
1465 2039 1947 2126 commigrasse:
1995 2041 2301 2105 maiorem

185 2129 204 2158 ‘
365 2147 474 2190 em
493 2127 726 2191 aetatis
747 2125 903 2203 eius,
923 2147 1054 2211 qua
1073 2123 1364 2190 civilibus
1381 2125 1603 2189 officiis
1864 2138 1967 2189 tur
1986 2125 2301 2204 homines,

188 2215 207 2244 ‘
333 2231 480 2276 mae
503 2236 600 2292 se,
625 2235 818 2299 quam
839 2213 910 2275 in
932 2225 1146 2276 vetere
1167 2211 1392 2297 patria,
1415 2211 1673 2274 vixisse:
1707 2211 1883 2275 domi
1906 2211 2299 2298 militiaeque

189 2301 208 2330 ‘
225 2296 344 2360 sub
383 2298 568 2364 haud
610 2296 1002 2386 poenitendo
1041 2296 1360 2383 magistro,
1401 2296 1543 2384 ipso
1578 2297 1762 2361 Anco
1799 2320 1970 2384 rege,
2004 2297 2301 2363 Romana

189 2387 208 2418 ‘
227 2401 292 2444 se
331 2383 495 2462 iura,
531 2385 862 2450 Romanos
899 2385 1057 2450 ritus
1085 2383 1416 2448 didicisse:
1465 2383 1771 2468 obsequio
1806 2396 1874 2446 et
1903 2385 2301 2448 observantia

189 2473 210 2502 ‘
229 2465 299 2530 in
323 2491 552 2556 regem
583 2493 732 2536 cum
777 2469 1090 2546 omnibuS,
1109 2532 1118 2541 ,
1134 2469 1531 2554 benignitate
1572 2489 1723 2554 erga
1761 2468 1917 2532 alios
1960 2491 2107 2532 eum
2147 2490 2297 2555 rege

89 2584 100 2588 -
191 2558 210 2589 ‘
230 2551 366 2638 ipso
393 2557 711 2622 certasse?
783 2555 966 2620 Haec
995 2577 1146 2620 eum
1173 2554 1348 2618 haud
1373 2553 1531 2618 falsa
1558 2566 2017 2618 memorantem
2050 2554 2296 2640 ingenti
2318 2565 2385 2615 U.
2408 2567 2468 2616 c.
2497 2570 2602 2628 138.

191 2657 504 2708 consensu
550 2641 826 2742 populus
870 2641 1201 2706 Romanus
1251 2661 1517 2726 regnare
1566 2638 1765 2703 iussit.
1859 2639 2032 2727 Ergo
2069 2640 2296 2718 virum,
2317 2630 2471 2741 ‘12:⁶59'
2493 2629 2604 2692 ⁶¹4·

191 2737 400 2791 cetera
423 2751 779 2817 egregmm,
808 2739 1042 2804 secuta,
1075 2747 1268 2813 quam
1303 2726 1374 2789 in
1409 2725 1694 2825 petendo
1733 2725 2059 2802 habuerat,
2106 2726 2299 2790 etiam
2401 2697 2544 2756 ΨΜ·

193 2828 566 2896 regnantem
613 2815 877 2879 ambitio
927 2825 1041 2877 est.
1142 2811 1287 2876 Nec
1337 2833 1552 2876 minus
1601 2812 1783 2898 regni
1830 2812 1928 2876 sui
1978 2812 2295 2891 firmandi,

151 2913 180 2961 8
195 2915 381 2979 quam
439 2901 774 3001 augendae
839 2897 1244 2999 reipublicae,
1304 2919 1567 2975 memor,
1628 2910 1887 2963 centum
1946 2899 2015 2962 in
2075 2898 2297 2964 Patres

155 2977 380 3067 degit:
477 3011 549 3051 ui
583 2986 820 3051 deinde
861 3007 1178 3050 mmorum
1207 2985 1496 3071 gentium
1536 2997 1686 3049 sunt
1720 2985 2059 3072 appellati:
2102 2985 2296 3050 factio

195 3064 318 3132 hau
466 3073 620 3138 ubia
674 3072 860 3158 regie,
920 3070 1101 3135 cuius
1156 3071 1470 3135 beneficio
1537 3071 1603 3134 in
1670 3071 1911 3135 curiam
1966 3085 2290 3136 venerant.

199 3148 446 3222 Bellum
475 3159 758 3246 primum
786 3179 932 3222 cum
964 3156 1212 3220 Latinis
1239 3157 1450 3256 gessit,
1481 3169 1549 3219 et
1577 3156 1885 3242 oppidum
1914 3157 2004 3221 ibi
2028 3155 2294 3243 Apiolas
2314 3167 2513 3216 Bellum

197 3237 256 3300 vi
299 3245 500 3330 cepit:
550 3243 913 3332 praedaque
954 3242 1106 3306 inde
1143 3263 1397 3317 maiore,
1431 3263 1624 3327 quam
1659 3254 1899 3328 quanta
1935 3243 2087 3306 belli
2125 3243 2293 3343 fama
2308 3247 2421 3345 '⁰3¹¹
2448 3233 2579 3282 Lati-

197 3321 412 3407 fuerat,
442 3345 715 3409 revecta,
747 3329 932 3394 ludos
969 3326 1334 3426 opulentius
1367 3326 1883 3413 instructiusque,
1926 3351 2119 3415 quam
2132 3415 2145 3428 '
2162 3351 2292 3415 pri-

163 3429 182 3467 1
202 3431 332 3477 ores
357 3439 558 3505 regen,
587 3416 758 3482 fecit.
851 3414 1025 3480 Tum
1067 3435 1346 3500 primum
1389 3412 1579 3490 circ0‚
1611 3412 1724 3499 qui
1766 3435 1939 3477 nunc
1979 3435 2292 3480 maxlmus

261 3599 292 3645 8
323 3601 528 3654 Genuum
569 3607 626 3652 in
661 3607 842 3652 Palm
876 3605 1018 3665 loqu]
1069 3604 1212 3660 Quos

202 3662 516 3715 trecentorum
535 3669 826 3716 Senatorum
847 3681 1106 3715 numerum
1127 3682 1208 3714 ex-

205 3722 398 3780 plevis-e
416 3731 582 3780 scribit
600 3731 868 3794 Dionysius
888 3729 956 3778 iii.
974 3729 1056 3792 67,
1075 3735 1126 3778 et
1147 3745 1209 3778 ex

207 3786 398 3843 plebeiis
429 3796 681 3843 adlectus:
733 3801 904 3843 contra
940 3809 1054 3842 vero
1089 3794 1208 3842 Nie-

207 3848 393 3906 buhn‘m
411 3859 502 3906 hoe
523 3859 734 3907 Luceres
753 3859 917 3917 husee,
933 3858 1016 3920 qui
1039 3873 1071 3906 a
1089 3859 1210 3906 Tul·

209 3911 254 3959 1⁰
284 3915 495 3970 Hostilio
524 3922 576 3970 in
609 3923 768 3971 curiae
798 3920 1046 3996 adscripti,
1079 3935 1210 3969 nunc

211 3979 392 4033 tandem
423 3985 474 4033 in
507 3991 730 4034 uenatum
763 3985 893 4034 viam
926 3985 1017 4034 nbi
1051 3984 1208 4034 muni-

215 4053 380 4096 verunt.
415 4049 620 4098 Niebhr.
643 4048 675 4098 i.
698 4063 748 4110 p.
773 4047 881 4112 296.

247 4120 296 4176 ,9
327 4113 578 4161 Minoo-um
594 4115 841 4174 yentium]
879 4111 1048 4160 Minus
1067 4111 1208 4175 insig-

215 4177 334 4218 mum
363 4175 671 4224 miliarum.
739 4175 940 4238 Nempe
970 4178 1210 4224 maiorum

209 4237 406 4304 &quium
427 4243 608 4290 Patres
627 4239 786 4288 habiti
808 4244 860 4287 et
879 4238 1000 4287 dicti
1023 4244 1137 4288 eunt
1157 4238 1210 4298 ii,

214 4307 287 4352 ‘1¹²¹
325 4301 552 4368 originem
595 4305 842 4354 ducebant
885 4304 948 4353 ab
991 4301 1052 4352 iis
1089 4317 1212 4365 quoe

1275 3603 1523 3651 Romulus
1554 3615 1617 3650 ex
1648 3599 1816 3662 primis
1845 3600 2101 3660 Romanis,
2122 3617 2181 3650 ac
2212 3603 2291 3652 de

1273 3666 1390 3714 inde
1431 3681 1496 3714 ex
1540 3663 1749 3724 Sabinis,
1785 3664 1837 3712 in
1878 3666 2049 3712 Patres
2092 3665 2291 3728 legerat.

1274 3731 1438 3779 Cnsv,
1522 3729 1637 3777 Hae
1670 3743 1783 3776 vero
1814 3743 1912 3776 non
1951 3727 2043 3776 nini
2074 3744 2182 3778 sero
2214 3745 2291 3778 ea-

1272 3795 1388 3842 dem
1431 3791 1685 3856 dignitate,
1722 3807 1821 3854 qua
1861 3791 2067 3840 maiores
2107 3799 2293 3855 genten,

1273 3863 1473 3906 ornatae
1491 3862 1620 3905 sunt.

1345 3935 1363 3969 1
1401 3921 1687 3978 Mae-imm]
1732 3919 1871 3967 Inter
1902 3919 2203 3968 Aventinum
2242 3926 2294 3968 et

1275 3985 1561 4033 Palatinum
1593 3991 1802 4042 montes,
1832 3997 1920 4044 per
1950 3983 2129 4030 vallem
2155 3985 2293 4032 Mur-

1273 4048 1380 4096 ciae
1429 4051 1620 4097 ductus.
1688 4048 1823 4095 Loca
1859 4045 2059 4107 quidem
2104 4047 2153 4094 in
2198 4047 2293 4093 hoc

1273 4111 1400 4160 circo
1414 4112 1617 4174 sing-ulie
1631 4109 1776 4158 curiis
1790 4110 2047 4171 assignata,
2064 4110 2126 4158 cf.
2144 4109 2292 4157 Dion.

1273 4174 1340 4224 iii.
1379 4174 1457 4224 68.
1498 4174 1631 4238 plebi
1674 4179 1841 4221 autem
1881 4189 1970 4220 sua
2010 4173 2293 4232 spectacula

1272 4239 1323 4286 in
1357 4239 1510 4301 pratis
1534 4236 1808 4297 Flaminiis,
1829 4235 1913 4284 ubi
1944 4239 2115 4297 postea
2138 4235 2295 4284 circus

1274 4302 1567 4362 Flaminius,
1586 4305 1740 4352 erant.
